<?xml version="1.0" encoding="UTF-8"?>
<!DOCTYPE html PUBLIC "-//W3C//DTD XHTML 1.0 Transitional//EN"
    "http://www.w3.org/TR/xhtml1/DTD/xhtml1-transitional.dtd">
<html xmlns="http://www.w3.org/1999/xhtml" xml:lang="en" lang="en">
 <head>
  <title>
</title>
<meta http-equiv="Content-Type" content="text/html;charset=utf-8" />
  <meta name='ocr-system' content='tesseract 3.04.00' />
  <meta name='ocr-capabilities' content='ocr_page ocr_carea ocr_par ocr_line ocrx_word'/>
</head>
<body>
  <div class='ocr_page' id='page_1' title='image "./summainstitutio01ferrgoog_0204.png"; bbox 0 0 2410 4068; ppageno 0'>
   <div class='ocr_carea' id='block_1_1' title="bbox 70 235 1076 437">
    <p class='ocr_par' dir='ltr' id='par_1_1' title="bbox 70 235 1076 437">
     <span class='ocr_line' id='line_1_1' title="bbox 487 235 650 294; baseline 0 -18"><span class='ocrx_word' id='word_1_1' title='bbox 487 262 524 276; x_wconf 85' lang='lat'><em>-</em></span> <span class='ocrx_word' id='word_1_2' title='bbox 541 235 596 294; x_wconf 68' lang='lat'><strong>„3</strong></span> <span class='ocrx_word' id='word_1_3' title='bbox 613 253 650 276; x_wconf 51' lang='lat' dir='ltr'><strong>s.</strong></span> 
     </span>
     <span class='ocr_line' id='line_1_2' title="bbox 70 353 1076 437; baseline -0.006 -17"><span class='ocrx_word' id='word_1_4' title='bbox 70 358 248 437; x_wconf 70' lang='lat' dir='ltr'>assignatione</span> <span class='ocrx_word' id='word_1_5' title='bbox 260 357 424 432; x_wconf 74' lang='lat' dir='ltr'><strong>fructuum,</strong></span> <span class='ocrx_word' id='word_1_6' title='bbox 442 372 548 418; x_wconf 91' lang='lat' dir='ltr'><strong>omnes</strong></span> <span class='ocrx_word' id='word_1_7' title='bbox 560 373 615 434; x_wconf 92' lang='lat' dir='ltr'><strong>per</strong></span> <span class='ocrx_word' id='word_1_8' title='bbox 627 353 766 434; x_wconf 78' lang='lat' dir='ltr'>Episcopi</span> <span class='ocrx_word' id='word_1_9' title='bbox 786 353 917 416; x_wconf 88' lang='lat' dir='ltr'><strong>edictmn</strong></span> <span class='ocrx_word' id='word_1_10' title='bbox 930 369 1076 415; x_wconf 91' lang='lat' dir='ltr'><strong>monean-</strong></span> 
     </span>
    </p>
   </div>
   <div class='ocr_carea' id='block_1_2' title="bbox 68 443 1077 1232">
    <p class='ocr_par' dir='ltr' id='par_1_2' title="bbox 68 443 1077 1232">
     <span class='ocr_line' id='line_1_3' title="bbox 70 443 1077 520; baseline -0.003 -11"><span class='ocrx_word' id='word_1_11' title='bbox 70 447 210 510; x_wconf 84' lang='lat' dir='ltr'><strong>barclerici</strong></span> <span class='ocrx_word' id='word_1_12' title='bbox 223 447 371 508; x_wconf 88' lang='lat' dir='ltr'><strong>delibero</strong></span> <span class='ocrx_word' id='word_1_13' title='bbox 384 463 534 508; x_wconf 83' lang='lat' dir='ltr'><strong>concursu</strong></span> <span class='ocrx_word' id='word_1_14' title='bbox 549 445 597 507; x_wconf 89' lang='lat' dir='ltr'><strong>die</strong></span> <span class='ocrx_word' id='word_1_15' title='bbox 611 450 722 506; x_wconf 85' lang='lat' dir='ltr'><strong>statuta</strong></span> <span class='ocrx_word' id='word_1_16' title='bbox 733 443 889 518; x_wconf 74' lang='lat' dir='ltr'><strong>habendo,</strong></span> <span class='ocrx_word' id='word_1_17' title='bbox 908 443 1000 520; x_wconf 86' lang='lat' dir='ltr'><strong>quod,</strong></span> <span class='ocrx_word' id='word_1_18' title='bbox 1019 443 1077 506; x_wconf 87' lang='lat' dir='ltr'><strong>bec</strong></span> 
     </span>
     <span class='ocr_line' id='line_1_4' title="bbox 69 531 1077 612; baseline -0.003 -15"><span class='ocrx_word' id='word_1_19' title='bbox 69 537 223 599; x_wconf 78' lang='lat' dir='ltr'><strong>adveniente</strong></span> <span class='ocrx_word' id='word_1_20' title='bbox 243 536 303 610; x_wconf 92' lang='lat' dir='ltr'><strong>die,</strong></span> <span class='ocrx_word' id='word_1_21' title='bbox 327 553 444 610; x_wconf 91' lang='lat' dir='ltr'><strong>omnes,</strong></span> <span class='ocrx_word' id='word_1_22' title='bbox 470 535 521 612; x_wconf 90' lang='lat' dir='ltr'><strong>qui</strong></span> <span class='ocrx_word' id='word_1_23' title='bbox 543 551 633 596; x_wconf 89' lang='lat' dir='ltr'><strong>suum</strong></span> <span class='ocrx_word' id='word_1_24' title='bbox 654 550 764 596; x_wconf 89' lang='lat' dir='ltr'><strong>nomen</strong></span> <span class='ocrx_word' id='word_1_25' title='bbox 792 549 863 594; x_wconf 91' lang='lat' dir='ltr'><strong>cum</strong></span> <span class='ocrx_word' id='word_1_26' title='bbox 888 531 1077 594; x_wconf 74' lang='lat' dir='ltr'><strong>documentis</strong></span> 
     </span>
     <span class='ocr_line' id='line_1_5' title="bbox 70 621 1076 703; baseline -0.004 -18"><span class='ocrx_word' id='word_1_27' title='bbox 70 627 401 703; x_wconf 83' lang='lat' dir='ltr'><strong>oldciorum,gestorum,</strong></span> <span class='ocrx_word' id='word_1_28' title='bbox 417 625 602 702; x_wconf 76' lang='lat' dir='ltr'><strong>qualitatum,</strong></span> <span class='ocrx_word' id='word_1_29' title='bbox 618 629 649 684; x_wconf 87' lang='lat' dir='ltr'><strong>et</strong></span> <span class='ocrx_word' id='word_1_30' title='bbox 661 622 837 684; x_wconf 89' lang='lat' dir='ltr'><strong>meritorum</strong></span> <span class='ocrx_word' id='word_1_31' title='bbox 850 638 944 700; x_wconf 88' lang='lat' dir='ltr'><strong>penes</strong></span> <span class='ocrx_word' id='word_1_32' title='bbox 958 621 1076 682; x_wconf 82' lang='lat' dir='ltr'><strong>curiam</strong></span> 
     </span>
     <span class='ocr_line' id='line_1_6' title="bbox 70 710 1077 790; baseline -0.004 -16"><span class='ocrx_word' id='word_1_33' title='bbox 70 715 174 790; x_wconf 80' lang='lat' dir='ltr'><strong>professi</strong></span> <span class='ocrx_word' id='word_1_34' title='bbox 190 714 310 787; x_wconf 78' lang='lat' dir='ltr'><strong>ineunt,</strong></span> <span class='ocrx_word' id='word_1_35' title='bbox 336 729 439 774; x_wconf 90' lang='lat' dir='ltr'><strong>coram</strong></span> <span class='ocrx_word' id='word_1_36' title='bbox 464 713 623 790; x_wconf 82' lang='lat' dir='ltr'><strong>Episcopo,</strong></span> <span class='ocrx_word' id='word_1_37' title='bbox 644 711 799 788; x_wconf 83' lang='lat' dir='ltr'><strong>tribusque</strong></span> <span class='ocrx_word' id='word_1_38' title='bbox 824 710 1077 771; x_wconf 87' lang='lat' dir='ltr'><strong>examinatoribus</strong></span> 
     </span>
     <span class='ocr_line' id='line_1_7' title="bbox 70 799 1075 881; baseline 0 -21"><span class='ocrx_word' id='word_1_39' title='bbox 70 804 249 876; x_wconf 81' lang='lat' dir='ltr'><strong>synodalibus,</strong></span> <span class='ocrx_word' id='word_1_40' title='bbox 262 809 314 862; x_wconf 87' lang='lat' dir='ltr'><strong>eut</strong></span> <span class='ocrx_word' id='word_1_41' title='bbox 324 802 576 881; x_wconf 81' lang='lat' dir='ltr'><strong>prosynodalibus</strong></span> <span class='ocrx_word' id='word_1_42' title='bbox 593 817 699 862; x_wconf 89' lang='lat' dir='ltr'><strong>eorum</strong></span> <span class='ocrx_word' id='word_1_43' title='bbox 713 800 885 877; x_wconf 83' lang='lat' dir='ltr'><strong>capacitatis</strong></span> <span class='ocrx_word' id='word_1_44' title='bbox 897 799 928 861; x_wconf 93' lang='lat' dir='ltr'><strong>in</strong></span> <span class='ocrx_word' id='word_1_45' title='bbox 940 817 1075 862; x_wconf 90' lang='lat' dir='ltr'><strong>commu·</strong></span> 
     </span>
     <span class='ocr_line' id='line_1_8' title="bbox 69 888 1075 967; baseline 0 -17"><span class='ocrx_word' id='word_1_46' title='bbox 69 892 224 967; x_wconf 77' lang='lat' dir='ltr'><strong>nipenurlo</strong></span> <span class='ocrx_word' id='word_1_47' title='bbox 238 892 330 952; x_wconf 89' lang='lat' dir='ltr'><strong>tidem</strong></span> <span class='ocrx_word' id='word_1_48' title='bbox 342 891 467 964; x_wconf 76' lang='lat' dir='ltr'><strong>iaciant,</strong></span> <span class='ocrx_word' id='word_1_49' title='bbox 482 897 514 952; x_wconf 89' lang='lat' dir='ltr'><strong>et</strong></span> <span class='ocrx_word' id='word_1_50' title='bbox 534 891 617 966; x_wconf 86' lang='lat' dir='ltr'><strong>quod</strong></span> <span class='ocrx_word' id='word_1_51' title='bbox 636 890 770 964; x_wconf 87' lang='lat' dir='ltr'><strong>demum,</strong></span> <span class='ocrx_word' id='word_1_52' title='bbox 790 895 913 965; x_wconf 90' lang='lat' dir='ltr'><strong>peracto</strong></span> <span class='ocrx_word' id='word_1_53' title='bbox 927 888 1075 964; x_wconf 85' lang='lat' dir='ltr'><strong>examine,</strong></span> 
     </span>
     <span class='ocr_line' id='line_1_9' title="bbox 70 977 1076 1056; baseline 0 -20"><span class='ocrx_word' id='word_1_54' title='bbox 70 978 193 1056; x_wconf 76' lang='lat' dir='ltr'><strong>Episcopo</strong></span> <span class='ocrx_word' id='word_1_55' title='bbox 204 979 428 1040; x_wconf 77' lang='lat' dir='ltr'><strong>examinatores</strong></span> <span class='ocrx_word' id='word_1_56' title='bbox 442 977 633 1050; x_wconf 82' lang='lat' dir='ltr'><strong>denuncient,</strong></span> <span class='ocrx_word' id='word_1_57' title='bbox 656 995 733 1054; x_wconf 81' lang='lat' dir='ltr'><strong>qaros</strong></span> <span class='ocrx_word' id='word_1_58' title='bbox 745 982 843 1050; x_wconf 84' lang='lat' dir='ltr'><strong>aetate,</strong></span> <span class='ocrx_word' id='word_1_59' title='bbox 865 977 1010 1049; x_wconf 89' lang='lat' dir='ltr'><strong>moribus,</strong></span> <span class='ocrx_word' id='word_1_60' title='bbox 1025 977 1076 1037; x_wconf 82' lang='lat' dir='ltr'><strong>dc</strong></span> 
     </span>
     <span class='ocr_line' id='line_1_10' title="bbox 69 1064 1077 1144; baseline -0.002 -18"><span class='ocrx_word' id='word_1_61' title='bbox 69 1067 334 1143; x_wconf 70' lang='lat' dir='ltr'><strong>comprimentis,</strong></span> <span class='ocrx_word' id='word_1_62' title='bbox 349 1067 474 1144; x_wconf 88' lang='lat' dir='ltr'><strong>aliisque</strong></span> <span class='ocrx_word' id='word_1_63' title='bbox 487 1065 679 1144; x_wconf 85' lang='lat' dir='ltr'><strong>qualitatibus</strong></span> <span class='ocrx_word' id='word_1_64' title='bbox 688 1065 813 1125; x_wconf 90' lang='lat' dir='ltr'><strong>idoneos</strong></span> <span class='ocrx_word' id='word_1_65' title='bbox 823 1081 862 1124; x_wconf 91' lang='lat' dir='ltr'><strong>ex</strong></span> <span class='ocrx_word' id='word_1_66' title='bbox 875 1064 1077 1125; x_wconf 87' lang='lat' dir='ltr'><strong>concurrenti·</strong></span> 
     </span>
     <span class='ocr_line' id='line_1_11' title="bbox 68 1151 1076 1232; baseline 0 -20"><span class='ocrx_word' id='word_1_67' title='bbox 68 1153 325 1232; x_wconf 88' lang='lat' dir='ltr'><strong>busrepererintad</strong></span> <span class='ocrx_word' id='word_1_68' title='bbox 333 1155 494 1216; x_wconf 83' lang='lat' dir='ltr'><strong>Ecclesiam</strong></span> <span class='ocrx_word' id='word_1_69' title='bbox 504 1161 663 1214; x_wconf 82' lang='lat' dir='ltr'><strong>vacantem</strong></span> <span class='ocrx_word' id='word_1_70' title='bbox 670 1151 989 1230; x_wconf 84' lang='lat' dir='ltr'><strong>gubernandam,inter</strong></span> <span class='ocrx_word' id='word_1_71' title='bbox 998 1169 1076 1228; x_wconf 84' lang='lat' dir='ltr'><strong>quos</strong></span> 
     </span>
    </p>
   </div>
   <div class='ocr_carea' id='block_1_3' title="bbox 67 1241 1075 1322">
    <p class='ocr_par' dir='ltr' id='par_1_3' title="bbox 67 1241 1075 1322">
     <span class='ocr_line' id='line_1_12' title="bbox 67 1241 1075 1322; baseline 0.001 -21"><span class='ocrx_word' id='word_1_72' title='bbox 67 1242 211 1322; x_wconf 79' lang='lat' dir='ltr'><strong>Episcopus</strong></span> <span class='ocrx_word' id='word_1_73' title='bbox 230 1245 328 1322; x_wconf 82' lang='lat' dir='ltr'><strong>magis</strong></span> <span class='ocrx_word' id='word_1_74' title='bbox 346 1245 500 1319; x_wconf 88' lang='lat' dir='ltr'><strong>idoneum,</strong></span> <span class='ocrx_word' id='word_1_75' title='bbox 517 1243 565 1305; x_wconf 79' lang='lat' dir='ltr'><strong>rel</strong></span> <span class='ocrx_word' id='word_1_76' title='bbox 586 1242 755 1320; x_wconf 79' lang='lat' dir='ltr'><strong>digniorem</strong></span> <span class='ocrx_word' id='word_1_77' title='bbox 778 1241 873 1318; x_wconf 87' lang='lat' dir='ltr'><strong>possit</strong></span> <span class='ocrx_word' id='word_1_78' title='bbox 893 1242 1004 1319; x_wconf 83' lang='lat' dir='ltr'><strong>eligere</strong></span> <span class='ocrx_word' id='word_1_79' title='bbox 1023 1245 1034 1313; x_wconf 93' lang='lat'>(</span> <span class='ocrx_word' id='word_1_80' title='bbox 1053 1251 1075 1315; x_wconf 75' lang='lat' dir='ltr'><strong>t.</strong></span> 
     </span>
    </p>
   </div>
   <div class='ocr_carea' id='block_1_4' title="bbox 67 1415 1077 3683">
    <p class='ocr_par' dir='ltr' id='par_1_4' title="bbox 67 1415 1077 3683">
     <span class='ocr_line' id='line_1_13' title="bbox 91 1415 1076 1486; baseline -0.002 -16"><span class='ocrx_word' id='word_1_81' title='bbox 91 1418 121 1483; x_wconf 86' lang='grc' dir='ltr'><strong>(Ι)</strong></span> <span class='ocrx_word' id='word_1_82' title='bbox 133 1419 225 1470; x_wconf 77' lang='lat' dir='ltr'><strong>Formo</strong></span> <span class='ocrx_word' id='word_1_83' title='bbox 245 1431 395 1470; x_wconf 85' lang='lat' dir='ltr'><strong>concursus</strong></span> <span class='ocrx_word' id='word_1_84' title='bbox 409 1431 426 1470; x_wconf 87' lang='lat' dir='ltr'><strong>e</strong></span> <span class='ocrx_word' id='word_1_85' title='bbox 443 1417 601 1470; x_wconf 86' lang='lat' dir='ltr'><strong>Tridentino</strong></span> <span class='ocrx_word' id='word_1_86' title='bbox 622 1418 793 1486; x_wconf 85' lang='lat' dir='ltr'><strong>praescripta,</strong></span> <span class='ocrx_word' id='word_1_87' title='bbox 808 1429 878 1468; x_wconf 88' lang='lat' dir='ltr'><strong>sess.</strong></span> <span class='ocrx_word' id='word_1_88' title='bbox 892 1415 933 1475; x_wconf 79' lang='lat' dir='ltr'><strong>sl,</strong></span> <span class='ocrx_word' id='word_1_89' title='bbox 948 1430 972 1469; x_wconf 92' lang='lat' dir='ltr'><strong>c.</strong></span> <span class='ocrx_word' id='word_1_90' title='bbox 990 1417 1028 1480; x_wconf 85' lang='lat'><strong>18,</strong></span> <span class='ocrx_word' id='word_1_91' title='bbox 1041 1416 1076 1468; x_wconf 89' lang='lat' dir='ltr'><strong>de</strong></span> 
     </span>
     <span class='ocr_line' id='line_1_14' title="bbox 67 1487 1077 1554; baseline -0.001 -14"><span class='ocrx_word' id='word_1_92' title='bbox 67 1492 106 1541; x_wconf 88' lang='lat' dir='ltr'><strong>rat.</strong></span> <span class='ocrx_word' id='word_1_93' title='bbox 119 1491 273 1542; x_wconf 87' lang='lat' dir='ltr'><strong>observatur</strong></span> <span class='ocrx_word' id='word_1_94' title='bbox 292 1491 320 1540; x_wconf 90' lang='lat' dir='ltr'><strong>in</strong></span> <span class='ocrx_word' id='word_1_95' title='bbox 344 1489 434 1551; x_wconf 89' lang='lat' dir='ltr'><strong>Italia,</strong></span> <span class='ocrx_word' id='word_1_96' title='bbox 452 1489 480 1540; x_wconf 93' lang='lat' dir='ltr'><strong>in</strong></span> <span class='ocrx_word' id='word_1_97' title='bbox 502 1489 657 1548; x_wconf 85' lang='lat' dir='ltr'><strong>Germania,</strong></span> <span class='ocrx_word' id='word_1_98' title='bbox 677 1487 706 1539; x_wconf 92' lang='lat' dir='ltr'><strong>in</strong></span> <span class='ocrx_word' id='word_1_99' title='bbox 722 1487 865 1554; x_wconf 85' lang='lat' dir='ltr'><strong>Hispania,</strong></span> <span class='ocrx_word' id='word_1_100' title='bbox 889 1487 917 1538; x_wconf 92' lang='lat' dir='ltr'><strong>in</strong></span> <span class='ocrx_word' id='word_1_101' title='bbox 931 1487 1034 1554; x_wconf 78' lang='lat' dir='ltr'><strong>Belgio,</strong></span> <span class='ocrx_word' id='word_1_102' title='bbox 1048 1488 1077 1539; x_wconf 91' lang='lat' dir='ltr'><strong>in</strong></span> 
     </span>
     <span class='ocr_line' id='line_1_15' title="bbox 67 1557 1077 1626; baseline -0.001 -15"><span class='ocrx_word' id='word_1_103' title='bbox 67 1561 173 1612; x_wconf 82' lang='lat' dir='ltr'><strong>nmerica</strong></span> <span class='ocrx_word' id='word_1_104' title='bbox 183 1559 363 1619; x_wconf 88' lang='lat' dir='ltr'><strong>meridionali,</strong></span> <span class='ocrx_word' id='word_1_105' title='bbox 374 1559 489 1626; x_wconf 87' lang='lat' dir='ltr'><strong>aliisque</strong></span> <span class='ocrx_word' id='word_1_106' title='bbox 503 1559 668 1622; x_wconf 78' lang='lat' dir='ltr'><strong>regionibus.</strong></span> <span class='ocrx_word' id='word_1_107' title='bbox 684 1559 749 1610; x_wconf 87' lang='lat' dir='ltr'><strong>Post</strong></span> <span class='ocrx_word' id='word_1_108' title='bbox 757 1557 946 1610; x_wconf 79' lang='lat' dir='ltr'><strong>&#39;l&#39;ridentinum</strong></span> <span class='ocrx_word' id='word_1_109' title='bbox 956 1559 992 1610; x_wconf 86' lang='lat' dir='ltr'><strong>ed</strong></span> <span class='ocrx_word' id='word_1_110' title='bbox 1006 1559 1077 1610; x_wconf 90' lang='lat' dir='ltr'><strong>banc</strong></span> 
     </span>
     <span class='ocr_line' id='line_1_16' title="bbox 68 1629 1076 1697; baseline 0.001 -16"><span class='ocrx_word' id='word_1_111' title='bbox 68 1633 163 1682; x_wconf 87' lang='lat' dir='ltr'><strong>termam</strong></span> <span class='ocrx_word' id='word_1_112' title='bbox 183 1632 329 1697; x_wconf 81' lang='lat' dir='ltr'><strong>specialius</strong></span> <span class='ocrx_word' id='word_1_113' title='bbox 349 1631 582 1682; x_wconf 88' lang='lat' dir='ltr'><strong>determinandam</strong></span> <span class='ocrx_word' id='word_1_114' title='bbox 607 1630 702 1695; x_wconf 85' lang='lat' dir='ltr'><strong>plures</strong></span> <span class='ocrx_word' id='word_1_115' title='bbox 726 1629 886 1694; x_wconf 87' lang='lat' dir='ltr'><strong>prodierunt</strong></span> <span class='ocrx_word' id='word_1_116' title='bbox 908 1643 1076 1684; x_wconf 86' lang='lat' dir='ltr'><strong>summorum</strong></span> 
     </span>
     <span class='ocr_line' id='line_1_17' title="bbox 67 1701 1075 1768; baseline 0 -16"><span class='ocrx_word' id='word_1_117' title='bbox 67 1703 208 1754; x_wconf 82' lang='lat' dir='ltr'><strong>Pontificum</strong></span> <span class='ocrx_word' id='word_1_118' title='bbox 231 1702 438 1754; x_wconf 86' lang='lat' dir='ltr'><strong>constitutiones</strong></span> <span class='ocrx_word' id='word_1_119' title='bbox 460 1715 576 1767; x_wconf 86' lang='lat' dir='ltr'><strong>querum</strong></span> <span class='ocrx_word' id='word_1_120' title='bbox 599 1713 706 1752; x_wconf 87' lang='lat' dir='ltr'><strong>summa</strong></span> <span class='ocrx_word' id='word_1_121' title='bbox 728 1702 768 1754; x_wconf 90' lang='lat' dir='ltr'><strong>sio</strong></span> <span class='ocrx_word' id='word_1_122' title='bbox 790 1703 886 1768; x_wconf 89' lang='lat' dir='ltr'><strong>paucis</strong></span> <span class='ocrx_word' id='word_1_123' title='bbox 908 1701 1075 1754; x_wconf 80' lang='lat' dir='ltr'><strong>exhibetur:</strong></span> 
     </span>
     <span class='ocr_line' id='line_1_18' title="bbox 69 1772 1077 1840; baseline -0.001 -16"><span class='ocrx_word' id='word_1_124' title='bbox 69 1775 243 1828; x_wconf 72' lang='lat' dir='ltr'><strong>nordbertus</strong></span> <span class='ocrx_word' id='word_1_125' title='bbox 259 1779 393 1840; x_wconf 89' lang='lat' dir='ltr'><strong>proponat</strong></span> <span class='ocrx_word' id='word_1_126' title='bbox 417 1773 536 1826; x_wconf 87' lang='lat' dir='ltr'><strong>edictum</strong></span> <span class='ocrx_word' id='word_1_127' title='bbox 550 1773 579 1824; x_wconf 90' lang='lat' dir='ltr'><strong>in</strong></span> <span class='ocrx_word' id='word_1_128' title='bbox 592 1773 708 1824; x_wconf 87' lang='lat' dir='ltr'><strong>ecclesia</strong></span> <span class='ocrx_word' id='word_1_129' title='bbox 720 1777 841 1831; x_wconf 81' lang='lat' dir='ltr'><strong>vacante,</strong></span> <span class='ocrx_word' id='word_1_130' title='bbox 860 1777 889 1824; x_wconf 90' lang='lat' dir='ltr'><strong>et</strong></span> <span class='ocrx_word' id='word_1_131' title='bbox 907 1773 935 1824; x_wconf 90' lang='lat' dir='ltr'><strong>in</strong></span> <span class='ocrx_word' id='word_1_132' title='bbox 954 1773 1012 1826; x_wconf 92' lang='lat' dir='ltr'><strong>looo</strong></span> <span class='ocrx_word' id='word_1_133' title='bbox 1028 1772 1077 1824; x_wconf 91' lang='lat' dir='ltr'><strong>tri·</strong></span> 
     </span>
     <span class='ocr_line' id='line_1_19' title="bbox 67 1843 1075 1911; baseline 0 -17"><span class='ocrx_word' id='word_1_134' title='bbox 67 1843 165 1904; x_wconf 85' lang='lat' dir='ltr'><strong>bouniis,</strong></span> <span class='ocrx_word' id='word_1_135' title='bbox 180 1859 234 1911; x_wconf 81' lang='lat' dir='ltr'><strong>quo</strong></span> <span class='ocrx_word' id='word_1_136' title='bbox 261 1849 422 1896; x_wconf 86' lang='lat' dir='ltr'><strong>moneantur</strong></span> <span class='ocrx_word' id='word_1_137' title='bbox 439 1857 532 1896; x_wconf 88' lang='lat' dir='ltr'><strong>omncs</strong></span> <span class='ocrx_word' id='word_1_138' title='bbox 554 1857 717 1896; x_wconf 87' lang='lat' dir='ltr'><strong>concurrere</strong></span> <span class='ocrx_word' id='word_1_139' title='bbox 729 1844 861 1902; x_wconf 84' lang='lat' dir='ltr'><strong>volentes,</strong></span> <span class='ocrx_word' id='word_1_140' title='bbox 871 1848 903 1896; x_wconf 92' lang='lat' dir='ltr'><strong>ut</strong></span> <span class='ocrx_word' id='word_1_141' title='bbox 925 1843 997 1896; x_wconf 89' lang='lat' dir='ltr'><strong>intra</strong></span> <span class='ocrx_word' id='word_1_142' title='bbox 1019 1847 1075 1894; x_wconf 85' lang='lat' dir='ltr'><strong>ter-</strong></span> 
     </span>
     <span class='ocr_line' id='line_1_20' title="bbox 69 1913 1076 1982; baseline 0 -16"><span class='ocrx_word' id='word_1_143' title='bbox 69 1916 154 1966; x_wconf 89' lang='lat' dir='ltr'><strong>ninnm</strong></span> <span class='ocrx_word' id='word_1_144' title='bbox 169 1919 375 1982; x_wconf 87' lang='lat' dir='ltr'><strong>competentem.</strong></span> <span class='ocrx_word' id='word_1_145' title='bbox 390 1915 438 1981; x_wconf 82' lang='lat' dir='ltr'><strong>qui</strong></span> <span class='ocrx_word' id='word_1_146' title='bbox 460 1927 515 1966; x_wconf 90' lang='lat' dir='ltr'><strong>non</strong></span> <span class='ocrx_word' id='word_1_147' title='bbox 538 1916 626 1980; x_wconf 83' lang='lat' dir='ltr'><strong>potest</strong></span> <span class='ocrx_word' id='word_1_148' title='bbox 649 1927 710 1966; x_wconf 88' lang='lat' dir='ltr'><strong>esse</strong></span> <span class='ocrx_word' id='word_1_149' title='bbox 728 1913 817 1967; x_wconf 90' lang='lat' dir='ltr'><strong>minor</strong></span> <span class='ocrx_word' id='word_1_150' title='bbox 840 1915 934 1966; x_wconf 91' lang='lat' dir='ltr'><strong>decem</strong></span> <span class='ocrx_word' id='word_1_151' title='bbox 959 1914 1076 1976; x_wconf 88' lang='lat' dir='ltr'><strong>dierum,</strong></span> 
     </span>
     <span class='ocr_line' id='line_1_21' title="bbox 67 1983 1076 2052; baseline 0.002 -16"><span class='ocrx_word' id='word_1_152' title='bbox 67 1999 106 2037; x_wconf 83' lang='lat' dir='ltr'><strong>nec</strong></span> <span class='ocrx_word' id='word_1_153' title='bbox 124 1989 207 2052; x_wconf 86' lang='lat' dir='ltr'><strong>major</strong></span> <span class='ocrx_word' id='word_1_154' title='bbox 231 1986 335 2052; x_wconf 84' lang='lat' dir='ltr'><strong>viginti,</strong></span> <span class='ocrx_word' id='word_1_155' title='bbox 361 1992 534 2050; x_wconf 88' lang='lat' dir='ltr'><strong>compereant</strong></span> <span class='ocrx_word' id='word_1_156' title='bbox 561 1989 635 2036; x_wconf 87' lang='lat' dir='ltr'><strong>certo</strong></span> <span class='ocrx_word' id='word_1_157' title='bbox 658 1985 820 2044; x_wconf 65' lang='lat' dir='ltr'><strong>inesceris</strong></span> <span class='ocrx_word' id='word_1_158' title='bbox 841 1985 886 2036; x_wconf 88' lang='lat' dir='ltr'><strong>die</strong></span> <span class='ocrx_word' id='word_1_159' title='bbox 899 1989 927 2036; x_wconf 86' lang='lat' dir='ltr'><strong>et</strong></span> <span class='ocrx_word' id='word_1_160' title='bbox 945 1983 1020 2048; x_wconf 87' lang='lat' dir='ltr'><strong>bore,</strong></span> <span class='ocrx_word' id='word_1_161' title='bbox 1041 1985 1076 2038; x_wconf 85' lang='lat' dir='ltr'><strong>ad</strong></span> 
     </span>
     <span class='ocr_line' id='line_1_22' title="bbox 68 2057 1076 2123; baseline 0.001 -17"><span class='ocrx_word' id='word_1_162' title='bbox 68 2071 162 2110; x_wconf 82' lang='lat' dir='ltr'><strong>amanen</strong></span> <span class='ocrx_word' id='word_1_163' title='bbox 175 2058 358 2117; x_wconf 88' lang='lat' dir='ltr'><strong>subeundum,</strong></span> <span class='ocrx_word' id='word_1_164' title='bbox 373 2061 400 2107; x_wconf 89' lang='lat' dir='ltr'><strong>et</strong></span> <span class='ocrx_word' id='word_1_165' title='bbox 412 2062 476 2110; x_wconf 88' lang='lat' dir='ltr'><strong>ante</strong></span> <span class='ocrx_word' id='word_1_166' title='bbox 493 2057 566 2109; x_wconf 87' lang='lat' dir='ltr'><strong>diem</strong></span> <span class='ocrx_word' id='word_1_167' title='bbox 583 2057 716 2108; x_wconf 82' lang='lat' dir='ltr'><strong>examinis</strong></span> <span class='ocrx_word' id='word_1_168' title='bbox 734 2058 851 2123; x_wconf 85' lang='lat' dir='ltr'><strong>quisque</strong></span> <span class='ocrx_word' id='word_1_169' title='bbox 864 2058 894 2108; x_wconf 89' lang='lat' dir='ltr'><strong>in</strong></span> <span class='ocrx_word' id='word_1_170' title='bbox 906 2057 982 2108; x_wconf 87' lang='lat' dir='ltr'><strong>curia</strong></span> <span class='ocrx_word' id='word_1_171' title='bbox 996 2069 1076 2108; x_wconf 85' lang='lat' dir='ltr'><strong>snum</strong></span> 
     </span>
     <span class='ocr_line' id='line_1_23' title="bbox 68 2127 1075 2191; baseline 0 -13"><span class='ocrx_word' id='word_1_172' title='bbox 68 2131 206 2191; x_wconf 79' lang='lat' dir='ltr'><strong>profiteatur</strong></span> <span class='ocrx_word' id='word_1_173' title='bbox 219 2141 327 2190; x_wconf 88' lang='lat' dir='ltr'><strong>nomen,</strong></span> <span class='ocrx_word' id='word_1_174' title='bbox 341 2131 370 2179; x_wconf 89' lang='lat' dir='ltr'><strong>et</strong></span> <span class='ocrx_word' id='word_1_175' title='bbox 380 2127 476 2180; x_wconf 84' lang='lat' dir='ltr'><strong>sileret</strong></span> <span class='ocrx_word' id='word_1_176' title='bbox 489 2127 656 2180; x_wconf 80' lang='lat' dir='ltr'><strong>cancellario</strong></span> <span class='ocrx_word' id='word_1_177' title='bbox 670 2127 832 2180; x_wconf 87' lang='lat' dir='ltr'><strong>documenta</strong></span> <span class='ocrx_word' id='word_1_178' title='bbox 851 2141 962 2180; x_wconf 86' lang='lat' dir='ltr'><strong>suorum</strong></span> <span class='ocrx_word' id='word_1_179' title='bbox 979 2139 1075 2179; x_wconf 90' lang='lat' dir='ltr'><strong>mune·</strong></span> 
     </span>
     <span class='ocr_line' id='line_1_24' title="bbox 68 2198 1073 2264; baseline 0.001 -15"><span class='ocrx_word' id='word_1_180' title='bbox 68 2213 124 2262; x_wconf 85' lang='lat' dir='ltr'><strong>urna,</strong></span> <span class='ocrx_word' id='word_1_181' title='bbox 139 2201 282 2258; x_wconf 86' lang='lat' dir='ltr'><strong>obitorum,</strong></span> <span class='ocrx_word' id='word_1_182' title='bbox 297 2199 468 2264; x_wconf 84' lang='lat' dir='ltr'><strong>qualitatum,</strong></span> <span class='ocrx_word' id='word_1_183' title='bbox 486 2204 513 2249; x_wconf 90' lang='lat' dir='ltr'><strong>et</strong></span> <span class='ocrx_word' id='word_1_184' title='bbox 527 2198 695 2261; x_wconf 89' lang='lat' dir='ltr'><strong>meritorum,</strong></span> <span class='ocrx_word' id='word_1_185' title='bbox 708 2212 824 2263; x_wconf 89' lang='lat' dir='ltr'><strong>quorum</strong></span> <span class='ocrx_word' id='word_1_186' title='bbox 841 2199 987 2262; x_wconf 87' lang='lat' dir='ltr'><strong>epitomem</strong></span> <span class='ocrx_word' id='word_1_187' title='bbox 1002 2199 1073 2250; x_wconf 85' lang='lat' dir='ltr'><strong>can-</strong></span> 
     </span>
     <span class='ocr_line' id='line_1_25' title="bbox 69 2267 1076 2336; baseline 0 -17"><span class='ocrx_word' id='word_1_188' title='bbox 69 2271 177 2322; x_wconf 88' lang='lat' dir='ltr'><strong>cellarius</strong></span> <span class='ocrx_word' id='word_1_189' title='bbox 190 2272 300 2334; x_wconf 86' lang='lat' dir='ltr'><strong>efficiat,</strong></span> <span class='ocrx_word' id='word_1_190' title='bbox 314 2284 429 2336; x_wconf 85' lang='lat' dir='ltr'><strong>eamque</strong></span> <span class='ocrx_word' id='word_1_191' title='bbox 440 2269 671 2321; x_wconf 85' lang='lat' dir='ltr'><strong>examinatoribus</strong></span> <span class='ocrx_word' id='word_1_192' title='bbox 681 2269 778 2321; x_wconf 87' lang='lat' dir='ltr'><strong>tradet.</strong></span> <span class='ocrx_word' id='word_1_193' title='bbox 792 2268 851 2320; x_wconf 91' lang='lat' dir='ltr'><strong>Bul.</strong></span> <span class='ocrx_word' id='word_1_194' title='bbox 862 2267 898 2322; x_wconf 86' lang='lat' dir='ltr'><strong>In</strong></span> <span class='ocrx_word' id='word_1_195' title='bbox 907 2268 1076 2334; x_wconf 74' lang='lat' dir='ltr'><strong>conserendis</strong></span> 
     </span>
     <span class='ocr_line' id='line_1_26' title="bbox 69 2339 1075 2402; baseline 0.003 -14"><span class='ocrx_word' id='word_1_196' title='bbox 69 2341 89 2389; x_wconf 80' lang='lat' dir='ltr'><strong>S.</strong></span> <span class='ocrx_word' id='word_1_197' title='bbox 99 2343 134 2392; x_wconf 87' lang='lat' dir='ltr'><strong>Pii</strong></span> <span class='ocrx_word' id='word_1_198' title='bbox 148 2343 178 2402; x_wconf 85' lang='lat' dir='ltr'><strong>V,</strong></span> <span class='ocrx_word' id='word_1_199' title='bbox 194 2347 222 2394; x_wconf 89' lang='lat' dir='ltr'><strong>et</strong></span> <span class='ocrx_word' id='word_1_200' title='bbox 234 2342 292 2392; x_wconf 93' lang='lat' dir='ltr'><strong>bul.</strong></span> <span class='ocrx_word' id='word_1_201' title='bbox 309 2339 375 2393; x_wconf 76' lang='lat' dir='ltr'><strong>Gom</strong></span> <span class='ocrx_word' id='word_1_202' title='bbox 388 2339 457 2392; x_wconf 72' lang='lat' dir='ltr'><strong>icoo</strong></span> <span class='ocrx_word' id='word_1_203' title='bbox 467 2340 606 2392; x_wconf 88' lang='lat' dir='ltr'><strong>Benedicti</strong></span> <span class='ocrx_word' id='word_1_204' title='bbox 621 2341 697 2392; x_wconf 81' lang='lat' dir='ltr'><strong>xlv.</strong></span> <span class='ocrx_word' id='word_1_205' title='bbox 707 2342 735 2392; x_wconf 76' lang='lat'><strong>2·</strong></span> <span class='ocrx_word' id='word_1_206' title='bbox 749 2340 906 2392; x_wconf 68' lang='lat' dir='ltr'><strong>Prostituta</strong></span> <span class='ocrx_word' id='word_1_207' title='bbox 918 2341 973 2402; x_wconf 87' lang='lat' dir='ltr'><strong>die,</strong></span> <span class='ocrx_word' id='word_1_208' title='bbox 987 2340 1075 2392; x_wconf 90' lang='lat' dir='ltr'><strong>omni-</strong></span> 
     </span>
     <span class='ocr_line' id='line_1_27' title="bbox 68 2409 1075 2476; baseline 0.002 -16"><span class='ocrx_word' id='word_1_209' title='bbox 68 2410 108 2462; x_wconf 89' lang='lat' dir='ltr'><strong>bus</strong></span> <span class='ocrx_word' id='word_1_210' title='bbox 119 2413 338 2465; x_wconf 85' lang='lat' dir='ltr'><strong>concurrentibus</strong></span> <span class='ocrx_word' id='word_1_211' title='bbox 358 2409 439 2462; x_wconf 90' lang='lat' dir='ltr'><strong>simul</strong></span> <span class='ocrx_word' id='word_1_212' title='bbox 458 2411 628 2476; x_wconf 78' lang='lat' dir='ltr'><strong>congregatis</strong></span> <span class='ocrx_word' id='word_1_213' title='bbox 646 2412 675 2462; x_wconf 91' lang='lat' dir='ltr'><strong>in</strong></span> <span class='ocrx_word' id='word_1_214' title='bbox 695 2411 825 2469; x_wconf 86' lang='lat' dir='ltr'><strong>conclavi,</strong></span> <span class='ocrx_word' id='word_1_215' title='bbox 840 2412 913 2462; x_wconf 90' lang='lat' dir='ltr'><strong>unde</strong></span> <span class='ocrx_word' id='word_1_216' title='bbox 934 2412 1008 2462; x_wconf 87' lang='lat' dir='ltr'><strong>exire</strong></span> <span class='ocrx_word' id='word_1_217' title='bbox 1026 2423 1075 2462; x_wconf 88' lang='lat' dir='ltr'><strong>ne-</strong></span> 
     </span>
     <span class='ocr_line' id='line_1_28' title="bbox 69 2481 1073 2548; baseline 0.001 -17"><span class='ocrx_word' id='word_1_218' title='bbox 69 2489 158 2546; x_wconf 81' lang='lat' dir='ltr'><strong>queant,</strong></span> <span class='ocrx_word' id='word_1_219' title='bbox 172 2484 243 2536; x_wconf 85' lang='lat' dir='ltr'><strong>detis</strong></span> <span class='ocrx_word' id='word_1_220' title='bbox 257 2483 421 2534; x_wconf 85' lang='lat' dir='ltr'><strong>necessariis</strong></span> <span class='ocrx_word' id='word_1_221' title='bbox 439 2481 475 2534; x_wconf 85' lang='lat' dir='ltr'><strong>ad</strong></span> <span class='ocrx_word' id='word_1_222' title='bbox 493 2481 668 2533; x_wconf 87' lang='lat' dir='ltr'><strong>scribendum</strong></span> <span class='ocrx_word' id='word_1_223' title='bbox 687 2486 715 2533; x_wconf 88' lang='lat' dir='ltr'><strong>et</strong></span> <span class='ocrx_word' id='word_1_224' title='bbox 736 2481 873 2548; x_wconf 87' lang='lat' dir='ltr'><strong>prohibita</strong></span> <span class='ocrx_word' id='word_1_225' title='bbox 893 2481 1073 2546; x_wconf 81' lang='lat' dir='ltr'><strong>communice-</strong></span> 
     </span>
     <span class='ocr_line' id='line_1_29' title="bbox 69 2551 1076 2613; baseline 0.002 -12"><span class='ocrx_word' id='word_1_226' title='bbox 69 2553 126 2604; x_wconf 86' lang='lat' dir='ltr'><strong>tioue</strong></span> <span class='ocrx_word' id='word_1_227' title='bbox 138 2571 197 2608; x_wconf 90' lang='lat' dir='ltr'><strong>cnm</strong></span> <span class='ocrx_word' id='word_1_228' title='bbox 211 2555 321 2613; x_wconf 80' lang='lat' dir='ltr'><strong>exteris,</strong></span> <span class='ocrx_word' id='word_1_229' title='bbox 335 2554 418 2606; x_wconf 87' lang='lat' dir='ltr'><strong>eliam</strong></span> <span class='ocrx_word' id='word_1_230' title='bbox 431 2553 550 2605; x_wconf 71' lang='lat' dir='ltr'><strong>foeminis</strong></span> <span class='ocrx_word' id='word_1_231' title='bbox 564 2567 596 2604; x_wconf 89' lang='lat' dir='ltr'><strong>ac</strong></span> <span class='ocrx_word' id='word_1_232' title='bbox 610 2554 681 2605; x_wconf 85' lang='lat' dir='ltr'><strong>inter</strong></span> <span class='ocrx_word' id='word_1_233' title='bbox 695 2567 735 2611; x_wconf 85' lang='lat' dir='ltr'><strong>se,</strong></span> <span class='ocrx_word' id='word_1_234' title='bbox 749 2567 799 2604; x_wconf 85' lang='lat' dir='ltr'><strong>nec</strong></span> <span class='ocrx_word' id='word_1_235' title='bbox 813 2566 866 2603; x_wconf 92' lang='lat' dir='ltr'><strong>non</strong></span> <span class='ocrx_word' id='word_1_236' title='bbox 880 2551 1076 2603; x_wconf 88' lang='lat' dir='ltr'><strong>consultatione</strong></span> 
     </span>
     <span class='ocr_line' id='line_1_30' title="bbox 69 2622 1074 2691; baseline -0.001 -17"><span class='ocrx_word' id='word_1_237' title='bbox 69 2623 189 2688; x_wconf 86' lang='lat' dir='ltr'><strong>librnraun,</strong></span> <span class='ocrx_word' id='word_1_238' title='bbox 201 2627 253 2678; x_wconf 89' lang='lat' dir='ltr'><strong>sub</strong></span> <span class='ocrx_word' id='word_1_239' title='bbox 267 2637 350 2691; x_wconf 71' lang='lat' dir='ltr'><strong>poena</strong></span> <span class='ocrx_word' id='word_1_240' title='bbox 363 2625 551 2690; x_wconf 85' lang='lat' dir='ltr'><strong>suspensionis</strong></span> <span class='ocrx_word' id='word_1_241' title='bbox 566 2629 594 2675; x_wconf 88' lang='lat' dir='ltr'><strong>et</strong></span> <span class='ocrx_word' id='word_1_242' title='bbox 606 2624 771 2676; x_wconf 83' lang='lat' dir='ltr'><strong>exclusionis</strong></span> <span class='ocrx_word' id='word_1_243' title='bbox 790 2637 807 2673; x_wconf 85' lang='lat' dir='ltr'><strong>a</strong></span> <span class='ocrx_word' id='word_1_244' title='bbox 820 2635 962 2680; x_wconf 85' lang='lat' dir='ltr'><strong>concursu,</strong></span> <span class='ocrx_word' id='word_1_245' title='bbox 975 2635 992 2672; x_wconf 87' lang='lat' dir='ltr'><strong>a</strong></span> <span class='ocrx_word' id='word_1_246' title='bbox 1004 2622 1074 2674; x_wconf 82' lang='lat' dir='ltr'><strong>Gon-</strong></span> 
     </span>
     <span class='ocr_line' id='line_1_31' title="bbox 68 2693 1076 2755; baseline 0.002 -12"><span class='ocrx_word' id='word_1_247' title='bbox 68 2695 160 2750; x_wconf 87' lang='lat' dir='ltr'><strong>cellario</strong></span> <span class='ocrx_word' id='word_1_248' title='bbox 182 2696 407 2750; x_wconf 83' lang='lat' dir='ltr'><strong>concurrentibus</strong></span> <span class='ocrx_word' id='word_1_249' title='bbox 427 2696 457 2745; x_wconf 89' lang='lat' dir='ltr'><strong>in</strong></span> <span class='ocrx_word' id='word_1_250' title='bbox 477 2701 540 2746; x_wconf 88' lang='lat' dir='ltr'><strong>actu</strong></span> <span class='ocrx_word' id='word_1_251' title='bbox 561 2709 709 2746; x_wconf 85' lang='lat' dir='ltr'><strong>concursus</strong></span> <span class='ocrx_word' id='word_1_252' title='bbox 732 2693 891 2755; x_wconf 89' lang='lat' dir='ltr'><strong>intimanda,</strong></span> <span class='ocrx_word' id='word_1_253' title='bbox 915 2693 1076 2745; x_wconf 60' lang='lat' dir='ltr'><strong>&amp;dinarius</strong></span> 
     </span>
     <span class='ocr_line' id='line_1_32' title="bbox 68 2763 1076 2832; baseline 0.003 -18"><span class='ocrx_word' id='word_1_254' title='bbox 68 2771 181 2830; x_wconf 88' lang='lat' dir='ltr'><strong>proponat</strong></span> <span class='ocrx_word' id='word_1_255' title='bbox 199 2767 342 2832; x_wconf 79' lang='lat' dir='ltr'><strong>Evangelii</strong></span> <span class='ocrx_word' id='word_1_256' title='bbox 362 2771 466 2817; x_wconf 90' lang='lat' dir='ltr'><strong>textum</strong></span> <span class='ocrx_word' id='word_1_257' title='bbox 486 2763 688 2828; x_wconf 85' lang='lat' dir='ltr'><strong>explicandum,</strong></span> <span class='ocrx_word' id='word_1_258' title='bbox 711 2770 739 2818; x_wconf 85' lang='lat' dir='ltr'><strong>el</strong></span> <span class='ocrx_word' id='word_1_259' title='bbox 758 2764 858 2830; x_wconf 80' lang='lat' dir='ltr'><strong>singuli</strong></span> <span class='ocrx_word' id='word_1_260' title='bbox 878 2765 1076 2818; x_wconf 80' lang='lat' dir='ltr'><strong>examinatores</strong></span> 
     </span>
     <span class='ocr_line' id='line_1_33' title="bbox 68 2835 1075 2903; baseline 0.002 -17"><span class='ocrx_word' id='word_1_261' title='bbox 68 2839 188 2901; x_wconf 86' lang='lat' dir='ltr'><strong>proprium</strong></span> <span class='ocrx_word' id='word_1_262' title='bbox 198 2852 292 2890; x_wconf 88' lang='lat' dir='ltr'><strong>cesum</strong></span> <span class='ocrx_word' id='word_1_263' title='bbox 302 2837 434 2888; x_wconf 88' lang='lat' dir='ltr'><strong>moralem</strong></span> <span class='ocrx_word' id='word_1_264' title='bbox 444 2836 652 2895; x_wconf 85' lang='lat' dir='ltr'><strong>discutiendum,</strong></span> <span class='ocrx_word' id='word_1_265' title='bbox 664 2850 744 2902; x_wconf 86' lang='lat' dir='ltr'><strong>quarn</strong></span> <span class='ocrx_word' id='word_1_266' title='bbox 756 2835 970 2903; x_wconf 87' lang='lat' dir='ltr'><strong>explicationem,</strong></span> <span class='ocrx_word' id='word_1_267' title='bbox 981 2839 1009 2887; x_wconf 88' lang='lat' dir='ltr'><strong>et</strong></span> <span class='ocrx_word' id='word_1_268' title='bbox 1017 2837 1075 2888; x_wconf 90' lang='lat' dir='ltr'><strong>dis-</strong></span> 
     </span>
     <span class='ocr_line' id='line_1_34' title="bbox 69 2907 1075 2974; baseline 0.004 -19"><span class='ocrx_word' id='word_1_269' title='bbox 69 2908 183 2962; x_wconf 88' lang='lat' dir='ltr'><strong>cutionsm</strong></span> <span class='ocrx_word' id='word_1_270' title='bbox 197 2923 301 2968; x_wconf 89' lang='lat' dir='ltr'><strong>ornnes,</strong></span> <span class='ocrx_word' id='word_1_271' title='bbox 316 2909 411 2959; x_wconf 89' lang='lat' dir='ltr'><strong>eodem</strong></span> <span class='ocrx_word' id='word_1_272' title='bbox 425 2913 555 2972; x_wconf 88' lang='lat' dir='ltr'><strong>tempere,</strong></span> <span class='ocrx_word' id='word_1_273' title='bbox 567 2913 594 2958; x_wconf 92' lang='lat' dir='ltr'><strong>et</strong></span> <span class='ocrx_word' id='word_1_274' title='bbox 603 2920 686 2958; x_wconf 85' lang='lat' dir='ltr'><strong>menn</strong></span> <span class='ocrx_word' id='word_1_275' title='bbox 700 2907 810 2974; x_wconf 88' lang='lat' dir='ltr'><strong>propria</strong></span> <span class='ocrx_word' id='word_1_276' title='bbox 823 2907 952 2967; x_wconf 85' lang='lat' dir='ltr'><strong>scribere.</strong></span> <span class='ocrx_word' id='word_1_277' title='bbox 967 2911 995 2960; x_wconf 91' lang='lat' dir='ltr'><strong>et</strong></span> <span class='ocrx_word' id='word_1_278' title='bbox 1007 2907 1075 2960; x_wconf 87' lang='lat' dir='ltr'><strong>sub-</strong></span> 
     </span>
     <span class='ocr_line' id='line_1_35' title="bbox 69 2977 1073 3043; baseline 0.004 -18"><span class='ocrx_word' id='word_1_279' title='bbox 69 2977 169 3034; x_wconf 87' lang='lat' dir='ltr'><strong>scribere</strong></span> <span class='ocrx_word' id='word_1_280' title='bbox 181 2981 291 3039; x_wconf 88' lang='lat' dir='ltr'><strong>debant,</strong></span> <span class='ocrx_word' id='word_1_281' title='bbox 305 2993 403 3043; x_wconf 84' lang='lat' dir='ltr'><strong>nempe</strong></span> <span class='ocrx_word' id='word_1_282' title='bbox 416 2979 621 3030; x_wconf 83' lang='lat' dir='ltr'><strong>conciunculam</strong></span> <span class='ocrx_word' id='word_1_283' title='bbox 641 2978 735 3042; x_wconf 82' lang='lat' dir='ltr'><strong>lingua</strong></span> <span class='ocrx_word' id='word_1_284' title='bbox 747 2978 863 3043; x_wconf 78' lang='lat' dir='ltr'><strong>vulgari,</strong></span> <span class='ocrx_word' id='word_1_285' title='bbox 880 2982 907 3028; x_wconf 93' lang='lat' dir='ltr'><strong>et</strong></span> <span class='ocrx_word' id='word_1_286' title='bbox 926 2979 1073 3031; x_wconf 89' lang='lat' dir='ltr'><strong>discussio·</strong></span> 
     </span>
     <span class='ocr_line' id='line_1_36' title="bbox 69 3048 1076 3116; baseline 0.002 -18"><span class='ocrx_word' id='word_1_287' title='bbox 69 3058 105 3098; x_wconf 80' lang='lat' dir='ltr'><strong>ecs</strong></span> <span class='ocrx_word' id='word_1_288' title='bbox 116 3063 232 3103; x_wconf 86' lang='lat' dir='ltr'><strong>sermone</strong></span> <span class='ocrx_word' id='word_1_289' title='bbox 251 3051 345 3108; x_wconf 89' lang='lat' dir='ltr'><strong>latino,</strong></span> <span class='ocrx_word' id='word_1_290' title='bbox 364 3049 416 3116; x_wconf 83' lang='lat' dir='ltr'><strong>snb</strong></span> <span class='ocrx_word' id='word_1_291' title='bbox 433 3049 556 3100; x_wconf 87' lang='lat' dir='ltr'><strong>custodia</strong></span> <span class='ocrx_word' id='word_1_292' title='bbox 578 3048 758 3110; x_wconf 72' lang='lat' dir='ltr'><strong>concellarii,</strong></span> <span class='ocrx_word' id='word_1_293' title='bbox 773 3050 817 3102; x_wconf 88' lang='lat' dir='ltr'><strong>oui</strong></span> <span class='ocrx_word' id='word_1_294' title='bbox 833 3049 861 3100; x_wconf 89' lang='lat' dir='ltr'><strong>in</strong></span> <span class='ocrx_word' id='word_1_295' title='bbox 875 3050 929 3101; x_wconf 89' lang='lat' dir='ltr'><strong>line</strong></span> <span class='ocrx_word' id='word_1_296' title='bbox 943 3049 1076 3102; x_wconf 88' lang='lat' dir='ltr'><strong>tradenda</strong></span> 
     </span>
     <span class='ocr_line' id='line_1_37' title="bbox 69 3119 1074 3186; baseline 0.008 -22"><span class='ocrx_word' id='word_1_297' title='bbox 69 3123 118 3169; x_wconf 87' lang='lat' dir='ltr'><strong>sunt</strong></span> <span class='ocrx_word' id='word_1_298' title='bbox 128 3135 143 3170; x_wconf 85' lang='lat' dir='ltr'><strong>a</strong></span> <span class='ocrx_word' id='word_1_299' title='bbox 155 3121 269 3186; x_wconf 84' lang='lat' dir='ltr'><strong>singulis</strong></span> <span class='ocrx_word' id='word_1_300' title='bbox 283 3120 436 3186; x_wconf 84' lang='lat' dir='ltr'><strong>conscripto</strong></span> <span class='ocrx_word' id='word_1_301' title='bbox 455 3119 529 3178; x_wconf 83' lang='lat' dir='ltr'><strong>solie,</strong></span> <span class='ocrx_word' id='word_1_302' title='bbox 542 3133 606 3184; x_wconf 83' lang='lat' dir='ltr'><strong>quse</strong></span> <span class='ocrx_word' id='word_1_303' title='bbox 626 3119 662 3172; x_wconf 89' lang='lat' dir='ltr'><strong>eb</strong></span> <span class='ocrx_word' id='word_1_304' title='bbox 678 3119 773 3170; x_wconf 89' lang='lat' dir='ltr'><strong>eodem</strong></span> <span class='ocrx_word' id='word_1_305' title='bbox 792 3120 890 3186; x_wconf 82' lang='lat' dir='ltr'><strong>sigillis</strong></span> <span class='ocrx_word' id='word_1_306' title='bbox 903 3122 1074 3182; x_wconf 89' lang='lat' dir='ltr'><strong>muniuntur,</strong></span> 
     </span>
     <span class='ocr_line' id='line_1_38' title="bbox 70 3189 1074 3267; baseline 0.003 -30"><span class='ocrx_word' id='word_1_307' title='bbox 70 3199 95 3264; x_wconf 75' lang='lat' dir='ltr'><strong>aa</strong></span> <span class='ocrx_word' id='word_1_308' title='bbox 105 3197 188 3253; x_wconf 87' lang='lat' dir='ltr'><strong>postea</strong></span> <span class='ocrx_word' id='word_1_309' title='bbox 210 3191 381 3267; x_wconf 73' lang='lat' dir='ltr'><strong>congregatis</strong></span> <span class='ocrx_word' id='word_1_310' title='bbox 401 3190 632 3241; x_wconf 82' lang='lat' dir='ltr'><strong>exenninetoribus</strong></span> <span class='ocrx_word' id='word_1_311' title='bbox 653 3189 687 3240; x_wconf 87' lang='lat' dir='ltr'><strong>ad</strong></span> <span class='ocrx_word' id='word_1_312' title='bbox 704 3204 817 3244; x_wconf 82' lang='lat' dir='ltr'><strong>examen</strong></span> <span class='ocrx_word' id='word_1_313' title='bbox 831 3193 984 3254; x_wconf 87' lang='lat' dir='ltr'><strong>traduntur,</strong></span> <span class='ocrx_word' id='word_1_314' title='bbox 999 3196 1026 3242; x_wconf 89' lang='lat' dir='ltr'><strong>et</strong></span> <span class='ocrx_word' id='word_1_315' title='bbox 1038 3190 1074 3242; x_wconf 88' lang='lat' dir='ltr'><strong>ab</strong></span> 
     </span>
     <span class='ocr_line' id='line_1_39' title="bbox 70 3255 1075 3327; baseline 0 -16"><span class='ocrx_word' id='word_1_316' title='bbox 70 3255 95 3307; x_wconf 78' lang='lat' dir='ltr'><strong>ds</strong></span> <span class='ocrx_word' id='word_1_317' title='bbox 112 3267 167 3324; x_wconf 92' lang='lat' dir='ltr'><strong>post</strong></span> <span class='ocrx_word' id='word_1_318' title='bbox 177 3262 351 3316; x_wconf 81' lang='lat' dir='ltr'><strong>ordinarium</strong></span> <span class='ocrx_word' id='word_1_319' title='bbox 363 3260 581 3312; x_wconf 86' lang='lat' dir='ltr'><strong>subscribuntur.</strong></span> <span class='ocrx_word' id='word_1_320' title='bbox 597 3261 683 3326; x_wconf 77' lang='lat' dir='ltr'><strong>Epist.</strong></span> <span class='ocrx_word' id='word_1_321' title='bbox 699 3263 835 3327; x_wconf 76' lang='lat' dir='ltr'><strong>encyclica</strong></span> <span class='ocrx_word' id='word_1_322' title='bbox 848 3260 1075 3315; x_wconf 75' lang='lat' dir='ltr'><strong>deserendissimc</strong></span> 
     </span>
     <span class='ocr_line' id='line_1_40' title="bbox 69 3325 1074 3396; baseline 0.002 -16"><span class='ocrx_word' id='word_1_323' title='bbox 69 3325 168 3396; x_wconf 79' lang='lat' dir='ltr'><strong>dominc,</strong></span> <span class='ocrx_word' id='word_1_324' title='bbox 186 3333 332 3386; x_wconf 82' lang='lat' dir='ltr'><strong>Clementis</strong></span> <span class='ocrx_word' id='word_1_325' title='bbox 352 3332 401 3384; x_wconf 85' lang='lat' dir='ltr'><strong>Xl.</strong></span> <span class='ocrx_word' id='word_1_326' title='bbox 423 3333 449 3382; x_wconf 83' lang='lat'><strong>3⁰</strong></span> <span class='ocrx_word' id='word_1_327' title='bbox 471 3332 504 3383; x_wconf 92' lang='lat' dir='ltr'><strong>ln</strong></span> <span class='ocrx_word' id='word_1_328' title='bbox 527 3340 590 3384; x_wconf 88' lang='lat' dir='ltr'><strong>ectu</strong></span> <span class='ocrx_word' id='word_1_329' title='bbox 613 3333 747 3384; x_wconf 85' lang='lat' dir='ltr'><strong>examinis</strong></span> <span class='ocrx_word' id='word_1_330' title='bbox 766 3347 857 3384; x_wconf 85' lang='lat' dir='ltr'><strong>corum</strong></span> <span class='ocrx_word' id='word_1_331' title='bbox 880 3332 1024 3386; x_wconf 86' lang='lat' dir='ltr'><strong>ordinario</strong></span> <span class='ocrx_word' id='word_1_332' title='bbox 1039 3331 1074 3382; x_wconf 88' lang='lat' dir='ltr'><strong>ab</strong></span> 
     </span>
     <span class='ocr_line' id='line_1_41' title="bbox 70 3402 1074 3468; baseline 0.006 -22"><span class='ocrx_word' id='word_1_333' title='bbox 70 3404 276 3457; x_wconf 80' lang='lat' dir='ltr'><strong>examinatoribus</strong></span> <span class='ocrx_word' id='word_1_334' title='bbox 290 3403 425 3467; x_wconf 80' lang='lat' dir='ltr'><strong>leguntur,</strong></span> <span class='ocrx_word' id='word_1_335' title='bbox 440 3406 466 3454; x_wconf 89' lang='lat' dir='ltr'><strong>et</strong></span> <span class='ocrx_word' id='word_1_336' title='bbox 486 3406 643 3454; x_wconf 85' lang='lat' dir='ltr'><strong>scrutantur</strong></span> <span class='ocrx_word' id='word_1_337' title='bbox 658 3403 767 3468; x_wconf 79' lang='lat' dir='ltr'><strong>singula</strong></span> <span class='ocrx_word' id='word_1_338' title='bbox 789 3405 864 3461; x_wconf 85' lang='lat' dir='ltr'><strong>iolla,</strong></span> <span class='ocrx_word' id='word_1_339' title='bbox 879 3402 1013 3454; x_wconf 85' lang='lat' dir='ltr'><strong>librentur</strong></span> <span class='ocrx_word' id='word_1_340' title='bbox 1032 3415 1074 3452; x_wconf 85' lang='lat' dir='ltr'><strong>rc·</strong></span> 
     </span>
     <span class='ocr_line' id='line_1_42' title="bbox 71 3473 1075 3542; baseline 0.001 -20"><span class='ocrx_word' id='word_1_341' title='bbox 71 3475 217 3541; x_wconf 80' lang='lat' dir='ltr'><strong>sponsiones,</strong></span> <span class='ocrx_word' id='word_1_342' title='bbox 235 3473 443 3542; x_wconf 85' lang='lat' dir='ltr'><strong>perpenduntur</strong></span> <span class='ocrx_word' id='word_1_343' title='bbox 457 3475 676 3526; x_wconf 89' lang='lat' dir='ltr'><strong>concurrentium</strong></span> <span class='ocrx_word' id='word_1_344' title='bbox 690 3475 844 3539; x_wconf 83' lang='lat' dir='ltr'><strong>qualitates,</strong></span> <span class='ocrx_word' id='word_1_345' title='bbox 858 3486 891 3524; x_wconf 84' lang='lat' dir='ltr'><strong>ac</strong></span> <span class='ocrx_word' id='word_1_346' title='bbox 904 3477 998 3536; x_wconf 86' lang='lat' dir='ltr'><strong>postea</strong></span> <span class='ocrx_word' id='word_1_347' title='bbox 1010 3485 1075 3524; x_wconf 84' lang='lat' dir='ltr'><strong>exe-</strong></span> 
     </span>
     <span class='ocr_line' id='line_1_43' title="bbox 71 3541 1075 3612; baseline 0.005 -23"><span class='ocrx_word' id='word_1_348' title='bbox 71 3541 196 3597; x_wconf 87' lang='lat' dir='ltr'><strong>rninatores</strong></span> <span class='ocrx_word' id='word_1_349' title='bbox 208 3561 259 3612; x_wconf 85' lang='lat' dir='ltr'><strong>per</strong></span> <span class='ocrx_word' id='word_1_350' title='bbox 273 3559 323 3596; x_wconf 89' lang='lat' dir='ltr'><strong>saro</strong></span> <span class='ocrx_word' id='word_1_351' title='bbox 336 3543 465 3608; x_wconf 80' lang='lat' dir='ltr'><strong>suffragio</strong></span> <span class='ocrx_word' id='word_1_352' title='bbox 479 3543 645 3596; x_wconf 89' lang='lat' dir='ltr'><strong>denunciant</strong></span> <span class='ocrx_word' id='word_1_353' title='bbox 658 3543 801 3598; x_wconf 87' lang='lat' dir='ltr'><strong>Ordinnrio</strong></span> <span class='ocrx_word' id='word_1_354' title='bbox 815 3556 882 3608; x_wconf 87' lang='lat' dir='ltr'><strong>quos</strong></span> <span class='ocrx_word' id='word_1_355' title='bbox 893 3541 1036 3603; x_wconf 90' lang='lat' dir='ltr'><strong>inbabiles,</strong></span> <span class='ocrx_word' id='word_1_356' title='bbox 1047 3545 1075 3593; x_wconf 82' lang='lat' dir='ltr'><strong>et</strong></span> 
     </span>
     <span class='ocr_line' id='line_1_44' title="bbox 70 3609 1073 3683; baseline -0.001 -16"><span class='ocrx_word' id='word_1_357' title='bbox 70 3609 175 3678; x_wconf 58' lang='lat' dir='ltr'><strong>ebreos</strong></span> <span class='ocrx_word' id='word_1_358' title='bbox 184 3617 342 3683; x_wconf 75' lang='lat' dir='ltr'><strong>singillatim</strong></span> <span class='ocrx_word' id='word_1_359' title='bbox 350 3615 514 3682; x_wconf 80' lang='lat' dir='ltr'><strong>repererint,</strong></span> <span class='ocrx_word' id='word_1_360' title='bbox 527 3620 553 3668; x_wconf 86' lang='lat' dir='ltr'><strong>et</strong></span> <span class='ocrx_word' id='word_1_361' title='bbox 566 3630 635 3683; x_wconf 82' lang='lat' dir='ltr'><strong>qnos</strong></span> <span class='ocrx_word' id='word_1_362' title='bbox 648 3616 769 3678; x_wconf 86' lang='lat' dir='ltr'><strong>idoneos,</strong></span> <span class='ocrx_word' id='word_1_363' title='bbox 783 3627 815 3666; x_wconf 84' lang='lat' dir='ltr'><strong>ec</strong></span> <span class='ocrx_word' id='word_1_364' title='bbox 829 3613 926 3677; x_wconf 76' lang='lat' dir='ltr'><strong>dignos</strong></span> <span class='ocrx_word' id='word_1_365' title='bbox 939 3613 1073 3678; x_wconf 86' lang='lat' dir='ltr'><strong>prebere·</strong></span> 
     </span>
    </p>
   </div>
   <div class='ocr_carea' id='block_1_5' title="bbox 0 0 1210 4068">
    <p class='ocr_par' dir='ltr' id='par_1_5' title="bbox 0 0 1210 4068">
     <span class='ocr_line' id='line_1_45' title="bbox 0 0 1210 4068; baseline 0 0"><span class='ocrx_word' id='word_1_366' title='bbox 0 0 1210 4068; x_wconf 95' lang='lat' dir='ltr'><strong> </strong></span> 
     </span>
    </p>
   </div>
  </div>
 </body>
</html>
