2432 4078
583 187 613 201 ··
634 161 741 218 338-

151 286 240 352 rcrtn,
254 277 354 356 alipta
367 277 446 354 dato,
461 287 488 340 ct
498 279 599 358 alipio
610 287 732 341 retento.
745 277 815 340 ldeo
828 278 1059 340 transactionem
1075 279 1163 340 dona·

149 365 223 428 doni
237 367 402 445 adjicimus,
417 368 486 446 qrria
500 369 589 430 etiam
607 369 638 430 in
657 367 858 430 transactione
875 367 989 444 aliquid
1002 369 1161 442 remittitur,

149 457 195 518 rel
208 455 347 530 donatur,
362 457 431 518 licat
445 475 485 518 ex
501 460 590 535 pacto
609 457 722 534 siquid
741 457 839 516 adbuc
858 457 1031 534 recipiatur.
1048 461 1165 518 Transa-

151 543 211 603 ctio
228 549 328 620 potest
340 544 452 606 babere
471 547 573 606 locum
594 553 657 606 tum
675 545 705 605 in
724 543 847 622 judicic,
861 549 925 605 tum
938 551 1046 619 extra;
1064 547 1116 606 sed
1132 545 1165 606 ad

150 633 216 709 elus
235 633 430 694 substantiam
451 651 501 695 res
525 633 635 707 dubia,
658 635 705 694 vel
729 633 765 694 lis
788 631 903 693 incerta
924 635 1097 694 necessaria
1115 640 1163 694 est.

149 725 246 792 Quare
262 722 422 782 transactio
436 723 515 783 iacta
528 740 546 782 a
560 721 694 798 partibus
707 737 772 782 rem
790 722 953 798 judicatam
966 723 1165 798 ignorantibus

151 825 213 870 nou
225 812 315 884 valet,
328 816 359 871 et
369 811 529 872 transactio
541 812 620 872 iactu
636 829 653 872 a
666 811 802 888 partibus
814 827 907 886 super
917 811 968 872 lite
982 811 1107 872 omnino
1119 827 1165 888 per

150 898 330 960 calumniam
343 900 473 962 excitata
483 901 533 976 J'us
546 917 608 960 non
623 899 723 962 tribuit
741 899 898 973 retinendi,
913 901 995 978 quod
1008 901 1164 978 peripsam

149 986 327 1048 datumiuit.
342 988 455 1049 sivero
472 995 571 1065 partes
583 1005 648 1050 rem
666 1005 727 1047 non
741 987 872 1062 dubiam,
890 999 921 1048 et
934 1005 995 1049 non
1015 987 1164 1066 litigiosam

147 1081 321 1152 agnoscant,
337 1082 368 1138 et
380 1077 570 1138 abdonunus
581 1076 756 1153 transigant,
769 1077 835 1138 brec
851 1093 923 1138 rere
936 1095 998 1138 non
1012 1085 1061 1139 est
1075 1086 1164 1139 trans·

149 1164 236 1238 aedo,
258 1165 312 1225 sed
325 1173 457 1242 pactum,
472 1167 521 1226 rel
539 1173 713 1226 contractus
730 1164 944 1245 innominatus,
966 1168 1057 1244 tacta
1071 1175 1105 1228 nt
1121 1170 1165 1244 sc-

148 1253 220 1330 otor,
234 1253 284 1314 vel
294 1253 341 1325 do,
354 1261 390 1316 nt
401 1255 449 1315 der
464 1259 514 1328 (l).

179 1400 215 1466 (t)
230 1401 387 1454 ‘lmuaactio
409 1401 527 1456 medium
541 1403 713 1470 aptissimum
734 1406 777 1456 est
787 1401 822 1455 ad
831 1402 932 1468 turgia.
946 1404 975 1455 at
987 1401 1052 1454 litas
1065 1415 1164 1469 cumpc-

148 1472 260 1531 nendos,
274 1476 301 1524 et
313 1478 344 1526 ut
355 1474 434 1538 vulgo
453 1475 507 1526 dici
529 1474 606 1538 solet,
626 1475 770 1528 meliorest
794 1473 944 1528 transactio
964 1487 1070 1538 macra,
1088 1487 1164 1540 quam

146 1541 282 1596 sententio
294 1543 410 1610 pinquis.
430 1545 577 1612 Propterea
595 1545 680 1612 judex
699 1545 910 1598 transactionem
928 1545 1052 1609 partibus
1073 1558 1163 1596 consu-

147 1611 203 1664 lara
219 1615 316 1682 potest,
332 1615 412 1667 immo
429 1617 458 1666 in
474 1615 636 1682 quibusdam
650 1617 758 1669 casibrm
771 1617 862 1669 debet.
878 1617 942 1681 Cap.
960 1617 975 1667 3
989 1615 1024 1668 de
1042 1618 1162 1668 transact.

144 1682 177 1734 Si
196 1687 286 1736 umen
304 1687 369 1750 jura
388 1687 506 1752 partium
529 1688 583 1740 sint
604 1688 716 1754 liquida,
732 1693 779 1739 aut
800 1687 880 1740 valde
898 1687 1053 1754 inaequalia,
1073 1685 1162 1738 melius

146 1753 207 1818 erit,
216 1758 246 1806 ut
255 1755 340 1819 judex
350 1756 465 1822 justitias
478 1771 589 1812 cursum
603 1759 699 1816 teatina
709 1759 816 1825 dirigat,
833 1763 860 1810 at
876 1761 908 1810 ut
925 1762 1049 1810 eaveata
1066 1763 1162 1809 trausa-

146 1825 233 1878 ctiona
246 1825 410 1879 consulenda
422 1842 454 1880 ea
468 1829 501 1880 da
515 1843 607 1892 causa,
617 1831 681 1896 quia
694 1828 844 1882 timendum
858 1835 908 1889 est,
922 1843 956 1882 ne
969 1843 1019 1896 per
1032 1830 1083 1882 boc
1093 1829 1161 1896 judi·

145 1895 185 1948 cis
198 1897 340 1950 consilium
354 1897 510 1952 alterutrius
523 1901 608 1968 partis
622 1903 686 1966 jura
697 1900 841 1952 ludantur.

178 2083 241 2144 665.
261 2084 334 2143 Cum
355 2083 515 2144 transactio
537 2083 669 2162 speciem
699 2081 884 2144 alienationis
910 2081 1072 2158 contineat,
1100 2083 1160 2160 quia

145 2170 311 2248 transigens
332 2171 418 2249 juris,
443 2173 507 2233 sive
529 2173 575 2234 rei
597 2173 653 2233 sibi
676 2171 872 2250 competentis
891 2178 1008 2248 partem
1021 2171 1104 2232 alteri
1121 2171 1159 2232 di·

142 2257 240 2334 mittit,
254 2260 399 2337 sequitur,
414 2278 481 2321 eam
494 2261 628 2338 stipulari
641 2279 702 2321 non
716 2278 805 2337 posse
820 2279 837 2320 a
855 2259 997 2334 Praelatis,
1011 2261 1159 2322 beneficia·

145 2347 190 2422 tis,
205 2366 306 2410 rerum
320 2349 589 2412 ecclesiasticarum
605 2349 904 2418 administratoribus,
919 2347 976 2409 nisi
994 2349 1053 2410 illae
1067 2350 1158 2410 obser·

142 2444 249 2500 ventur
275 2439 487 2512 solemnitates,
506 2456 605 2515 quasa
623 2441 691 2515 jura
706 2438 852 2498 canonico
872 2456 928 2514 pro
949 2454 1052 2502 rernm
1072 2439 1157 2500 eccle

58 2529 60 2535 '
141 2525 328 2588 siasticarum
351 2527 527 2589 alienatione
548 2528 715 2588 constitutae
738 2533 817 2600 sunt,
846 2527 884 2586 de
910 2527 1018 2603 quibus
1045 2529 1117 2587 intra
1132 2525 1157 2585 iu

141 2617 278 2692 apposito
303 2617 389 2678 titulo
414 2617 599 2693 agemussi
623 2633 696 2676 vero
719 2616 833 2692 absque
858 2615 904 2676 bis
917 2637 920 2647 ¹
935 2615 1157 2678 solemnitatibus

62 2718 64 2723 ·
139 2706 372 2786 transactionem
388 2705 468 2768 ineat
482 2707 634 2778 Praelatus,
655 2713 706 2766 aut
719 2703 923 2778 beneficiatus,
936 2711 1036 2782 potest
1050 2705 1155 2782 quidem

139 2791 204 2870 lpsa
216 2793 249 2853 in
262 2795 322 2858 uita
342 2806 396 2856 sna
410 2795 449 2858 ad
468 2793 700 2856 transactionem
717 2793 937 2854 observandam
952 2793 1086 2870 obligari,
1105 2808 1154 2852 non

141 2899 212 2943 vero
226 2885 291 2959 ejus
305 2899 477 2956 successam
500 2899 598 2960 ireque
612 2889 735 2958 propter
749 2882 808 2942 hoc
821 2881 942 2958 aliquod
959 2882 1155 2943 detrimentum

140 2971 281 3032 Ecclesiae
300 2969 401 3032 interii
422 2978 531 3047 potest,
556 2970 707 3048 quietalis
728 2967 876 3046 stipulatio
896 2971 1037 3046 producit
1055 2977 1154 3032 tantum

139 3056 288 3138 ardonem
307 3059 497 3135 personalem
511 3067 617 3122 contra
633 3059 847 3162 stipulatorem,
870 3065 900 3118 et
913 3059 1027 3120 nullam
1039 3056 1152 3121 datacti·
1213 3051 1214 3054 ’

139 3165 228 3210 onem
238 3153 343 3210 contm
356 3148 527 3222 accionem,
545 3149 593 3209 val
604 3155 821 3222 mccesaorem,
838 3163 907 3207 cum
920 3164 961 3208 ex
974 3150 1075 3226 regula
1088 3144 1152 3224 juris

40 3239 45 3250 '
138 3239 210 3300 illud
226 3243 342 3298 certum
363 3237 410 3312 sit,
426 3239 507 3314 quod
523 3242 612 3315 pacta
630 3235 708 3297 inter
724 3237 799 3298 alios
818 3241 885 3296 acta
901 3235 967 3296 abis
984 3238 1088 3298 obmse
1100 3247 1149 3293 non

139 3327 280 3408 possint(
299 3330 321 3400 ).
631 3362 632 3366 =

169 3477 205 3542 (l)
219 3475 285 3529 Eme
297 3487 423 3543 expressa
437 3473 541 3526 sancita
556 3473 665 3526 fuerunt
679 3469 713 3524 ab
728 3471 883 3526 Alexandro
896 3473 948 3538 Ill,
961 3473 989 3526 in
1001 3471 1084 3540 specie
1095 3482 1147 3522 ceu·

136 3559 193 3611 sus,
207 3561 289 3613 quem
299 3545 477 3602 beneficiatus
490 3557 540 3610 per
553 3543 763 3598 transactionem
776 3545 805 3598 in
821 3557 869 3612 suc
886 3543 1018 3600 bmedcn
1031 3539 1147 3598 constitu·
