2492 4020
583 149 726 207 ..gg-

152 273 312 352 prohibitio
326 279 372 334 est
385 278 537 349 perpetua.
555 275 634 332 lnter
651 269 848 332 ascendentes
861 269 968 330 alhnes
980 267 1183 346 comprehen-

153 362 373 435 dunrineonr,
382 377 494 431 socrus,
503 360 636 432 vitricus,
651 376 784 431 novum,
796 358 951 430 etc.;inter
961 358 1184 420 descendentes

152 466 236 524 vero,
254 465 352 526 parler,
365 466 474 523 carus,
487 449 653 525 privipnus,
668 448 815 524 pricipes,
830 451 927 508 elem
943 451 975 506 ln
990 444 1067 506 linea
1080 453 1184 507 trans-

152 545 249 612 versa,
265 537 341 598 utin
355 536 622 614 consanguinitate,
638 536 683 596 sin
696 536 727 596 iu
741 535 883 596 affinitate
898 533 1118 594 matrimonium
1134 535 1185 596 in-

152 625 307 688 terdicitur
329 643 425 702 usque
449 626 488 686 ud
506 633 643 702 qliartum
670 625 798 702 gradum
821 623 974 686 inclusive.
995 628 1092 696 Quare
1110 641 1186 688 cum

153 729 242 774 nemo
267 713 361 790 possit
388 713 430 773 ob
445 712 733 789 consanguinitatem
748 729 875 773 uxorem
891 712 1002 772 ducere
1024 710 1080 770 sibi
1101 711 1185 773 intra

153 801 293 881 qu'artum
305 803 432 880 gradum
446 801 711 879 consanguineam,
729 801 769 863 ita
785 819 873 862 nemo
887 807 987 878 potest
999 801 1039 861 oh
1051 801 1184 862 allinitu-

152 897 213 952 tem
226 907 353 952 uxorem
372 891 484 952 ducere
501 891 632 967 aliquam
654 891 732 951 intra
746 897 886 968 quartum
908 889 1036 966 gradum
1051 907 1184 950 consan-

151 977 291 1054 guineam
304 978 412 1056 prioris
424 979 527 1040 uxoris
541 997 614 1040 suae.
634 984 697 1040 lloc
710 979 824 1040 obtinet
841 979 996 1039 dumtaxat
1005 979 1036 1039 in
1051 981 1184 1057 conjun-

152 1067 252 1128 ctione
271 1067 401 1144 legitima
417 1088 424 1129 :
439 1085 510 1130 nam
529 1068 554 1128 si
568 1067 698 1128 affinitas
711 1084 751 1128 ex
764 1066 975 1144 conjunctione
993 1067 1093 1128 illicita
1108 1085 1184 1143 pro-

151 1155 248 1232 cedat,
270 1154 450 1218 matrimonii
465 1155 626 1234 prohibitio
638 1155 810 1218 extenditur
830 1163 947 1217 tantum
962 1155 1001 1218 ad
1013 1157 1185 1220 secundum

151 1244 278 1324 gradum
288 1244 432 1308 inclusive
444 1249 496 1320 (l).

181 1391 218 1457 (l)
231 1391 303 1443 Trid.
321 1404 389 1443 sess.
406 1391 447 1456 tl,
461 1405 484 1444 c.
499 1391 523 1451 l.
538 1391 572 1444 de
582 1393 632 1444 rel.
642 1394 722 1444 matr.
737 1391 804 1445 Haec
819 1405 882 1460 quas
896 1393 1071 1460 exposuimus
1086 1395 1182 1462 respi-

151 1461 226 1516 ciunt
239 1461 395 1515 affinitatem
408 1464 605 1529 praecedentem
617 1464 828 1525 matrimonium,
843 1479 905 1530 que
920 1478 980 1517 cum
995 1465 1117 1530 praebeat
1131 1466 1185 1518 im·

86 1591 88 1598 ,
150 1535 335 1602 pedimentum
351 1533 489 1598 dirimens¹
502 1535 591 1600 ipsum
606 1536 807 1588 matrimonium
822 1537 911 1588 reddit
928 1537 1043 1588 nullum.
1060 1537 1090 1588 Si
1103 1551 1183 1603 rem,

150 1605 389 1670 matrimonialem
404 1605 672 1668 contresmicimus
686 1613 829 1672 cognoscat
843 1609 1071 1674 consanguineum
1085 1609 1184 1662 uxoris

150 1689 208 1730 suaa
223 1679 251 1728 in
265 1677 363 1742 primo,
376 1683 423 1728 aut
442 1677 561 1729 secundo
583 1678 680 1742 gradu,
695 1678 738 1730 val
761 1692 830 1730 uxor
848 1679 973 1744 copulam
997 1679 1098 1732 babeat
1116 1695 1184 1732 oum

150 1749 349 1812 consanguineo
367 1747 457 1800 mariti
473 1749 499 1800 in
514 1747 610 1802 iisdem
623 1748 763 1814 gradihus,
781 1750 835 1802 dici
852 1750 961 1817 quidam
977 1756 1075 1818 potest.
1092 1749 1182 1803 affini·

151 1822 232 1872 tatem
247 1819 332 1878 oriri3
354 1819 401 1871 aad
417 1817 476 1870 haec
493 1819 610 1872 affinitas
625 1833 679 1872 nou
693 1820 795 1872 dirimit
808 1822 1008 1873 matrimonium
1020 1823 1076 1886 lam
1090 1821 1183 1874 valide

150 1895 326 1942 mansuum.
338 1889 400 1955 Cap.
417 1891 440 1947 6,
454 1891 488 1942 de
501 1904 532 1942 eo
547 1890 594 1956 qui
608 1905 719 1956 cognov.
734 1899 786 1944 etc.
800 1891 984 1944 Nihilominus
1000 1893 1059 1944 haec
1073 1893 1184 1944 scelera

150 1973 212 2014 eum
226 1959 327 2012 hahent
340 1959 473 2023 ellectum,
487 1967 517 2012 ut
537 1962 707 2014 incestuosus
724 1962 765 2014 vel
782 1961 889 2014 adulter
903 1965 1002 2028 conjux
1022 1976 1076 2014 non
1091 1963 1185 2029 possit

113 2059 116 2066 -
150 2037 243 2156 geaten}
257 2029 378 2154 dotalium
392 2032 542 2098 coniugato,
557 2031 621 2084 licet
639 2034 748 2100 conjugi
766 2033 903 2086 innocenti
916 2033 1030 2088 reddere
1041 2037 1180 2104 teneatur.

188 2115 214 2168 p.
246 2115 328 2161 ‚eo.
570 2131 574 2139 ·

185 2299 247 2357 383.
261 2299 358 2360 Tertia
380 2299 469 2378 hujus
490 2301 564 2364 tituli
580 2317 650 2380 pars
669 2300 791 2380 respicit
808 2301 959 2377 publicam
977 2297 1182 2378 honestaoem,

149 2385 213 2446 sive
230 2387 374 2462 iustitiam
397 2390 524 2466 pubhcae
548 2391 722 2464 honestatis,
744 2407 810 2467 qnae
828 2390 946 2463 dicitur,
960 2389 1181 2466 propinquitas,

147 2473 207 2534 siue
220 2476 379 2538 attinentia
390 2494 588 2554 personarum
609 2496 645 2540 ec
661 2479 732 2540 solis
747 2479 931 2556 sponsalibus
950 2479 984 2538 dc
996 2479 1112 2554 futuro,
1133 2480 1183 2541 uel

149 2563 236 2623 ctiam
253 2581 289 2624 aar
305 2567 495 2628 ntutrimonio
516 2576 635 2628 tantum
656 2574 722 2628 rato
739 2568 922 2645 proveniens.
939 2565 1058 2627 Publica
1083 2567 1184 2630 hone·

148 2657 209 2711 stas
219 2652 370 2728 quoddam
380 2663 424 2715 est
434 2656 583 2716 affinitatis
593 2656 795 2726 simulacrum,
807 2673 843 2714 ac
857 2654 981 2732 proinde
992 2671 1010 2713 a
1016 2654 1085 2730 J'ure
1100 2653 1184 2716 civili

148 2741 234 2816 quasi
246 2741 374 2816 affinitas
394 2753 592 2820 nuncupetur.
613 2744 745 2804 Aldnitas
759 2742 869 2805 etenim
888 2742 984 2804 oritur
996 2759 1035 2803 ex
1049 2743 1182 2819 conjun-

148 2828 247 2888 ctione
274 2846 449 2906 corpornm3
474 2832 593 2910 publica
613 2840 713 2894 autem
738 2833 879 2893 honestas
900 2848 940 2892 ex
966 2831 1184 2906 coniunctione

147 2915 325 2992 animorum,
341 2935 407 2994 quae
427 2919 456 2980 in
470 2923 658 2998 sponsalibus
671 2923 709 2984 de
723 2921 873 3000 praesenti,
888 2927 919 2983 et
933 2921 971 2982 de
989 2921 1088 2980 futuro
1103 2937 1181 2983 eon-

149 3003 243 3080 tingit.
273 3011 364 3068 Porro
392 3014 425 3069 ut
450 3009 567 3085 pudori,
590 3018 620 3072 et
645 3011 776 3088 equitati
798 3027 967 3088 repugnare
993 3008 1091 3069 visum
1119 3017 1181 3088 est,
1239 3063 1240 3087 p

147 3093 318 3169 quempiam
341 3097 594 3173 consanguineam
619 3099 698 3159 illius
716 3098 847 3160 mulieris
860 3099 983 3170 ducere,
998 3113 1089 3175 quam
1103 3114 1181 3176 cog-

148 3189 273 3242 noverat
289 3199 296 3255 3
313 3181 529 3258 dehonestati,
554 3195 585 3246 et
599 3187 720 3264 justitiae
737 3203 908 3264 repugnare
926 3185 1054 3260 videtur,
1068 3203 1180 3263 quem-

147 3267 227 3346 piam
240 3271 494 3348 consanguineam
508 3274 640 3335 mulieris
652 3275 773 3349 ducere,
788 3275 836 3334 cui
852 3275 941 3335 fldem
956 3291 1011 3351 per
1025 3277 1181 3352 sponsalia

146 3357 184 3418 de
194 3359 306 3434 tuturo,
320 3363 367 3421 vel
380 3361 418 3422 de
428 3363 566 3438 praeseuti
579 3363 780 3425 inviolabilem
794 3363 884 3425 dedit.

184 3450 246 3507 38⁴.
263 3451 326 3508 lloc
340 3448 468 3525 puhliooe
491 3451 656 3514 honestatis
680 3453 924 3530 impedimentum
937 3452 978 3514 ita
988 3452 1061 3528 'iure
1075 3451 1179 3515 noris-

145 3533 222 3601 simo
241 3535 331 3616 riget,
350 3535 491 3606 mmmm
506 3556 514 3604 :
529 3545 560 3603 1ο
582 3539 613 3604 si
632 3540 745 3606 oriatur
767 3558 807 3606 ex
820 3539 1010 3620 sponsalibus
1023 3539 1062 3605 de
1074 3540 1179 3609 muno
