2446 4034
465 167 625 228 -hti—

34 303 135 365 nempe
162 287 235 350 iilud
253 289 387 352 solvendi
404 307 562 366 canonem,
580 298 611 352 et
623 290 749 352 sltemm
767 289 928 368 prestandi
943 289 1053 351 leude-

33 377 126 438 uium.
152 382 263 452 moon,
287 379 349 440 sire
368 379 472 456 pensio
493 379 524 440 iu
543 379 746 457 emphyteusis
768 379 964 440 concessione
980 395 1056 440 con·

33 473 123 542 rents,
138 468 301 544 quotannis
318 469 357 528 nh
371 470 564 547 emphyteuta
578 468 719 530 solvendo
732 475 779 530 est
792 467 914 530 domino
928 466 1054 544 directo,

33 573 116 633 aqua
129 573 192 616 non
206 555 348 618 liberetur
360 575 414 635 per
431 557 474 618 rei
488 557 683 632 sterilitatem,
700 575 798 635 oeque
813 575 867 636 per
881 575 985 618 casum
1000 559 1056 620 ior·

34 645 145 720 tritum,
163 644 219 704 nisi
237 650 358 706 totores
371 651 475 722 pereat
485 651 535 720 (2).
547 651 581 708 Et
593 647 617 708 si
636 647 713 707 intra
726 645 878 707 biennium
891 646 981 707 etiam
994 663 1055 706 nou

32 743 151 809 rogatus
165 749 311 794 canonem
325 752 386 795 non
397 735 528 810 solverit,
543 753 581 796 cc
590 751 706 796 morsm
719 734 856 797 celeriter
869 752 930 795 uon
942 752 1055 812 purga-

32 824 113 897 verit,
131 829 232 900 potest
244 823 282 883 ab
297 823 486 902 emphyteusi
500 825 606 902 expelii
626 829 676 898 (3).
694 823 885 886 Laudemium
897 831 997 886 autem
1010 831 1057 886 est

31 911 181 986 pressorio
195 911 332 988 quaedum
346 930 453 975 anovo
466 913 659 990 emphyteuta
671 911 700 973 in
716 913 841 973 transitu
854 911 1056 991 emphyteusis

31 1000 63 1060 ad
77 1007 259 1062 extraneum
278 1007 331 1076 (t),
353 1007 386 1062 ut
398 1019 453 1080 per
471 1003 672 1078 donationem,
686 1003 828 1078 legatum,
843 1001 1055 1076 venditionem,

31 1097 84 1162 etc,
104 1091 153 1150 vel
168 1089 197 1148 in
210 1089 405 1152 renovatione
430 1091 636 1168 emphyteusis
657 1095 709 1166 (tt,
727 1091 848 1152 domino
865 1091 979 1152 directo
996 1091 1057 1150 sol·

31 1177 127 1238 reuda
140 1178 172 1238 iu
183 1179 418 1255 recognitionem
431 1180 552 1240 dominii
571 1179 687 1255 directi,
702 1185 732 1241 et
744 1180 782 1240 od
797 1181 935 1241 effectum
948 1196 1058 1241 novem

31 1267 185 1328 obtinendi
199 1267 414 1344 investituram,
427 1285 485 1346 que
496 1287 535 1330 ex
546 1269 614 1345 jure
623 1273 756 1330 Romano
770 1269 800 1328 in
814 1269 1058 1346 quinquagesima

30 1361 115 1431 parte
130 1355 218 1432 pretii
232 1357 343 1416 valoris
356 1357 450 1429 iundi,
474 1357 522 1418 vel
535 1357 580 1418 rei
602 1359 794 1431 consistebat,
815 1358 877 1418 sire
891 1361 983 1418 erati
1002 1374 1058 1434 pro

29 1451 151 1505 eentum
164 1443 273 1505 valoris
289 1445 389 1522 tundi;
405 1447 462 1508 sed
475 1464 555 1508 nunc
574 1463 614 1507 ex
629 1445 843 1508 consuetudine
859 1447 939 1508 veria
955 1453 1010 1520 est,
1027 1453 1058 1508 et

30 1534 141 1610 ubique
164 1533 226 1595 iere
244 1535 391 1596 adaucta:
415 1535 524 1597 alicubi
546 1535 625 1597 enim
645 1543 691 1596 est
705 1535 848 1612 vigesima
870 1553 941 1613 pars
960 1533 1056 1614 pretii,

29 1621 109 1684 idest
135 1627 155 1682 5
178 1637 235 1698 pro
253 1631 385 1700 centum,
411 1630 441 1686 et
466 1623 574 1686 atiouhi
596 1625 686 1688 etiam
704 1624 829 1701 decima,
850 1623 881 1686 id
894 1629 940 1687 est
953 1627 988 1686 to
1001 1640 1058 1701 pro

30 1719 156 1773 centum
171 1713 223 1784 (6).

58 1923 96 1988 (i)
113 1921 178 1989 Gap.
193 1921 242 1974 ult.
258 1921 292 1975 de
306 1921 384 1975 locat.
399 1949 428 1964 -
442 1923 478 1989 (t)
497 1923 530 1975 In
546 1923 598 1976 hoc
616 1923 800 1990 emphyteusis
814 1923 903 1977 ditiori
915 1937 932 1978 s
945 1925 1055 1978 locatio·

30 1995 113 2054 tione,
127 1994 193 2060 quie
207 2007 302 2057 canon,
321 2009 383 2048 cum
407 1995 441 2047 sit
451 1995 583 2058 modicus,
604 2009 659 2048 non
682 1996 827 2048 remittitur
849 2010 938 2063 neque
950 1997 979 2048 in
994 2009 1059 2050 casu

30 2065 194 2118 sterilitatis.
209 2065 239 2117 Si
252 2079 317 2118 vero
330 2080 416 2118 conon
439 2067 649 2120 constitueretur
665 2081 788 2132 maguus,
801 2071 829 2120 st
846 2067 979 2120 tmctihus
998 2081 1058 2120 cor·

30 2137 220 2202 responderet,
232 2136 415 2259 emphyxeusis
430 2137 569 2190 locationis
582 2138 784 2190 similitudinem
796 2139 919 2204 referret,
934 2143 962 2192 et
974 2152 1057 2192 cuno·

30 2209 71 2259 nis
85 2207 211 2260 remissio
220 2212 311 2274 posset
324 2211 330 2270 i
352 2209 632 2276 stspcti.1ixintegro
645 2223 708 2261 vero
718 2217 848 2275 percunte
860 2223 898 2270 re,
912 2211 1005 2264 nulius
1014 2211 1059 2264 de·

30 2277 113 2330 hetur
123 2279 242 2343 emptius
255 2292 351 2344 canon,
361 2279 487 2345 quianon
501 2281 617 2348 emptius
630 2285 717 2332 exstet
727 2281 875 2332 dominium
886 2282 1058 2333 directum.-

29 2350 62 2408 (³)
74 2349 127 2402 cit.
139 2363 199 2415 cap.
214 2351 264 2402 uit.
279 2350 313 2402 de
326 2351 404 2412 locat,
415 2356 443 2404 et
456 2352 492 2404 ih.
504 2351 592 2404 Gloss.
606 2349 834 2418 vernemetis-
847 2353 882 2416 (t)
893 2353 1012 2406 Dicimus
1021 2353 1059 2406 cd

29 2425 201 2482 mirmiram,
208 2422 273 2488 quie
280 2421 319 2473 rei
328 2423 458 2474 trsusitus
465 2423 641 2474 adheredem
648 2421 889 2481 necessariumve!
900 2423 1059 2488 legitimum,

30 2492 78 2555 qui
89 2505 125 2543 ex
139 2491 207 2556 tegis
221 2491 396 2557 dispositione
411 2493 445 2544 oh
459 2495 585 2546 intestato
600 2493 628 2544 iu
642 2493 714 2547 hone
727 2493 846 2545 defuncti
858 2495 988 2558 succedit,
1005 2507 1060 2546 nou

30 2561 162 2627 imporat
182 2561 309 2614 leudemii
332 2564 502 2616 solutionem.
527 2565 594 2617 Cum
612 2566 684 2616 enim
698 2565 846 2618 dominium
865 2565 1060 2631 utiisemphy·

31 2639 116 2684 teutae
130 2647 180 2700 per
193 2647 223 2686 se
236 2640 357 2686 transeat
370 2635 404 2688 sd
417 2635 549 2698 heoredes,
565 2636 641 2688 nulia
657 2635 804 2702 requiritur
813 2649 882 2688 nova
892 2635 1059 2695 investitum.

32 2708 60 2754 et
73 2704 179 2756 nntium
191 2706 305 2770 proinde
320 2709 362 2758 est
375 2705 532 2760 solvendum
541 2707 783 2773 mummium-(5)
794 2706 942 2758 Renorotio
952 2707 990 2770 iit,
999 2721 1061 2759 cum

31 2775 221 2842 emphyteusis
235 2777 390 2828 conceditur
399 2790 440 2830 ox.
456 2792 496 2844 gr.
511 2777 545 2830 ad
555 2779 657 2830 xxxvsi
667 2791 792 2830 mannos
803 2781 961 2844 compacto,
971 2783 1001 2830 ut
1011 2777 1062 2831 hcc

32 2851 173 2898 trsnsecto
185 2851 315 2913 tempore,
326 2847 450 2900 dominus
461 2849 581 2902 directus
593 2853 718 2902 tenuatur
730 2850 826 2902 iterum
847 2861 903 2900 rem
913 2850 1058 2902 nominate

32 2931 170 2982 personas,
184 2922 232 2970 aut
244 2918 355 2972 familie
368 2921 396 2970 iu
417 2920 613 2986 emphyteusim
628 2920 782 2973 concedere.
802 2947 833 2958 -
847 2920 882 2986 (6)
895 2921 947 2973 iiio
964 2921 1061 2974 ohser-
1157 2973 1161 2988 ,

31 3001 141 3052 vernus,
157 2989 321 3042 leudemium
336 2991 363 3043 in
377 2991 545 3058 emphyteusi
560 2992 721 3044 insererem
737 2992 871 3054 hsuahoii,
886 3006 946 3046 esse
964 2996 992 3044 iu
1005 2993 1061 3046 im-

32 3065 89 3120 otu,
105 3064 134 3112 et
146 3063 281 3126 pertinere
293 3062 327 3114 sd
341 3061 539 3114 beneticiutum.
555 3063 736 3128 Excipieudus
747 3065 839 3116 umen
851 3063 959 3116 videtur
973 3077 1061 3128 casus,

30 3131 146 3196 quando
160 3132 343 3198 emphyteusis
357 3133 480 3196 solvitur,
490 3133 533 3185 voi
543 3135 623 3200 juxta
636 3135 710 3200 leges
725 3133 868 3186 modernas
888 3135 981 3187 civiles
995 3135 1066 3186 redi-

31 3201 121 3251 mitur
146 3201 182 3253 ah
205 3201 378 3268 emphyteuta
396 3202 484 3255 dando
499 3203 593 3268 viginti
622 3207 745 3265 annates,
759 3208 787 3256 st
810 3204 984 3257 leudemium.
1006 3205 1065 3256 iicc

31 3271 147 3335 quidem
163 3286 228 3326 casu
240 3273 403 3326 teudemium
414 3274 602 3340 imputandum
617 3275 725 3327 videtur
734 3276 762 3326 in
776 3281 886 3341 sortem,
900 3278 928 3328 et
951 3273 1064 3341 proinde

32 3356 99 3394 cum
114 3343 221 3410 reliqua
233 3351 307 3397 sorte
328 3345 525 3400 investiendum
539 3360 599 3398 esse
616 3347 642 3397 in
663 3347 742 3399 honis
764 3347 908 3400 stahiiihus
922 3349 1000 3412 juxte
1023 3358 1065 3398 sc·
1166 3407 1171 3414 ι

33 3427 146 3466 cromm
161 3429 294 3468 canonum
317 3417 530 3485 dispositionem,
544 3429 576 3470 eo
589 3417 660 3484 quod
675 3417 808 3484 perhanc
826 3418 991 3470 exactionem
1007 3429 1064 3467 ern·

34 3483 180 3550 phyteusis
199 3489 374 3554 extinguitur,
396 3493 423 3542 et
442 3501 612 3542 successores
635 3488 734 3541 suturis
748 3489 890 3541 laudemiis
913 3488 1061 3552 privantur.

37 3555 190 3612 Curneuim
214 3559 265 3614 hoc
286 3559 451 3614 laudemium
464 3559 544 3614 detur
564 3561 599 3613 ed
618 3559 801 3627 supplendum
822 3559 970 3612 dominium
992 3557 1062 3612 dim·
