2410 4068
580 131 739 194 ..204-

153 257 233 318 tactu
256 269 310 332 per
333 257 444 332 Papam
464 249 637 330 mistione,
660 255 833 319 ordinarius
854 259 959 332 posset
981 271 1016 316 ee
1035 254 1176 318 besenes

153 352 306 420 tamquam
319 360 338 403 a
350 343 554 406 reservatione
568 345 664 406 libera
677 343 835 418 conferre(
856 347 877 414 ).

188 432 280 492 Unica
291 431 356 492 haee
369 438 416 492 est
428 448 499 492 vere
512 439 543 492 et
554 432 678 510 proprie
691 431 771 494 diota
782 432 946 497 reservatio
960 433 1064 506 clause
1075 433 1106 494 in
1114 447 1175 492 cor-

152 537 227 597 pore
244 519 335 596 juris3
360 521 414 580 sed
436 521 635 584 communiter
657 525 801 582 Doctores
813 523 945 596 tradunt,
961 521 1032 581 huic
1046 538 1173 582 reserva·

153 608 226 670 tioni
244 609 325 685 apud
345 607 451 670 Sedere
473 608 601 670 similem
624 627 692 670 asse
714 610 948 672 reservationem
967 609 1173 671 beneficiorum

151 697 321 760 vacantium
333 697 367 758 in
388 695 480 758 Curia
502 697 596 774 ipsius
610 697 770 772 Pontificis,
786 697 826 760 ita
839 704 873 759 ut
886 699 998 772 dicent,
1017 698 1098 760 idem
1115 714 1173 756 esse

151 785 331 846 beneficium
343 802 452 846 vacare
466 787 546 864 apud
561 786 737 860 Sedemvel
750 785 888 847 incuria.
904 788 946 848 tn
956 787 1039 848 hunc
1049 799 1172 847 errorem

153 874 305 936 vitandum
340 873 483 934 latissima
518 872 596 934 inter
623 880 786 952 utrumque
820 874 991 936 discrimina
1032 882 1170 936 notamus.
1191 901 1192 950 1

152 969 191 1024 ttn
204 961 323 1024 vacatio
346 963 426 1039 apud
447 962 555 1024 sedem
577 963 805 1039 comprehendit
826 963 973 1024 beneficia
987 963 1115 1036 illorum,
1129 961 1171 1037 qui

153 1051 233 1128 apud
247 1053 365 1126 sedem,
386 1051 435 1110 vel
458 1049 536 1111 intra
557 1051 632 1112 duas
653 1050 749 1113 dietas
762 1052 800 1112 ab
824 1053 930 1114 eedem
942 1059 1042 1114 morte
1057 1047 1173 1112 naturali

152 1141 352 1213 occumbunt3
365 1140 437 1200 dmn
451 1140 566 1200 vacatio
579 1139 611 1200 in
625 1139 713 1201 Curia
727 1141 956 1218 comprehendit
970 1139 1115 1202 beneficia
1127 1156 1172 1198 eo-

150 1246 228 1304 rum,
245 1229 295 1307 qui
316 1229 366 1288 itta
389 1228 420 1288 in
441 1229 592 1290 Pontificis
614 1228 700 1289 Curia
721 1229 881 1304 dimittunt,
898 1231 1010 1306 quique
1023 1229 1064 1290 ibi
1078 1243 1171 1288 eorum

151 1317 303 1379 beneflciis
323 1315 408 1394 quasi
430 1317 609 1379 moriuntur.
634 1323 673 1376 2¹²
688 1319 860 1380 Reservatio
878 1319 957 1395 apud
971 1319 1083 1380 sedem
1095 1318 1171 1377 durat

151 1413 269 1469 tantum
282 1405 321 1466 ad
334 1421 490 1478 mensem
505 1405 578 1466 dum
588 1407 752 1466 reservatio
766 1406 895 1472 incuria
911 1413 957 1467 est
970 1410 1134 1484 perpetua(
1151 1407 1168 1474 ).

150 1498 190 1554 3·
204 1493 375 1556 Reservatio
392 1495 472 1570 apud
487 1495 593 1553 sedem
607 1501 654 1554 est
676 1496 777 1556 clausa
801 1494 830 1554 in
852 1511 980 1571 corpore
998 1496 1087 1572 juris3
1108 1493 1170 1552 dum

148 1581 310 1642 reservatio
324 1581 354 1640 in
369 1581 455 1642 curia
466 1589 552 1642 extra
566 1597 677 1657 corpus
692 1583 769 1659 juris
784 1588 866 1643 extat
880 1587 931 1655 (6).
948 1590 988 1646 4⁰¹
1010 1579 1167 1644 {reservatio

150 1671 231 1747 apud
246 1670 354 1732 sedem
369 1687 429 1730 non
444 1671 557 1748 tollitur
578 1687 633 1748 per
655 1671 803 1732 indultum
824 1673 975 1734 Pontifiois
995 1675 1086 1732 etiam
1097 1676 1167 1730 motu

151 1758 275 1838 proprio
289 1759 401 1820 editum
415 1759 589 1821 conterendi
600 1759 746 1820 beneficia
759 1768 920 1835 reservata,
931 1761 988 1820 nisi
1000 1761 1040 1821 de
1054 1759 1101 1820 tali
1110 1775 1167 1818 con-

150 1847 288 1910 eessione
300 1848 352 1908 fiat
365 1848 504 1926 specifica
517 1849 646 1922 menum
661 1850 733 1910 dtuu
745 1867 801 1926 per
815 1851 872 1912 tale
888 1850 1039 1912 indultum
1050 1850 1166 1910 aufertur

150 1935 314 1999 reservatio
329 1934 459 1996 incuria
474 1941 526 2010 (7).
548 1939 626 2012 Ergo
649 1937 715 1998 haee
729 1938 789 1998 duo
804 1945 966 2016 nequeunt,
983 1938 1067 2000 saiva
1079 1949 1165 1998 rerum

149 2026 286 2099 veritate,
301 2024 454 2086 confundi.
1192 2077 1193 2102 p

183 2114 249 2180 'tria
259 2121 359 2176 tamen
375 2125 446 2174 aunt
458 2114 611 2192 praecipua
625 2123 810 2194 argmuents,
826 2115 933 2193 quibus
944 2120 1090 2180 Doctores
1103 2115 1164 2176 cita-
1192 2113 1193 2182 ἴ

148 2210 210 2265 tem
222 2202 462 2277 identitatem‚et
472 2205 682 2266 confusionem
694 2205 850 2266 sdstmere
865 2205 1009 2267 nituntur.
1036 2207 1162 2274 Primum,

149 2293 218 2370 quia
239 2293 374 2353 Clemens
397 2295 442 2366 lv,
467 2299 629 2370 postquam
649 2293 813 2354 nominavit
834 2295 1023 2356 vacationem
1036 2294 1112 2372 apud
1121 2297 1164 2352 se·

148 2381 229 2456 dem,
249 2377 384 2440 nominat
405 2397 525 2457 quoque
546 2381 733 2443 vacationem
755 2383 893 2443 incuria
918 2386 969 2457 (8).
994 2381 1161 2450 secundum,

149 2469 219 2547 quia
236 2467 415 2545 explicando
429 2476 561 2530 mentem
583 2469 716 2546 Gregorii
729 2475 776 2545 tx,
791 2469 835 2530 sic
847 2471 888 2530 ait
902 2491 908 2530 :
923 2472 1007 2532 [dem
1021 2482 1063 2534 est
1083 2471 1162 2530 diacre

148 2560 182 2620 ia
197 2559 298 2629 Curia,
315 2558 392 2635 quad
405 2559 486 2634 amici
498 2558 603 2619 Senem
611 2559 807 2634 Apostolicam
822 2563 874 2634 (a).
890 2561 1031 2636 Tertium,
1046 2558 1109 2637 quia
1121 2561 1162 2615 tu·

148 2647 306 2707 nocentius
323 2650 397 2708 xxtt
418 2645 489 2706 dicit
510 2663 621 2706 vacare
641 2646 724 2722 apud
737 2647 845 2708 sedem
869 2647 1026 2723 beneficia,
1043 2663 1106 2725 qvtae
1118 2659 1161 2701 vt·

147 2741 218 2794 cant
232 2741 348 2796 tantum
360 2733 392 2793 in
407 2734 502 2808 Curia,
517 2751 587 2795 cum
600 2733 741 2796 nimirum
753 2735 948 2797 beneficiatus
961 2754 1017 2798 suo
1030 2731 1160 2798 beneficio

146 2819 177 2878 in
190 2822 277 2881 curia
290 2820 449 2894 renuntiat,
464 2823 512 2882 vel
527 2840 564 2882 eo
575 2823 710 2899 privatur
724 2827 792 2896 (rc).
809 2826 867 2886 sed
887 2819 1160 2902 respondentem
1190 2815 1193 2824 '

146 2923 310 2983 servamve,
330 2911 518 2971 clementem
536 2917 567 2970 et
592 2913 726 2972 Glossam
749 2912 832 2989 loqui
855 2914 1021 2975 secundum
1042 2909 1160 2989 explica·

146 2993 296 3056 cntionem
319 2996 420 3056 damni
444 2999 630 3060 aBoniiacio
651 3004 722 3074 vin,
747 3015 814 3078 quae
838 3001 1005 3080 concipitur
1031 3004 1069 3064 de
1088 3012 1158 3068 cam,

146 3083 267 3160 quando
289 3084 484 3146 beneficiatus
507 3088 587 3147 mori
607 3089 757 3164 contineat
779 3093 849 3164 (tt),
874 3097 905 3150 et
924 3094 1068 3152 ioannem
1086 3086 1157 3155 XXII,

19 3191 25 3198 ·
145 3169 227 3246 loqui
242 3170 272 3232 in
287 3169 393 3232 eodem
415 3180 504 3235 textu
518 3176 556 3236 de
570 3175 691 3253 propria
703 3176 859 3240 vacatione
873 3179 953 3256 apud
968 3180 1082 3252 sedem
1102 3186 1158 3250 ‹111ae

145 3261 180 3320 fit
196 3277 252 3336 per
265 3267 394 3324 mortem
417 3266 594 3340 naturalem,
615 3273 646 3326 et
667 3267 706 3326 de
728 3266 901 3343 impropria,
916 3283 984 3344 quae
997 3269 1032 3330 nt
1043 3281 1094 3344 per
1104 3275 1157 3336 spa·

145 3349 223 3413 ciem
248 3349 353 3411 mortis
366 3351 471 3427 civilia,
489 3354 610 3429 quando
623 3354 777 3416 beneflciis
787 3356 1072 3435 renunciatur.1pse
1089 3349 1156 3412 enim

145 3437 186 3498 riri
199 3439 322 3517 respicit
335 3455 430 3518 genus
439 3447 470 3502 et
483 3459 545 3503 non
557 3444 739 3520 spectemet
751 3443 868 3507 vacatio
880 3445 1156 3518 inconstantium

29 3565 31 3571 -
122 3542 242 3608 'genus
255 3529 316 3591 lato
335 3547 427 3593 sensu
445 3532 672 3610 comprehendit
694 3533 856 3613 impropria
876 3535 965 3600 etiam
987 3533 1154 3600 mastonem
