2426 4070
571 147 728 206 -130—

133 293 144 324 ι
163 271 271 339 aliquod
286 271 435 340 parentelae
450 269 586 323 vinculum
601 271 776 333 intercedere,
791 274 818 324 et
836 269 930 336 quale;
952 269 1209 323 siaffirrnative.

133 366 144 394 ι
162 345 434 408 Moneantur(tcstes)
448 343 585 394 declarare
599 345 733 403 arborem,
749 347 776 394 et
788 344 886 402 dicere,
903 355 970 408 quas
980 355 1123 409 personas
1147 357 1206 394 ex

133 436 144 464 ι
164 416 211 466 illa
223 416 403 478 cognoverint,
417 416 590 479 ecquomodo
604 414 639 466 ab
653 415 708 464 illis
726 418 927 480 reputarentur.
941 414 1024 464 luter.
1042 427 1085 464 an
1107 429 1201 465 ora-

133 508 144 536 «
161 492 233 538 tores
247 486 399 537 orthodoxae
414 485 475 535 tidei
487 485 603 538 cultores
622 486 744 544 existant,
753 490 780 536 et
794 483 825 536 in'
835 499 918 536 causa
931 485 1064 536 scientim.
1081 486 1200 536 Inter.

134 578 145 606 ι
164 572 198 608 an
212 557 263 624 ipsi
277 563 360 608 testes
377 558 404 606 in
418 555 551 607 Poschete
565 557 829 608 communicaverint.
844 573 855 602 v
870 557 1018 620 Postquam
1034 570 1109 607 vero
1134 571 1201 607 re-

133 630 263 696 scriptum
273 628 481 692 dispensationis
495 628 634 679 obtentum
648 627 798 678 executioni
812 626 994 677 mandendum
1008 625 1074 688 erit,
1090 627 1202 680 Ordi-

133 701 226 752 narius
240 700 313 764 ipsos
329 704 412 750 testes
429 699 510 750 debet
522 700 662 759 advocare,
679 704 706 750 et
717 699 902 762 interrogare:
913 698 939 748 1ο
952 713 988 750 an
1001 711 1019 749 a
1033 711 1066 750 se
1084 712 1205 764 super

133 772 264 836 disposita
276 771 417 830 ratiticent,
429 770 472 821 vel
484 770 586 835 aliquid
597 770 760 828 addendum,
771 770 814 821 vel
824 769 1019 820 detrahendum
1029 769 1199 830 habeant,

133 847 161 894 et
174 841 238 908 quid
251 861 257 902 3
272 843 298 892 i·
308 857 342 894 ao
353 843 449 906 sciant,
462 842 505 893 vel
518 841 571 893 dici
586 841 730 900 audierint,
746 840 817 906 quod
832 845 952 892 oratores
965 841 1000 892 ab
1022 841 1073 892 illo
1098 852 1197 894 tem-

132 921 208 980 pore,
225 927 278 978 quo
295 918 377 965 testes
391 915 501 965 luerunt
514 913 670 975 examinati,
685 912 875 978 acquisiverint
890 911 943 962 alia
957 913 1038 972 bona,
1052 927 1094 964 ex
1109 915 1198 979 qui-

133 985 186 1036 bus
199 987 317 1050 majores
331 986 434 1036 tructus
446 984 584 1050 percipere
601 987 721 1048 possent,
736 988 763 1034 et
777 996 849 1049 quae,
861 985 888 1033 et
902 995 970 1047 quos
984 983 1098 1034 tructus
1110 999 1196 1049 per-

133 1057 224 1122 cipere
237 1063 366 1123 posscnt;
382 1057 407 1108 3·
421 1070 456 1106 en
469 1069 528 1106 esse
543 1056 640 1121 possit,
660 1056 732 1121 quod
746 1055 801 1106 alia
815 1055 888 1104 hone
908 1055 1128 1120 acquisiverint,
1145 1069 1196 1106 ex

132 1129 233 1193 quihus
255 1131 370 1192 majores
388 1128 492 1178 tructus
512 1128 651 1192 percipere
671 1119 791 1193 possent,
816 1125 933 1176 testibus
956 1125 1188 1190 ignorantibus.

134 1198 238 1250 Deinde
254 1213 288 1248 ex
311 1199 448 1263 responsis
471 1193 632 1252 Ordinariirs
649 1198 793 1262 judicabit,
808 1209 843 1246 an
861 1209 911 1260 pro
925 1197 1038 1248 veritate
1050 1211 1191 1262 precum

126 1265 275 1334 'probanda
289 1269 335 1320 alii
345 1274 428 1321 testes
439 1269 588 1321 advocandi
598 1269 660 1332 sint,
671 1269 713 1321 vel
726 1283 790 1320 uon.
799 1266 972 1320 Reidenstuel
984 1269 1030 1320 cit.
1041 1271 1189 1335 append.

136 1355 164 1391 n.
178 1340 226 1392 tm
238 1345 264 1392 et
279 1354 354 1406 seqq.
369 1367 399 1378 —
415 1341 450 1405 (i)
463 1340 504 1390 Id.
520 1341 580 1393 eod.
595 1341 646 1392 loc.
662 1355 689 1392 n.
706 1341 759 1392 387.

170 1521 233 1576 tit.
256 1515 408 1591 Rescripta
428 1515 577 1576 pontificis
591 1515 848 1591 dispensationum
863 1515 892 1574 in
913 1516 1102 1577 matrimonii
1116 1517 1186 1580 im-

135 1603 312 1681 pedimentis
327 1621 387 1663 non
401 1605 498 1664 solent
521 1605 675 1664 continere
693 1606 818 1679 gratiam
831 1605 952 1679 iactam,
968 1605 1021 1666 sed
1035 1606 1187 1681 gratiam

135 1709 190 1768 per
212 1699 405 1752 executorem
421 1692 589 1752 faciendam
609 1697 664 1793 tt).
690 1699 757 1752 llaec
771 1691 890 1768 quidem
905 1693 1051 1754 committi
1066 1698 1187 1756 solent

135 1782 250 1842 llIcario
265 1781 398 1841 Generali
411 1781 488 1841 illius
502 1781 651 1856 dioecesis,
665 1782 702 1841 ad
717 1799 806 1857 quem
820 1783 949 1858 pertinet
959 1801 1084 1859 sponsa,
1110 1803 1184 1846 non

135 1887 209 1931 vero
223 1869 336 1930 vicario
346 1869 512 1946 capitulari,
528 1871 553 1930 ei
567 1878 652 1930 vacat
666 1872 756 1932 Sedes
771 1871 957 1948 episcopalis,
974 1873 1023 1948 qui
1038 1875 1184 1936 ulterius

136 1961 239 2036 nequit
250 1959 420 2019 executioni
432 1960 574 2019 mandare
588 1951 731 2036 rescripta
751 1962 789 2020 ad
801 1961 932 2036 priorem
945 1961 1098 2024 vicarium
1117 1971 1180 2026 Ge-

137 2050 269 2110 nerelem
282 2049 397 2108 directa
413 2069 418 2106 :
434 2055 558 2108 vacante
572 2048 650 2109 enim
665 2049 750 2121 Sede,
767 2049 908 2125 praedicta
919 2051 1066 2126 rescripta
1081 2069 1183 2114 com-

137 2139 213 2200 mitti
227 2139 324 2199 solent
348 2137 461 2198 vicario
485 2139 617 2198 Generali
642 2138 779 2214 Episcopi
799 2139 960 2211 vicinioris,
987 2155 1046 2198 non
1064 2149 1180 2204 autem

137 2227 252 2289 vicario
271 2227 427 2303 capitulari
443 2232 494 2301 (i).
518 2233 614 2299 Quare
631 2229 656 2286 si
675 2234 834 2302 autequam
847 2229 1025 2303 rescriptum
1037 2228 1078 2288 sit
1097 2249 1180 2294 exe-

138 2317 250 2376 cutioni
270 2317 453 2388 mandatum,
469 2323 564 2376 statos
582 2316 626 2376 rei
639 2323 780 2388 mutetur,
794 2315 972 2393 rescriptum
994 2319 1117 2379 corruit
1149 2330 1181 2382 et

139 2405 246 2481 exequi
261 2405 387 2480 amplius
400 2405 502 2480 nequit
512 2409 567 2477 (3);
581 2405 634 2466 sed
646 2421 770 2464 necesse
783 2412 830 2465 est
844 2403 952 2464 iterum
965 2406 1003 2466 ad
1014 2423 1181 2472 summum

139 2495 312 2555 Pontificem
326 2511 481 2555 recurrere
494 2511 549 2570 pro
564 2511 643 2553 novo
654 2493 811 2569 rescripto,
827 2496 907 2570 quod
922 2513 960 2554 ex
974 2497 1058 2572 stylo
1074 2502 1180 2560 Curiae

58 2635 60 2640 .
139 2585 265 2644 Perinde
292 2584 388 2644 volere
417 2585 594 2658 appelletur.
625 2583 743 2642 Mutatio
772 2599 844 2642 vero
863 2590 932 2658 post
957 2585 1179 2651 executionem

139 2673 262 2733 suborta
275 2689 336 2731 non
352 2677 451 2748 potest
463 2671 589 2746 amplius
603 2687 724 2744 nocere,
736 2671 792 2730 uisi
808 2689 917 2731 novum
926 2673 964 2732 sit
975 2672 1180 2749 impedimen-

140 2768 212 2821 tum.
230 2767 261 2822 lo
281 2760 457 2822 executione
472 2767 591 2820 tenetur
612 2767 756 2820 executor
774 2761 1012 2821 accurretissime
1029 2767 1179 2844 rescripti

141 2851 301 2923 clausulas,
316 2849 378 2909 sive
400 2851 543 2908 formulas
562 2851 733 2924 observare,
749 2866 816 2926 quae
829 2850 959 2910 maxime
971 2851 1002 2910 in
1015 2854 1180 2930 rescriptis

140 2933 266 3000 llatariae
280 2940 381 3014 plures
396 2945 466 2998 sunt
481 2943 491 3011 (
511 2942 532 3009 ).

173 3104 209 3169 (l)
221 3103 254 3154 ln
268 3104 417 3169 ouaeetione
432 3117 467 3154 en
485 3107 610 3155 executor
624 3103 777 3156 litterarum
796 3103 1008 3170 dispensationis
1024 3106 1059 3160 ad
1073 3115 1176 3166 matri-

142 3175 262 3228 monium
275 3175 374 3226 habeat
385 3175 607 3240 iurisdietionem,
624 3176 665 3226 vel
683 3174 787 3226 nudum
813 3175 1002 3243 ministerium,
1020 3185 1174 3246 responde-

142 3259 204 3299 mus
219 3259 280 3297 cum
298 3257 370 3312 saepe
388 3245 468 3316 citato
492 3243 667 3296 Reidenstuel
683 3247 732 3296 loc.
752 3248 798 3298 cit.
818 3260 846 3296 n.
861 3247 918 3312 353,
933 3248 1033 3302 hebere
1054 3253 1174 3316 iurisdi-

143 3319 259 3369 etionem
270 3317 298 3368 in
308 3315 496 3373 examinando,
508 3319 534 3367 et
542 3315 746 3368 informationes
758 3319 901 3382 capiendo,
912 3333 946 3370 an
956 3335 1051 3384 preces
1059 3325 1174 3380 veritate

143 3388 281 3450 nitantur,
300 3396 326 3440 et
339 3387 441 3439 habere
454 3386 555 3438 nudum
570 3387 750 3438 ministerium
763 3388 791 3438 in
804 3387 964 3453 imponendo
974 3393 1171 3463 poenitentiam,

144 3459 318 3520 absolvendo,
339 3458 531 3524 dispensando,
545 3457 648 3524 prolem
663 3459 810 3524 legitimam
825 3461 988 3513 nunciaudo.
1005 3464 1045 3514 Ex
1061 3464 1112 3518 hoo
1126 3482 1168 3521 se-

144 3530 245 3597 quitur,
256 3537 425 3586 executorem
438 3543 518 3596 posse
532 3529 712 3594 subdelegere
726 3530 815 3594 elteri,
833 3545 895 3596 quae
910 3531 944 3586 ad
953 3534 1169 3598 jurisdictionem
