2494 4062
523 147 663 206 45..
725 123 733 144 ⁸

88 267 210 341 redditu,
227 267 373 329 sacerdos
392 267 522 329 celebrat
535 275 580 330 tot
593 269 747 332 dumtaxat
759 271 877 348 missas,
892 277 966 349 quot
978 272 1110 334 florenos

85 359 206 435 accipit3
221 357 254 416 in
270 358 404 418 secundo
418 375 491 418 vero
507 375 589 432 casu,
605 359 747 436 quidquid
762 362 810 422 alii
824 361 933 437 dicant,
947 362 1110 423 consultius

84 454 125 508 est
150 448 189 507 ad
219 453 248 507 S.
275 444 542 522 congregationem
563 465 620 524 pro
643 449 817 510 reductione
842 467 1018 523 recurrere,
1041 450 1111 526 quia

82 536 143 596 haec
164 536 258 596 etiam
282 535 417 596 reductio
439 535 558 596 videtur
580 541 608 596 S.
633 537 700 598 Sedi
722 545 872 598 reservata
887 542 937 612 (3).
963 544 992 598 3ο
1015 537 1044 598 si
1070 539 1110 598 ob

83 624 240 685 adauctam
253 632 356 684 texam
375 624 550 700 synodalem
565 625 701 686 redditus
714 643 775 686 non
790 626 917 703 amplius
931 643 1109 703 correspon-

85 713 170 773 deant
192 729 322 773 numero
344 711 502 773 missarum
525 714 781 787 celebrandarum,
806 717 953 776 servanda
975 722 1021 776 est
1040 723 1110 776 taxa

85 803 202 879 antiqua
227 804 265 862 ab
288 802 453 876 Ordinato,
468 803 516 864 vel
534 803 726 864 benefactore
749 805 927 878 constituta3
946 812 976 865 et
989 805 1109 881 quando

84 891 220 968 obligatio
233 891 404 952 celebrandi
416 907 574 951 numerum
584 892 812 953 determinatum
823 893 982 954 missarum
991 895 1108 954 firmata

82 981 132 1040 tuit
144 981 225 1041 inter
236 980 395 1041 ecclesiam
410 986 441 1041 et
453 981 675 1042 benefactorem
686 1000 740 1058 per
750 989 947 1056 contractum,
957 983 1003 1042 vel
1015 983 1111 1060 quasi·

84 1077 281 1144 contractum,
303 1087 401 1146 neque
422 1070 557 1131 reductio
577 1089 594 1130 a
612 1075 641 1130 S.
659 1072 893 1148 congregatione
913 1072 1107 1144 conceditur3

82 1159 131 1218 sed
146 1165 263 1218 tantum
286 1158 438 1236 implorari
458 1165 557 1235 potest
571 1160 702 1220 officinm
718 1160 836 1236 iudicis,
857 1163 890 1220 ut
911 1165 1108 1234 contractum,

81 1249 127 1308 rel
139 1248 431 1324 quasi-contractum
448 1248 600 1324 injustum,
620 1256 650 1308 et
669 1248 803 1308 laesivum
816 1251 946 1310 resolvat
967 1253 1018 1322 (3).
1034 1255 1066 1308 l·
1080 1248 1110 1308 si

81 1337 174 1413 legata
188 1354 206 1397 a
221 1329 368 1398 testatore
379 1336 482 1396 relicta
502 1337 673 1397 reducenda
697 1337 765 1412 sint,
791 1337 860 1414 quia
882 1343 1007 1398 testator
1028 1337 1110 1398 ultra

81 1425 156 1485 vires
169 1425 353 1486 haereditatis
367 1425 531 1502 disposuit3
546 1427 678 1502 legatum
691 1433 790 1488 umen
805 1425 964 1488 missarum
979 1443 1034 1502 pro
1049 1441 1109 1486 una

81 1513 143 1575 rice
157 1515 329 1576 institutum
342 1532 403 1573 non
413 1514 573 1576 minuitur:
589 1531 659 1574 nam
673 1515 856 1576 credendum
868 1521 923 1590 est,
932 1515 962 1575 in
972 1514 1023 1575 tali
1037 1531 1109 1576 casu

84 1609 255 1664 testatorem
269 1602 400 1664 noluisse
411 1603 649 1665 imminutionem
658 1604 768 1665 habere
782 1605 882 1666 locum
895 1605 925 1664 in
940 1605 1039 1682 legato
1047 1621 1108 1681 pro

86 1693 182 1753 anima
198 1710 254 1752 sue
268 1693 372 1766 facto(
392 1699 413 1767 ).

110 1835 144 1898 (1)
158 1833 329 1886 Monacellus
343 1834 384 1885 tlt.
399 1833 423 1897 6,
438 1834 515 1893 form.
528 1835 552 1893 9,
569 1848 597 1884 u.
615 1833 625 1884 t
643 1837 670 1886 et
682 1834 705 1885 2.
722 1832 795 1898 S.,de
810 1833 917 1898 Ligario
932 1833 950 1885 l.
965 1833 989 1893 6,
1004 1848 1031 1885 ιι.
1049 1834 1105 1886 324.

81 1933 111 1946 -
121 1908 157 1970 (l)
171 1906 213 1957 De
228 1905 255 1956 S.
271 1905 379 1969 Ligurio
394 1905 436 1956 cil.
449 1905 468 1955 l.
482 1907 506 1964 6,
521 1919 549 1957 n.
565 1906 620 1968 331,
634 1905 698 1956 dub.
709 1905 734 1956 2.
748 1932 778 1944 -
793 1905 828 1970 (3)
838 1905 1004 1958 Monaeellus
1018 1906 1050 1956 tit
1067 1905 1106 1970 16,

81 1979 127 2030 tor.
145 1979 183 2036 tt,
199 1992 227 2028 n.
244 1977 281 2028 17.
298 1975 370 2026 lllud
385 1976 429 2026 bic
446 1982 580 2038 notamus,
595 1975 752 2041 quodiana,
767 1977 807 2027 ite
823 1976 944 2040 exigente
958 1981 1109 2041 temporum

82 2055 106 2101 et
120 2050 241 2100 locorum
254 2048 427 2107 necessitate,
441 2048 536 2112 augeri
553 2051 657 2112 potest:
680 2061 742 2098 nam
761 2053 823 2098 taxa
840 2047 899 2099 haec
920 2049 1055 2099 concurrit
1073 2047 1107 2100 ad

82 2121 263 2186 quotidianam
277 2118 426 2185 sacerdotis
440 2117 680 2170 substentationem
690 2135 696 2179 ;
708 2121 735 2170 et
748 2118 807 2169 ideo
822 2119 935 2169 adauctu
950 2119 1108 2170 victualium

82 2192 175 2256 pretio,
191 2191 322 2255 adaugeri
336 2189 415 2241 etiam
430 2192 520 2254 potest
534 2189 668 2254 synodalis
679 2190 825 2241 missarum
840 2195 911 2252 taxe,
924 2191 994 2241 sicut
1006 2190 1108 2256 ubique

83 2261 134 2314 iere
145 2263 247 2314 nostris
256 2261 426 2327 temporibus
436 2261 574 2326 contingit.
585 2288 617 2300 -
628 2261 662 2324 (t)
676 2263 817 2312 Amostazc
827 2261 860 2312 dc
874 2274 946 2312 caus.
959 2261 1012 2327 piis
1023 2261 1070 2312 lib.
1082 2261 1106 2312 2.

85 2331 114 2384 de
127 2335 202 2386 miss.
216 2348 239 2384 c.
256 2333 281 2392 6,
294 2347 323 2383 n.
337 2331 379 2394 1ος
390 2332 437 2398 qui
450 2334 525 2383 tenet
538 2332 851 2398 hocjprocederenedum
861 2332 889 2383 in
899 2331 994 2396 legatis
1007 2331 1108 2384 relictis

83 2416 128 2468 pro
140 2419 196 2457 una
210 2405 278 2465 vice,
293 2403 342 2456 aed
357 2404 438 2457 etiam
454 2403 594 2469 integens
612 2403 760 2470 perpetuis,
775 2403 839 2470 quia
853 2402 947 2456 eadem
961 2407 1002 2456 est
1013 2403 1089 2456 ratio.

114 2568 175 2626 330.
192 2569 267 2624 cum
279 2563 438 2632 missarum
451 2579 543 2624 onera
555 2561 586 2621 in
600 2569 787 2623 antecessum
798 2579 860 2623 non
877 2564 999 2624 luerunt
1012 2563 1107 2624 adnn-

85 2654 168 2730 utera,
182 2655 232 2714 vel
247 2654 278 2712 in
292 2659 447 2729 posterum
458 2670 520 2713 non
540 2658 666 2728 possunt
680 2650 834 2727 adimpleri
851 2651 941 2712 intrat
960 2651 1106 2728 Composi-

86 2743 129 2818 tto,
143 2750 173 2804 et
185 2743 333 2804 deductio.
347 2741 527 2818 Compositio
540 2747 585 2802 est
598 2741 778 2802 condonatio
792 2742 840 2801 vel
853 2740 988 2801 remissio
1001 2741 1108 2802 missa·

83 2847 154 2907 rum,
169 2849 227 2910 pro
242 2831 350 2908 quibus
363 2831 484 2892 luerunt
493 2831 757 2906 eleemosynae‚vel
768 2831 883 2891 tructus
893 2830 1107 2892 beneficiorum

85 2921 191 2999 absque
205 2921 405 2982 celebratione
417 2921 479 2996 jam
493 2919 638 2996 percepti,
659 2935 725 2995 quae
738 2920 771 2979 tit
794 2925 846 2978 aut
869 2919 1038 2980 immediate
1052 2936 1107 2996 per

84 3025 228 3072 amomum
240 3010 422 3082 Pontificem,
436 3009 624 3069 autmediate
639 3015 695 3084 'per
710 3025 856 3084 organum
865 3008 1106 3084 Paenitentianae,

84 3102 128 3160 rel
140 3106 167 3162 S.
184 3098 428 3177 congregationis
452 3097 583 3172 concilii,
598 3099 647 3157 vel
666 3102 694 3158 S.
712 3096 953 3173 congregationis
976 3098 1106 3158 Fabricae

85 3191 110 3247 S.
121 3189 208 3263 Petri,
221 3197 256 3249 ut
268 3188 453 3265 frequentius
464 3186 581 3247 accidit.
593 3191 663 3246 llaec
674 3191 703 3246 S.
714 3187 792 3246 Petri
807 3185 927 3246 Fabrica
941 3202 1108 3262 congruum

85 3279 209 3352 quotidie
220 3277 382 3338 missarum
402 3292 457 3352 per
471 3276 628 3352 deputatos
642 3276 816 3350 capellanos
839 3274 870 3334 in
893 3275 1017 3336 Basilica
1029 3272 1108 3335 Vati-

85 3383 154 3427 cana
180 3367 333 3428 celebrare
358 3365 429 3426 facit
454 3364 486 3424 in
513 3363 688 3440 suffragium
715 3362 891 3439 animarum,
911 3382 967 3441 pro
999 3363 1107 3439 quibus

85 3456 188 3517 omissa
200 3455 351 3518 sacrificia
365 3461 451 3516 crant
469 3454 655 3532 applicanda,
675 3453 747 3514 dum
760 3454 879 3531 supplet
892 3452 922 3512 in
937 3452 1051 3529 reliquo
1066 3465 1107 3508 ex

84 3545 220 3621 spirituali
236 3543 379 3608 Ecclesiae
395 3544 546 3619 thesauro,
568 3548 599 3603 et
614 3540 671 3602 illis
684 3541 819 3618 injungit,
833 3540 888 3626 ¹qud
909 3558 963 3602 suo
978 3554 1040 3630 non
1055 3553 1102 3622 sa-

188 3645 225 3698 11.
967 3636 983 3688 2
