2560 4080
533 281 692 336 ..599-

91 397 153 450 aliis
167 399 442 471 congregationibus
451 427 483 438 -
495 399 531 465 (2)
551 400 641 466 HuJus
664 400 886 468 congregationis
896 353 1050 466 ¹iurisdictio
1063 404 1116 456 'aa-

88 469 209 521 tenditur
226 471 308 522 etiam
330 484 412 535 supra
431 471 708 538 Episcopos..quando
725 471 759 523 de
770 472 925 537 regionibus
940 471 1039 539 agitur,
1054 477 1116 537 quta
1139 493 1140 498 ¹

88 541 160 592 inter
171 541 312 606 hereticos,
329 547 356 592 et
370 541 556 593 schismaticos
571 547 634 593 sunt
647 543 810 594 constitutae.
826 543 909 594 Sacra
926 555 1033 608 quoque
1047 543 1116 603 Gon·
1216 558 1218 562 ’

86 615 208 678 gregatio
219 613 330 666 Rituum
343 612 376 664 da
387 613 562 666 contentiosis
575 613 604 664 in
614 613 727 666 matoria
737 613 927 679 precedentiae
940 607 1054 679 judicat.

124 829 187 886 928.
207 829 305 890 Sacrae
316 829 456 885 Romanae
473 826 724 901 congregationes
738 828 848 901 praeter
862 824 1048 886 contentiosa
1062 841 1116 884 ne-

86 914 180 992 gotia,
203 920 238 974 ut
258 913 419 986 innuimus,
443 913 533 973 etiam
555 930 614 974 non
633 913 819 974 contentiosa
839 918 975 988 tractant,
995 931 1031 974 ac
1043 913 1117 973 ded-

87 1003 183 1064 niunt.
207 1007 276 1062 ilaec
290 1002 513 1078 negotiajuxta
535 1019 640 1062 eorum
665 1003 838 1078 gravitatem
857 1003 905 1062 rel
920 1000 1118 1078 expediuntur
1178 1061 1179 1068 ,

87 1093 127 1152 ab
150 1096 216 1169 ipsa
239 1091 483 1168 congregatione,
504 1097 554 1151 aut
576 1091 614 1150 ab
637 1091 702 1167 ejus
719 1091 871 1165 Praefecto,
887 1093 935 1151 rel
957 1089 1118 1151 secretario

87 1189 158 1260 post
173 1179 354 1242 audientiam
374 1179 565 1242 sanctissimi.
581 1185 700 1256 Spectat
718 1186 817 1241 autem
840 1181 878 1239 ad
898 1179 996 1256 ipsum
1010 1177 1119 1240 Praefe·

90 1277 184 1343 ctum,
200 1271 249 1331 vel
271 1267 465 1330 secretarium
480 1275 621 1344 statuere,
637 1287 703 1346 quae
722 1269 780 1328 sint
794 1286 892 1330 causae
913 1275 983 1330 ante
997 1273 1028 1330 S.
1043 1273 1119 1330 ccn·

88 1358 294 1435 gregationem
314 1359 519 1435 proponendae
543 1364 577 1418 ut
598 1357 761 1434 graviores,
775 1365 807 1418 et
830 1375 896 1434 quae
918 1357 974 1417 alio
994 1356 1119 1417 modoa
1212 1401 1214 1406 -

89 1464 124 1508 se
145 1447 297 1508 solvenda
309 1453 344 1506 ut
363 1445 502 1506 leviores.
522 1446 646 1518 Quando
660 1446 812 1522 negotium
830 1447 928 1522 plenae
951 1451 1118 1522 congrega·

88 1534 164 1594 iioni
176 1534 362 1612 proponitur,
379 1535 514 1611 ejusdem
532 1535 710 1595 secretarius
724 1535 885 1595 summaria
901 1550 1027 1610 precum
1044 1550 1119 1594 con·

50 1633 58 1648 ·
88 1621 162 1698 ficit,
181 1623 211 1682 in
227 1622 336 1700 quibus
349 1629 459 1683 statum
472 1622 516 1684 rei
539 1623 671 1700 exponit,
693 1622 928 1698 informationes,
949 1632 978 1684 et
996 1630 1066 1684 vota
1080 1622 1119 1681 ab

93 1711 256 1772 ordinariis
270 1729 306 1772 ea
320 1729 412 1792 super
424 1729 458 1774 re
472 1707 662 1788 interrogatis
674 1713 774 1773 habita
786 1717 980 1790 repraesentat
993 1715 1044 1786 (l),
1056 1713 1120 1788 jun·

91 1800 136 1876 git
147 1799 310 1876 doctrinas,
326 1789 356 1862 e't
369 1802 507 1876 exempla
521 1801 559 1860 ad
577 1817 642 1861 rem
658 1800 806 1874 facientia,
827 1807 980 1877 totamque
998 1813 1121 1864 causam

93 1889 131 1949 ad
145 1905 246 1960 unam,
260 1891 308 1950 vel
323 1889 397 1949 duas
410 1890 518 1949 breves
531 1890 710 1965 quaestiones
723 1889 839 1950 reducit
854 1909 872 1950 a
886 1887 1120 1966 congregatione

91 1978 286 2038 resolvendas
314 1984 364 2051 (t).
394 1977 423 2039 si
451 1994 524 2038 vero
548 1979 701 2054 negotium
727 1978 935 2054 gravissimum
958 1979 1119 2056 Judicetur,

92 2085 184 2128 causa
204 2065 325 2144 ponitur
338 2067 369 2126 in
382 2066 452 2127 folio
474 2066 634 2142 ordinario,
650 2073 711 2127 eta
730 2071 758 2128 S.
783 2066 1016 2146 congregatione
1034 2083 1120 2129 more

93 2157 180 2217 solito
195 2157 342 2217 deciditur
357 2159 408 2232 (3).

123 2330 160 2396 (l)
174 2329 381 2384 Ordiuariorum
394 2329 607 2388 informationes,
622 2330 649 2380 et
661 2333 723 2382 rota
737 2328 897 2396 regulariter
910 2341 1017 2393 semper
1031 2328 1073 2381 val
1083 2329 1118 2382 ab

92 2401 153 2466 ipso
168 2401 321 2464 ordinario,
335 2401 379 2454 vel
393 2415 409 2453 a
421 2401 549 2452 viciniore
564 2399 706 2465 Episcopo,
722 2405 769 2452 aut
778 2401 830 2451 alic
846 2401 964 2452 Praelato
974 2401 1120 2466 exquirun-

93 2477 146 2526 tur.
163 2473 348 2540 Exeipiendus
361 2477 452 2524 tamen
465 2477 506 2524 est
525 2472 654 2530 manain
670 2487 723 2538 quc
745 2471 859 2536 quaestio
874 2473 1003 2523 consistat
1020 2473 1048 2524 in
1062 2472 1119 2525 solo

90 2546 164 2609 jura,
178 2545 318 2610 quietudo
333 2544 535 2596 informationes
550 2543 582 2594 de
596 2543 659 2594 facti
677 2543 888 2598 circumstantiis
904 2542 1022 2594 evadunt
1035 2541 1118 2594 inuti-

93 2615 145 2677 leS,
160 2620 187 2666 et
198 2616 267 2667 votis
281 2616 486 2668 Ordinoriorum
500 2615 598 2680 injure
612 2613 772 2681 explicando
786 2613 814 2664 S.
826 2614 1002 2678 congregatio
1017 2627 1070 2666 non
1080 2615 1119 2664 in·

93 2686 175 2751 diget
187 2713 217 2723 ·-
225 2687 260 2751 (i)
270 2687 312 2738 Ita
322 2689 510 2754 praeparautur
525 2685 712 2748 resolutiones,
722 2692 748 2736 et
755 2685 896 2750 scripturae
907 2686 977 2751 typis
990 2685 1116 2748 eduntur,

92 2762 124 2810 ut
139 2763 202 2810 ante
216 2759 275 2810 dies
289 2759 408 2810 decerna
422 2757 632 2822 congregatione
653 2756 778 2808 habenda
799 2757 913 2821 singulis
927 2755 1117 2808 cardinalibus
1194 2770 1195 2773 ’

94 2829 301 2882 distribuantur.
317 2829 429 2892 Quando
439 2833 530 2880 tamen
540 2827 718 2880 resolutiones
732 2827 830 2879 dantur
840 2827 873 2878 ad
883 2827 1040 2880 instantiam
1052 2839 1115 2892 par-

93 2901 172 2959 tium,
187 2905 331 2952 monentur
345 2903 437 2967 partes
450 2900 582 2951 habentes
596 2898 624 2950 in
642 2913 725 2952 causa
747 2899 875 2950 interesse
889 2898 922 2950 ad
944 2900 1010 2964 jura
1027 2911 1078 2950 sua
1089 2898 1117 2949 in

93 2971 307 3036 congregatione
323 2970 490 3033 deducenda,
505 2969 576 3036 quod
586 2976 651 3022 tunc
664 2969 779 3022 maxime
793 2968 831 3032 fit,
847 2985 908 3020 cnm
921 2969 1034 3021 dubium
1045 2970 1117 3034 posi-

93 3045 152 3094 tum
166 3049 208 3093 est
221 3041 252 3096 itt
266 3045 397 3106 concreto,
412 3055 445 3092 an
463 3038 566 3092 scilicet
579 3040 622 3091 lex
633 3041 751 3116 aliquem
765 3041 931 3106 peculiarem
945 3054 1038 3092 casum
1049 3054 1119 3092 com·

1 3125 8 3144 ⁶
92 3113 251 3180 prehendat.
261 3141 293 3152 —
306 3115 342 3181 (3)
348 3113 428 3168 Anal.
440 3114 495 3179 jnr.
510 3113 588 3164 Pont.
603 3113 637 3164 ad
649 3124 751 3163 annum
768 3113 835 3177 1856,
850 3125 911 3180 pag.
925 3113 988 3166 alet
1001 3115 1028 3166 et
1041 3125 1116 3178 seqq.

121 3311 192 3368 aaa.
216 3311 297 3368 Inter
316 3307 435 3384 negotia
454 3324 516 3368 non
537 3306 722 3367 contentiosa
739 3306 876 3382 quaedam
894 3311 973 3380 sunt,
991 3321 1058 3382 quae
1079 3302 1118 3362 ad

93 3395 327 3458 ecclesiasticam
346 3396 631 3456 administrationem
655 3393 846 3471 spiritualem,
871 3402 902 3455 et
924 3393 1117 3472 temporalem

92 3485 271 3559 referuntur,
291 3491 325 3545 ut
339 3483 461 3558 indulta,
482 3483 645 3561 privilegia,
666 3481 914 3559 dispensationes,
930 3491 988 3544 etc.
1004 3479 1117 3555 atalia,

93 3590 161 3651 quae
179 3573 218 3634 ad
235 3573 403 3638 habendam
418 3574 494 3650 iuria
516 3571 755 3648 explicationem,
778 3574 826 3636 vel
843 3569 1119 3648 interpretationem

91 3663 270 3739 diriguntur,
279 3669 313 3723 ut
327 3667 396 3722 sunt
408 3661 651 3737 consultationes,
665 3661 765 3738 dubia,
778 3662 968 3738 quaestimms,
983 3676 1049 3737 quae
1068 3674 1116 3719 sa·
1175 3683 1181 3694 ·

203 3762 240 3814 li.
976 3758 1008 3812 30
