2524 4080
127 282 218 344 loesio
247 298 349 345 eorem
378 282 445 360 ipso
473 287 525 359 (t).
540 285 718 346 ¹tlotendum
745 281 868 344 ulterius
894 283 978 360 quod
1005 281 1038 343 in
1063 297 1150 343 conse

128 371 207 432 civili
220 371 368 432 consessio
377 371 526 449 judicialis
547 373 586 433 od
609 372 702 434 instor
713 373 873 452 juramenti
883 371 978 432 dividi
992 373 1102 449 nequit,
1118 378 1151 432 et

128 461 254 611 diffie
274 461 323 521 vel
344 460 461 538 integro
482 463 665 592 acceptando
686 469 751 537 est,
774 463 823 524 rel
850 479 894 528 er
915 461 1034 538 integro
1062 477 1151 538 repu-

157 683 193 750 (ι)
206 683 236 736 n.
252 684 291 746 rs,
304 683 332 737 n.
347 683 381 738 os
392 697 448 752 rep.
458 709 490 724 -
501 683 539 752 (r)
551 684 615 752 osp.
628 684 653 746 l,
663 683 697 738 oe
707 683 794 752 judio.

160 882 224 938 796.
244 883 316 940 cum
336 878 375 938 od
396 877 560 956 simplicem
577 875 687 937 sotoris
704 877 887 954 petitionem,
908 879 970 940 sive
992 878 1038 940 rei
1061 895 1153 941 exce·

121 949 256 1044 ptiuuem
269 967 430 1027 adversarii
443 967 589 1026 confessio
605 966 707 1042 nequit
725 967 854 1028 obtineri
870 968 930 1044 jus,
946 967 1153 1030 subministret

123 1056 255 1118 medium
267 1055 306 1116 ad
324 1073 392 1116 eam
405 1055 581 1117 eliciendam
597 1055 686 1116 veluti
700 1073 738 1115 ex
753 1055 845 1115 invito
859 1057 1043 1132 edversario,
1056 1057 1109 1135 qui
1122 1057 1152 1117 in

119 1165 160 1208 eu
172 1146 289 1207 salebra
307 1145 438 1222 ponitur,
458 1151 492 1204 ut
509 1144 692 1216 confitendo.
707 1146 755 1205 vel
776 1145 948 1206 mentiendo
963 1146 1072 1206 debeat
1085 1163 1153 1208 sese

116 1238 258 1296 ‘onerare
274 1239 337 1295 Hoc
349 1240 448 1294 autem
470 1250 524 1309 per
542 1231 705 1309 positiones
719 1233 869 1294 obtinetur
882 1239 936 1308 (l).
949 1234 1062 1295 Positio
1076 1252 1151 1294 con-

123 1323 199 1384 sistit
210 1323 241 1384 in
253 1322 416 1383 assertione
429 1321 555 1398 alicujus
576 1323 647 1381 lecti
669 1323 707 1382 ed
729 1337 851 1382 caueam
873 1322 1057 1399 pertinentis,
1081 1341 1149 1399 qoae

123 1412 161 1472 ab
175 1429 235 1472 uno
249 1429 288 1472 ex
301 1411 483 1488 litigantibus
495 1411 525 1471 in
545 1410 656 1487 judicio
670 1411 859 1486 proponitur.
874 1416 907 1470 ut
921 1411 1019 1470 eidem
1040 1409 1146 1470 adrer-

123 1502 219 1562 ecrius
238 1501 443 1573 concedendo,
456 1502 504 1561 rel
522 1500 659 1576 negando
678 1501 870 1575 respondere,
882 1505 1037 1572 tenentum
1061 1499 1112 1560 cui
1125 1499 1152 1560 si

123 1606 184 1649 non
197 1590 388 1666 respondeat,
404 1595 556 1665 tamquam
569 1589 724 1672 confessus
738 1587 883 1648 habeatur
898 1591 949 1661 (t).
968 1588 1077 1648 Positio
1096 1589 1150 1649 de-

122 1678 192 1738 inde
201 1679 260 1738 boc
272 1677 389 1737 videtur
401 1677 555 1754 designate
568 1676 699 1751 nomine,
712 1677 780 1753 quie
794 1676 845 1752 qui
858 1693 925 1736 eam
936 1676 1017 1747 lecit.
1036 1676 1150 1754 aliquid

121 1767 204 1845 ponit
217 1773 250 1826 ut
261 1782 366 1828 verum
375 1766 424 1824 vel
440 1765 600 1839 notorium,
611 1766 690 1826 etde
702 1783 737 1825 co
749 1765 954 1825 adversarium
967 1766 1148 1842 interrogat,

99 1867 160 1925 “en
173 1855 236 1934 ipse
249 1871 370 1932 quoque
382 1860 541 1930 utrorum,
556 1855 607 1916 rel
620 1854 772 1915 notorium
783 1853 917 1914 admittet
933 1843 991 1928 (3).'

153 1999 187 2066 (l)
201 1998 259 2052 llos
273 2001 331 2050 erut
353 1997 544 2058 Romanorum,
559 2001 589 2050 ut
601 1999 707 2050 Praetor
719 1997 830 2050 deberet
847 1997 946 2050 sotoris
960 1996 995 2049 od
1010 2011 1089 2049 reum
1108 1998 1148 2050 in·

121 2071 309 2137 terrogctionis
322 2069 425 2132 audire,
440 2077 470 2122 ut
483 2074 558 2137 petet
571 2084 604 2122 ex
614 2070 693 2122 titulo
712 2070 893 2134 Digestorum,
904 2067 936 2121 de
952 2069 1150 2135 interropats'o·

120 2141 199 2196 sitm
207 2141 239 2194 in
247 2143 313 2209 jure
325 2140 416 2206 suctu,
427 2144 488 2205 eto.;
501 2142 549 2200 sed
558 2141 609 2192 hoc
622 2141 741 2207 speciale
751 2145 809 2194 eret
819 2141 847 2191 ln
856 2153 940 2192 oense
953 2141 1147 2205 possessionis,

120 2216 147 2264 et
166 2213 241 2264 reoli.
252 2212 375 2265 tuerere
391 2212 549 2265 canonicum
563 2212 748 2278 interrogandi
763 2211 868 2276 praxim
886 2210 996 2262 admisit
1016 2215 1073 2263 tom
1093 2226 1146 2278 pro

120 2286 220 2344 colore.
239 2296 320 2350 quem
335 2297 385 2350 pro
402 2297 456 2343 rec.
471 2287 527 2336 tem
541 2284 569 2335 in
582 2284 688 2336 cotione
697 2282 772 2342 reoli,
788 2297 870 2350 quem
884 2282 914 2333 in
927 2283 1033 2352 actione
1047 2297 1147 2348 perso·

124 2354 190 2414 usli.
213 2353 292 2406 modo
309 2353 532 2420 interrogationes
551 2359 766 2423 proponerentur
783 2355 834 2406 sub
850 2355 937 2406 forme
956 2353 1125 2420 positionum
1142 2375 1151 2418 t

122 2426 196 2492 quod
211 2423 350 2477 inductum
362 2430 412 2485 est,
429 2429 460 2476 ut
472 2431 672 2492 agnosceretur,
683 2425 749 2492 quid
762 2425 791 2482 in
804 2439 885 2477 ceusc
894 2428 950 2476 tem
960 2430 1045 2488 ector,
1059 2439 1147 2492 quem

120 2509 183 2548 reus
195 2496 362 2555 concederet,
371 2496 469 2562 etquid
480 2502 599 2561 negaret,
612 2497 738 2564 quodque
747 2496 917 2563 probandum
927 2499 1090 2549 remaneret.
1106 2498 1151 2550 Ex

120 2580 174 2634 que
191 2569 268 2632 proxi
279 2569 364 2634 ejure
381 2567 507 2620 cencnico
516 2568 635 2632 inducte,
646 2572 673 2620 et
685 2573 779 2635 posteo
789 2569 874 2633 eiuro
883 2567 955 2618 civili
970 2571 1080 2635 receptu
1088 2582 1148 2621 ms·

120 2639 194 2695 xime
207 2641 318 2691 emersit
337 2638 440 2692 utilitas
452 2639 487 2691 ed
505 2640 664 2704 celeriorem
682 2644 709 2691 et
728 2639 920 2704 simpliciorem
936 2653 1082 2691 censorum
1094 2654 1148 2692 ex-

119 2709 290 2776 peditionem.
305 2711 369 2776 Cup.
390 2711 429 2772 dl,
451 2712 485 2763 do
501 2710 579 2764 elect.
597 2725 656 2778 cop.
681 2711 753 2763 unio.
771 2710 805 2762 de
820 2710 859 2762 lit.
883 2713 996 2762 contest.
1019 2716 1045 2762 et
1063 2711 1151 2764 clem.

119 2775 192 2846 Seps
206 2781 240 2832 de
254 2781 328 2832 verb.
346 2782 436 2848 signil.
451 2784 521 2836 Nam
536 2784 656 2849 cognito„
667 2783 733 2848 quid
754 2795 819 2848 pers
838 2775 953 2834 adverso
974 2783 1150 2847 confiteatur,

118 2851 148 2902 in
162 2865 193 2903 eo
207 2853 343 2904 evanescit
353 2853 516 2918 probotionis
528 2868 605 2916 onus,
621 2859 647 2906 et
656 2857 760 2906 tentum
770 2853 941 2920 probandum
951 2858 1044 2920 restet,
1059 2866 1149 2919 queu-

119 2926 176 2975 tum
189 2933 253 2988 pers
268 2922 382 2976 adverse
391 2931 480 2990 neget.
494 2926 610 2990 Insuper
619 2925 643 2978 sl
661 2925 828 2990 petitio-vel
851 2925 975 2990 exceptio
997 2925 1051 2976 elio
1066 2925 1151 2978 modo

118 2994 228 3062 probari
240 3007 295 3045 non
305 2996 399 3062 possit,
415 2998 479 3063 meio
493 2997 591 3064 desunt
604 2997 755 3063 scripture,
772 3000 799 3048 et
812 3001 904 3056 testes,
920 2997 964 3049 vel
978 2997 1151 3068 quic-egitur

119 3064 152 3117 de
166 3065 236 3116 lucto
251 3068 396 3130 personali,
409 3067 461 3120 hoo
474 3067 591 3120 medium
607 3068 778 3133 aptissimum
791 3071 833 3118 est
846 3067 880 3118 ed
894 3069 1037 3120 veritatem
1049 3067 1148 3132 digno·

118 3135 255 3189 scendum.
266 3163 296 3174 -
308 3137 342 3201 (i)
351 3138 414 3205 Cep.
425 3140 435 3190 l
448 3143 475 3194 et
490 3139 513 3204 2,
524 3138 557 3190 de
569 3140 667 3191 ocules.
682 3139 708 3189 in
718 3140 740 3191 6.
749 3139 838 3191 iudex
849 3138 930 3190 debet
941 3139 1064 3204 singulos
1074 3137 1151 3204 posi·

117 3209 204 3259 tiones
218 3207 360 3272 inspicere,
371 3217 397 3260 et
406 3222 455 3260 suo
466 3209 574 3262 decreto
587 3211 727 3272 obscures,
737 3210 880 3276 cuptiosee,
892 3210 999 3272 dubius,
1008 3214 1035 3260 et
1044 3209 1149 3261 adrem

116 3289 171 3329 non
180 3277 309 3330 iacientes
318 3292 449 3339 resecare,
464 3280 532 3340 elios
541 3295 604 3332 vero
618 3280 768 3343 admittere,
780 3293 880 3346 eosque
890 3281 967 3332 elteri
977 3281 1049 3348 porti
1062 3281 1097 3332 ed
1106 3294 1150 3332 re·

117 3346 305 3412 spondendum
318 3361 476 3413 proponere,
492 3364 553 3414 qum
573 3351 736 3417 respondere
756 3350 838 3403 debet
855 3365 904 3418 per
917 3351 1041 3414 verbum,
1055 3351 1148 3414 medo,

116 3416 159 3466 vel
168 3429 224 3468 non
233 3417 310 3470 credo
324 3431 376 3470 esse
390 3431 492 3481 uerum,
509 3421 614 3484 sellem,
628 3424 658 3474 ut
671 3421 842 3488 proponitur,
856 3423 899 3475 vel
913 3421 950 3474 ad
959 3421 1093 3488 effectum,
1107 3422 1149 3474 cll

115 3497 199 3548 ouem
209 3487 380 3553 proponitur.
395 3489 422 3540 Si
438 3502 501 3541 vero
522 3491 685 3555 respondere
701 3491 829 3558 noluerit,
841 3493 980 3546 convictus
992 3493 1143 3558 iudicetur.

117 3552 189 3606 Olim
205 3557 359 3620 positiones,
373 3563 401 3612 et
418 3561 610 3626 responsiones
624 3562 726 3625 ltsbnut
738 3577 801 3618 cum
815 3566 969 3632 juramento
981 3581 988 3628 ς
1002 3563 1076 3633 quod
1095 3564 1145 3617 bo·
