2432 4078
430 169 591 230 ..309-

39 291 93 344 erlo
106 302 195 348 annuo
216 304 322 350 coemto
341 289 376 351 in
390 292 571 368 tpnhioncm
591 291 715 352 dominii
734 289 836 352 directi
846 286 1013 366 praesteode

38 378 73 444 (t).
84 373 126 434 flio
137 383 296 438 contractus
307 395 405 455 graeoe
418 381 515 440 dietus
528 387 575 441 est
588 379 801 458 emphyteusis,
813 379 893 456 quod
903 393 1013 438 nomen

38 460 100 520 latine
111 463 242 541 signifieat
254 467 499 544 meliorationem,
526 487 580 530 seu
597 469 861 546 implantationem,
880 467 949 544 quie
962 465 1014 542 qui

39 550 144 622 predium
155 553 265 630 accipit,
284 563 400 618 tenetur
421 557 493 618 illud
505 575 560 634 per
582 560 741 632 culturom,
760 559 807 618 vel
829 573 883 634 per
897 561 1013 616 restau-

38 637 146 700 rationem
157 643 308 704 meliorare
323 649 374 718 (3).
385 646 486 707 Differt
499 653 599 708 eutem
612 665 630 706 a
643 646 822 721 venditione,
837 644 906 722 quia
916 643 945 704 in
958 644 1015 704 hac

38 723 97 786 datur
114 729 230 804 pretium
249 733 359 793 valoris
378 734 423 794 rei
441 735 726 812 repraesentetivum,
745 741 776 795 et
793 739 862 810 post
879 731 1013 794 tradide-

37 829 82 872 un
92 818 197 891 plenum
210 821 254 881 rei
266 821 430 883 dominium
448 823 478 883 in
498 829 664 900 emptorem
684 824 878 895 transfertur3
901 821 931 882 in
949 838 1020 897 em·¹

37 901 138 977 phyleusi
150 915 244 969 autem
258 911 440 987 promittitur
452 920 567 974 tantum
589 929 706 974 annuus
719 927 816 972 canon
840 909 1012 984 solvendus,

37 994 139 1055 otiolum
151 997 311 1060 dominium
324 998 396 1060 utile
412 1002 595 1062 transfertur.
612 1002 714 1062 Differt
727 1001 816 1061 etiam
826 1017 844 1060 a
856 999 1010 1072 locatione,

38 1077 107 1157 inqua
119 1088 285 1148 transfertur
306 1087 335 1147 in
350 1089 565 1150 conductorem
583 1091 666 1150 solus
685 1089 729 1150 rei
746 1105 829 1163 usus,
853 1093 883 1148 et
896 1103 1013 1164 merces

35 1175 64 1226 est
78 1175 285 1248 proportionata
302 1171 466 1251 fructibus3
490 1179 520 1238 in
539 1179 726 1256 emphyteusi
746 1194 820 1238 vero
839 1177 1014 1236 transfertur

35 1255 93 1318 eiam
110 1261 264 1326 dominium
287 1265 330 1326 rai
354 1265 435 1340 utile,
457 1274 488 1328 et
509 1284 606 1328 conon
630 1283 748 1328 annuus
766 1265 951 1344 praefandus
968 1269 1014 1322 est

34 1346 124 1424 nolim,
137 1367 190 1412 nec
204 1353 293 1413 datur
311 1355 535 1431 protractibus,
556 1356 608 1416 sed
623 1356 654 1415 in
672 1355 905 1431 recognitionem
917 1350 1012 1412 domi·

34 1430 58 1489 ni
72 1435 166 1499 directi.
190 1442 414 1519 Emphyteusim
433 1444 567 1504 dividunt
587 1451 731 1505 Doctores
748 1444 778 1504 in
793 1442 1023 1504 ccclmiosticont'

34 1525 50 1577 ot
60 1521 169 1588 letalem
181 1551 192 1590 :
206 1530 257 1590 illa
271 1531 302 1589 iu
312 1531 400 1592 honis
413 1533 631 1608 ecclesiasticis,
645 1534 710 1593 haec
725 1533 755 1593 in
767 1531 856 1592 bonis
868 1529 1014 1590 laicomm

34 1614 193 1691 onsdtuitur3
206 1618 344 1680 dividunt
354 1619 443 1680 etiem
452 1620 482 1680 in
493 1629 664 1700 perpetuom
674 1628 704 1682 ct
716 1620 906 1700 temporalem
921 1637 929 1678 ε
943 1633 1013 1694 per-

33 1707 90 1770 petua
101 1710 150 1781 est,
163 1724 229 1784 quae
243 1709 349 1768 transit
365 1709 404 1768 ad
421 1710 556 1770 haeredes
576 1727 781 1786 quoscumque
802 1710 1012 1786 emphyteutae,

33 1789 95 1859 pals
105 1809 166 1856 esse
177 1797 369 1872 praesumitur
381 1798 479 1858 omnis
492 1799 705 1876 emphyteusis,
720 1798 869 1858 nisialiud
881 1815 921 1858 ex
939 1813 1011 1856 corr·

33 1877 94 1939 notu
111 1877 281 1960 colligatum
304 1890 335 1945 et
353 1885 537 1961 temporalis,
561 1904 627 1964 quae
646 1886 819 1948 conceditur
836 1885 874 1946 ad
895 1892 1014 1961 tempus

32 1959 226 2048 determinatum,
241 1990 290 2034 ex.
302 1989 348 2049 gr.
363 1973 402 2033 ad
414 1977 449 2034 ³0
461 1991 567 2049 annos,
576 1975 626 2034 rel
645 1975 683 2034 ad
698 1975 788 2036 vitam
799 1973 911 2034 domini
934 1971 1013 2032 dire·

32 2052 62 2126 ti,
73 2061 156 2122 autad
167 2062 261 2124 vitam
278 2063 488 2139 emphyteutae,
502 2062 542 2122 ad
553 2079 655 2137 uuam,
671 2065 720 2124 tel
732 2066 833 2140 plures
845 2062 1013 2139 generatio·

32 2151 70 2202 ld·
85 2151 195 2218 Quando
208 2152 249 2213 ad
268 2152 361 2214 utam
375 2151 559 2228 conceditur,
577 2152 781 2230 emphyteusis
797 2151 924 2214 attolitia
936 2152 1014 2212 solet

33 2234 143 2306 illelmi·

48 2409 72 2474 ll)
82 2413 225 2468 hominium
240 2417 271 2468 in
283 2429 381 2482 genere
394 2417 437 2468 est
445 2416 491 2481 jus
505 2413 534 2466 irr
545 2428 577 2466 re
588 2413 721 2480 corporali
733 2417 895 2480 competens,
908 2427 942 2467 ex
960 2427 1014 2482 quo

32 2477 110 2536 totns
121 2486 153 2539 de
166 2501 198 2539 ea
216 2486 389 2554 disponendi,
403 2491 430 2538 et
442 2486 597 2538 vindicandi
615 2486 745 2548 nascitur,
758 2486 812 2538 nisi
826 2486 879 2550 lex,
891 2490 937 2537 aut
949 2499 1013 2538 eon·

32 2555 97 2618 tuto,
107 2560 149 2608 aut
160 2559 288 2610 voluntas
301 2558 439 2610 testatoris
452 2558 552 2621 obstet,
570 2557 642 2621 quod
660 2561 763 2607 tantum
778 2557 807 2608 in
826 2557 909 2610 rebus
922 2570 1015 2622 eorpo-

32 2623 103 2678 talihns
113 2627 204 2692 datur3
221 2643 285 2681 nam
300 2629 328 2679 in
343 2629 426 2680 rebus
439 2628 655 2694 incorporalibus
669 2627 750 2679 datur
759 2628 837 2694 quasi
855 2627 1013 2679 dominium.

32 2689 150 2752 lonininm
163 2707 206 2752 ost
218 2701 338 2767 plenum,
354 2700 378 2751 si
392 2700 421 2751 irr
441 2709 496 2751 una
517 2711 633 2764 persona
656 2697 727 2749 adsit
740 2699 854 2750 facultas
868 2699 902 2752 do
916 2711 945 2750 re
958 2698 1013 2750 dis-
1083 2711 1086 2716 ·

31 2769 121 2830 urendi,
134 2777 161 2823 ot
180 2771 296 2832 utendi3
320 2775 347 2824 et
363 2775 405 2822 est
417 2770 507 2822 minua
528 2769 647 2834 plenum,
662 2769 686 2821 si
699 2769 761 2822 duae
773 2769 817 2822 her
830 2769 972 2822 facultates
985 2769 1014 2821 in

31 2830 74 2889 foas
91 2839 242 2896 dividantur·
266 2855 407 2909 personas,
422 2847 453 2893 ut
469 2841 497 2892 in
512 2840 691 2906 emphyteusi,
707 2841 741 2892 in
754 2855 806 2908 qua
827 2841 874 2907 qui
887 2855 945 2894 rem
958 2841 1013 2901 dat,

31 2913 90 2960 anat
109 2914 158 2966 sihi
182 2915 333 2966 dominium
356 2913 498 2971 directum,
511 2914 538 2962 et
556 2924 610 2973 res,
623 2924 655 2962 eo
672 2911 830 2972 inconsulto,
852 2913 933 2964 vendi
959 2927 1014 2964 non

31 2984 106 3054 lotan
120 2989 145 3036 et
157 2987 204 3052 qui
213 2999 273 3038 rem
285 2984 392 3051 accipit,
404 2983 521 3049 acquirit
536 2981 685 3034 dominium
697 2983 773 3042 utile,
788 2987 815 3034 et
832 2997 939 3036 omnem
951 2997 1013 3049 per·-

31 3050 72 3111 opit
84 3055 117 3105 rei
133 3056 287 3109 utilitatem.
313 3055 463 3121 Propterea
484 3054 531 3118 qui
552 3052 666 3104 fundum
687 3053 915 3120 emphyteuticum
944 3055 1014 3106 assi-

31 3125 79 3186 root,
91 3125 208 3180 dominus
223 3129 353 3185 directus,
369 3131 396 3178 ct
409 3124 456 3190 qni
469 3123 574 3188 accipit,
588 3123 714 3176 dominus
731 3124 815 3185 utilis,
829 3127 888 3177 slve
899 3125 1013 3191 omphy-

30 3191 76 3242 ann
87 3198 267 3263 appetlatur„—
274 3197 309 3264 (t)
317 3197 439 3248 Dicimus
446 3195 480 3248 do
492 3194 609 3246 dominio
618 3192 790 3256 macedam,
801 3202 827 3249 et
836 3208 936 3249 maone
945 3209 1014 3260 pre·

29 3259 104 3338 imdo,
117 3270 177 3334 quia
191 3284 226 3321 ex
238 3269 296 3321 solo
312 3270 450 3320 contractu
463 3266 550 3318 oritur
560 3267 606 3329 jus
618 3267 653 3316 ad
667 3279 734 3330 rem,
748 3272 775 3319 ot
788 3269 876 3320 solum
893 3282 942 3334 por
956 3272 1012 3320 tra-

30 3327 120 3387 lationem
134 3339 220 3392 oritur
228 3341 275 3405 jus
289 3341 318 3392 in
332 3353 372 3403 re,
386 3343 416 3389 ut
430 3337 564 3402 confingit
576 3335 604 3386 in
622 3335 684 3388 aliis
701 3339 882 3390 contractibus
900 3351 1013 3389 eonsen-

31 3401 131 3461 trihus.
144 3412 176 3463 Irr
187 3414 251 3477 jure
265 3415 354 3463 antem
368 3409 402 3461 ad
417 3421 474 3462 rem
482 3419 597 3474 persona
603 3407 681 3459 nohis
688 3407 806 3473 obligata
813 3413 863 3472 est,
872 3412 902 3460 ut
911 3407 1014 3473 aliquid

30 3465 93 3540 ialal,
104 3482 144 3533 rol
158 3482 266 3544 uadat3
281 3483 310 3533 in
323 3483 386 3548 jure
400 3494 466 3532 vero
479 3479 507 3530 iu
526 3491 556 3532 re
569 3479 631 3544 ipsa
643 3492 687 3532 res
702 3479 781 3532 nohis
796 3480 914 3544 obligate
925 3481 975 3541 est,
988 3482 1016 3530 et

30 3547 141 3606 hamus
153 3567 213 3608 eam
226 3553 353 3621 pameqai
371 3564 455 3620 penes
477 3563 674 3618 quemeumque
683 3564 877 3618 possessorem,
891 3563 924 3602 ae
936 3550 1016 3602 nohis
