2560 4080
538 147 718 228 -rrs-'

104 290 201 360 estun
215 300 312 348 nexus
324 285 534 348 controversie
554 285 689 362 solvitur,
700 287 808 364 iusque
828 287 962 364 pertibus
975 277 1081 362 oritur,
1096 295 1129 349 ut

100 377 188 452 Juxta
201 373 329 436 deductu
340 373 470 453 partium
481 381 623 452 sequatur
637 376 792 438 sententia.
808 381 870 438 floc
882 377 1002 454 quidem
1016 375 1130 453 sapien-

104 469 151 526 ter
167 463 315 540 expressit
327 462 519 524 Innocentius
535 469 572 524 lll
590 465 637 524 his
660 464 778 526 verbis:
797 465 892 526 June
905 466 990 541 offitii
1002 465 1130 527 debittun

106 559 278 632 coequatur,
298 569 330 614 eo
351 569 465 630 sempor
485 553 613 614 adhibito
634 554 850 629 moderamine,
863 561 898 614 ut
916 556 1008 631 jecto
1024 555 1132 630 judicit

101 643 399 718 tornamentorum
417 660 528 722 quoquc
539 645 640 719 scruto
655 644 780 707 dictetur
792 647 844 717 (1).
867 648 930 704 iioo
945 643 1045 720 ipsum
1057 661 1129 704 con-

103 731 204 794 firmet
218 734 353 794 clemens
365 738 398 808 V,
413 731 464 810 qui
483 733 578 809 judici
604 732 737 806 mundet,
752 739 786 792 ut
805 733 983 793 sententium
998 735 1131 808 proferet

103 827 195 899 prout
208 836 245 882 cn
256 821 405 898 petitione,
421 828 448 882 ct
460 821 639 899 probatione,
654 829 683 882 ct
695 821 764 884 cli-is
772 821 901 882 actitatis
913 821 948 882 in
961 838 1051 882 ceusu
1064 825 1130 898 fue-

108 909 399 986 discutiendorum).
1118 943 1121 948 ,

111 1154 117 1167 .
136 1083 173 1150 (1)
182 1084 249 1136 Huc
262 1084 358 1151 regnis
368 1086 433 1138 tnnc
442 1084 521 1168 tollit,
536 1097 597 1138 cnm
608 1084 694 1150 judex
713 1084 844 1151 procedit,
856 1084 914 1168 solo
933 1083 1131 1151 taciturnitate

104 1155 314 1292 ἶςιξρὲἓοὲιέηγῖἓὲ
327 1155 419 1293 ,θὼς
437 1155 523 1222 June.
541 1181 572 1198 -
586 1157 622 1222 (2)
636 1155 702 1222 Gap.
717 1157 759 1222 31,
778 1157 812 1210 do
834 1157 936 1210 Srmon.
949 1182 981 1196 -
996 1156 1032 1222 (3)
1045 1155 1130 1210 Glem.

143 1471 207 1528 853.
227 1467 270 1528 td
286 1467 422 1528 eamdem
436 1473 581 1546 praeteree
594 1467 740 1530 internam
756 1468 884 1528 formum
897 1467 971 1528 iilud
984 1466 1134 1544 pertinere

104 1555 235 1631 ridetur,
250 1557 331 1634 quod
345 1558 491 1618 sententia
503 1557 663 1632 definitiva,
680 1564 825 1636 quantum
838 1557 904 1620 fleri
915 1564 1026 1634 potest,
1041 1575 1133 1634 gene-

103 1647 177 1707 rsiis
190 1662 257 1706 esse
267 1647 366 1720 dehet,
381 1652 412 1707 et
423 1647 523 1708 omnia
537 1646 810 1709 controversiarum
823 1647 1047 1724 propositarum
1056 1665 1134 1724 pnn-

106 1742 157 1796 cte
174 1734 313 1796 decidere
330 1741 361 1796 et
387 1737 558 1812 terminare,
577 1737 688 1797 nedum
706 1738 738 1796 in
756 1735 876 1814 negotio
895 1736 1062 1813 principali,
1080 1738 1133 1798 sed

43 1877 48 1886 .
107 1823 197 1885 etism
219 1823 250 1883 in
268 1823 454 1898 accessoriis,
467 1831 501 1885 ut
515 1842 606 1902 super
625 1826 767 1902 expensis
779 1825 811 1884 in
823 1825 874 1885 lite
887 1825 983 1901 fectis,
999 1831 1028 1886 et
1042 1843 1134 1902 super

105 1913 252 1975 fructibus
264 1913 296 1973 in
309 1930 343 1973 re
356 1913 484 1990 litigiosa
501 1915 661 1992 perceptis,
677 1931 715 1974 ne
734 1913 771 1974 lis
790 1929 922 1975 nornen
939 1913 999 1973 litis
1013 1915 1134 1974 alterius

106 2001 233 2064 materie
255 2001 434 2076 suborietur,
451 2009 501 2062 eut
523 2003 562 2063 sit
584 2019 707 2063 necesse
721 2002 767 2062 bis
787 2001 819 2061 in
837 2002 917 2063 idem
934 2000 1091 2074 incidere(
1110 2005 1132 2074 ).

106 2095 140 2152 in
155 2089 213 2151 litis
224 2107 374 2167 expensos
385 2091 481 2150 victus
494 2088 601 2150 victori
611 2090 780 2164 damnetur,
794 2106 863 2150 cnm
875 2106 930 2166 per
944 2091 1133 2167 calumniam,

113 2185 167 2240 eut
179 2185 210 2240 te
228 2183 352 2253 temere,
367 2185 419 2239 ent
432 2179 540 2254 injuste
552 2179 634 2240 litem
647 2179 807 2238 ventilasse
822 2183 914 2254 patet,
928 2178 1019 2239 immo
1038 2195 1077 2239 ex
1096 2197 1134 2240 eo

106 2268 190 2345 qnod
207 2284 299 2329 cause
313 2267 402 2342 cadit,
416 2267 605 2344 presumitur
617 2267 726 2344 injuste
739 2266 822 2327 litem
835 2266 966 2328 movisse
979 2285 987 2342 ;
1001 2268 1054 2328 sed
1068 2268 1134 2329 haec

106 2357 302 2434 praesumptio
317 2357 459 2434 pluribus
479 2357 548 2418 elidi
569 2362 669 2436 potest
688 2355 865 2431 rationibus,
890 2373 965 2433 quas
984 2357 1081 2433 Jusns
1102 2359 1133 2418 in

107 2461 182 2508 cunr
197 2447 369 2508 occurrenti
381 2446 507 2507 aestimat
517 2445 621 2524 iudex,
634 2445 685 2523 qui
698 2451 728 2505 et
739 2445 904 2519 absolvere,
913 2451 943 2506 et
956 2461 1134 2523 compense-

106 2535 187 2598 re-in
200 2539 275 2613 toto,
289 2537 338 2596 rel
351 2535 382 2596 in
400 2541 485 2613 perte
501 2551 651 2612 expensas
662 2536 810 2608 valette).
826 2534 963 2596 Similiter
976 2536 1135 2596 damnetur

107 2625 148 2685 sd
164 2617 366 2686 restituendos
379 2626 536 2686 universos
552 2623 596 2685 rei
614 2625 749 2701 litigiosos
763 2625 878 2684 fructus
892 2641 911 2683 n
923 2623 972 2684 die
986 2623 1044 2684 litis
1060 2641 1133 2685 con-

108 2717 234 2787 teststae,
249 2713 297 2774 rel
315 2731 333 2774 a
354 2713 402 2774 die
415 2712 566 2790 petitionis
575 2713 733 2790 judicialis,
749 2712 819 2790 quin
832 2713 871 2772 ab
884 2712 942 2772 hnc
963 2713 1011 2774 die
1031 2713 1135 2792 incipit

108 2819 177 2864 csse
188 2817 347 2879 possessor
359 2804 446 2864 mnlae
458 2802 538 2863 fidei.

28 2992 39 3042 2
139 2968 177 3035 (l)
190 2969 221 3020 L.
240 2969 265 3033 3,
278 2968 516 3022 monetmonet
529 2981 626 3034 expsn.
640 2993 671 3006 -
680 2968 714 3031 (21
730 2967 796 3032 Cep.
809 2965 834 3030 5,
850 2963 884 3020 <le
897 2967 950 3020 dol.
966 2970 993 3020 st
1011 2973 1132 3022 contum.

109 3043 137 3093 et
151 3053 211 3106 cep.
227 3039 251 3103 t,
261 3039 295 3094 de
307 3053 380 3106 poen.
398 3039 476 3103 Quod
487 3039 602 3092 dicimus
619 3039 654 3090 de
668 3039 795 3104 expensis
815 3037 976 3105 intelligitur
989 3039 1024 3092 do
1039 3053 1134 3094 neces·

110 3111 202 3172 seriis,
216 3114 247 3162 ut
268 3114 332 3162 sunt
352 3110 496 3162 honorario
511 3109 652 3162 moderato
670 3108 869 3173 sdvooetornm,
884 3110 1022 3162 mercedes
1036 3125 1132 3176 procu·

110 3185 241 3241 ustorum,
255 3185 282 3234 et
295 3183 473 3245 notariorum,
485 3194 614 3247 expensae
627 3195 676 3247 pro
695 3181 813 3232 testibus
831 3181 982 3244 audiendis,
992 3194 1040 3246 pro
1054 3181 1134 3232 conii-

109 3253 214 3306 eiondis
228 3254 334 3305 actibus
345 3253 374 3306 in
388 3253 478 3312 Curio,
493 3255 520 3306 et
533 3265 583 3318 pro
596 3251 762 3314 cursoribus,
774 3251 888 3318 sliaeqne
899 3252 1011 3304 similes.
1024 3253 1133 3316 Expen-

110 3337 149 3376 ιω
163 3338 228 3377 vero
241 3325 411 3388 voluntariae,
421 3325 478 3376 sive
495 3322 843 3386 denominationum,
858 3337 919 3388 quae
936 3323 970 3374 ad
984 3322 1132 3373 liberalite·
1172 3369 1174 3386 ,

111 3400 175 3456 nm,
191 3409 245 3448 non
255 3395 289 3448 sd
299 3396 488 3448 necessitatem
502 3394 664 3456 referuntur,
679 3405 732 3445 non
746 3397 810 3445 sunt
822 3408 838 3444 a
850 3396 920 3446 victo
932 3393 1028 3445 victori
1042 3393 1133 3445 reiun-

111 3465 218 3520 (iendae'.
232 3467 365 3535 Expensae
379 3467 503 3519 taxando
515 3470 606 3518 sunta
626 3465 718 3532 judice
735 3479 784 3532 per
806 3467 866 3530 eJ'us
885 3465 1033 3523 decretum,
1054 3469 1084 3516 ut
1100 3466 1134 3517 de

111 3551 206 3591 esrum
218 3539 367 3606 quontitate
383 3541 494 3591 constet.
509 3536 596 3590 Gloss.
611 3536 640 3587 in
654 3550 712 3601 cap.
726 3539 763 3601 tt,
773 3537 807 3589 do
820 3536 903 3588 restit.
921 3534 1026 3601 spoliat.
