2410 4068
441 145 622 206 -sao-·

36 269 140 341 artinas,
153 268 216 327 sive
236 269 451 330 universitates
464 270 564 346 quoad
577 269 723 330 beneficia
743 270 773 330 in
789 284 893 330 aarum
914 269 1048 330 ecelesiis

37 363 125 416 emam.
140 356 169 418 si
182 356 324 434 primum,
340 357 369 418 id
381 369 428 418 est
447 359 478 418 in
499 359 622 436 privatis
640 359 790 434 personis,
806 359 845 418 ad
859 375 1048 434 consequen-

36 447 92 506 dum
105 448 326 522 iuspatronatus
349 447 459 508 suffieit
477 448 663 524 praescriptio
678 449 902 508 immemorialis
916 465 933 507 a
947 447 1048 508 multi-

37 535 131 609 plicatis
143 535 434 612 praesentationibus,
450 535 480 596 id
498 543 544 596 eat
557 537 664 596 saltem
678 536 795 596 duabus
810 539 928 597 valleia.
950 535 979 594 si
998 551 1046 596 se·
1075 584 1083 600 .

38 623 156 695 eandum,
171 623 201 684 id
212 631 259 684 est
270 623 299 684 in
311 625 449 699 personis
460 625 599 701 publicis,
609 631 719 701 praeter
730 625 987 702 prescriptionem
996 625 1048 686 im·

37 711 220 772 memorialem
233 712 427 788 requiruntur
442 713 623 774 continuatae
647 712 895 790 praesentationes
910 729 965 790 per
977 731 1047 790 spa·

38 798 95 859 tium
107 801 319 877 quinquaginta
332 819 490 876 annuum,
506 819 574 878 quae
596 820 650 878 per
673 803 861 862 authenticos
883 801 1048 878 scripturas

37 890 188 964 probentur,
204 907 353 968 suumque
365 891 424 952 sint
437 892 551 952 sorlitae
565 893 716 952 effectum.
734 892 857 952 Gravior
882 891 1003 967 quidem
1017 891 1048 950 in

36 975 81 1035 hoe
91 979 221 1038 seeundo
234 995 307 1039 aasu
321 980 459 1040 statuitur
470 979 706 1056 praeseriptionis
726 980 834 1051 torma,
849 986 880 1039 et
894 977 1042 1054 probatio,

36 1065 99 1138 quia,
111 1073 142 1126 nt
155 1068 259 1127 meunt
271 1067 431 1128 Tridentini
446 1073 557 1140 Patres,
572 1067 603 1126 in
613 1068 785 1144 potentibus
795 1067 894 1143 potius
907 1083 947 1126 ex
959 1081 1047 1126 usur-

35 1155 146 1229 patione,
161 1173 254 1232 quarn
263 1169 307 1218 ’ex
318 1157 400 1231 iusto
413 1157 497 1218 titulo
519 1157 745 1232 juspatronatna
761 1154 922 1232 quaesitum
934 1169 1048 1232 praesu·

35 1240 108 1300 mitur
121 1245 172 1313 (ἰ).

57 1388 86 1452 (l)
97 1389 134 1440 Do
148 1389 221 1440 Lupa
234 1389 285 1444 loo.
310 1390 355 1442 eit.
371 1405 396 1442 n.
414 1392 451 1442 lt.
469 1420 496 1429 -
510 1391 548 1456 (i)
569 1390 643 1444 Sese.
659 1389 700 1453 li,
715 1403 739 1442 c.
762 1390 786 1449 il,
803 1387 836 1440 de
850 1389 900 1440 rel.
915 1389 952 1439 At
965 1401 1049 1452 supra

35 1459 215 1512 nominavimus
234 1461 352 1514 minores
367 1463 506 1528 principes
525 1467 640 1523 tamtum,
662 1461 725 1526 quie
739 1463 868 1524 majores,
886 1464 916 1510 ut
930 1461 1048 1524 impera·

36 1533 101 1592 tores,
112 1535 139 1582 et
152 1545 230 1597 reges
239 1545 272 1584 ex
286 1533 461 1598 dispositione
472 1533 595 1601 ejusdem
605 1531 758 1584 Tridentini
767 1531 819 1583 sub
830 1531 881 1583 hae
891 1530 985 1596 regula
993 1544 1048 1582 mon

36 1603 291 1667 comprehenduntur.
420 1598 424 1606 ’

61 1773 115 1828 itt.
130 1770 296 1846 Aliquando
307 1771 532 1848 lnspatronatus
544 1787 604 1830 non
619 1778 667 1830 est
686 1777 781 1832 tolum
795 1787 835 1831 er
856 1771 979 1847 justitia,
993 1785 1047 1830 ne·

37 1870 80 1927 que
90 1863 183 1918 totum
191 1876 231 1918 ex
240 1858 387 1934 gratiani
398 1857 423 1918 si
437 1857 503 1934 quis
515 1858 677 1920 Eoolesiam
690 1864 908 1931 restauratam
918 1857 1048 1932 aliquam

36 1957 126 2004 novam
138 1947 300 2006 constituet
312 1947 424 2019 dotem,
440 1953 470 2006 et
483 1946 602 2006 interim
624 1965 643 2005 a
664 1963 782 2007 summo
802 1945 944 2006 Pomtidee
962 1945 1049 2020 iuris

37 2039 192 2102 patronatus
203 2036 381 2111 rescriptum
396 2035 538 2098 obtineat.
558 2039 621 2095 lloa
643 2053 716 2095 casu
737 2035 889 2096 suboritur
912 2034 1046 2106 dubium,

37 2135 65 2177 m
72 2123 292 2200 juspatronatus
302 2125 339 2184 sit
352 2124 523 2184 habendum
532 2125 632 2200 potius
646 2125 804 2200 erigentia,
818 2126 866 2184 vel
885 2124 987 2199 potius
1007 2139 1047 2183 err

36 2207 149 2280 justia?
162 2214 222 2274 Sed
245 2213 286 2274 ita
299 2215 459 2274 resolvitur
474 2233 481 2273 :
497 2221 548 2274 aut
565 2214 753 2290 privilegium
772 2213 983 2290 preponderat
997 2229 1048 2272 su·

38 2313 80 2369 pra
90 2302 198 2377 dotem,
211 2320 279 2378 quae
293 2320 356 2362 non
380 2309 426 2363 eet
440 2301 604 2377 sufficiens,
625 2305 674 2362 vel
687 2319 749 2362 mon
765 2308 863 2377 aequat
885 2302 1047 2378 antiquam,

38 2389 285 2466 etiuspatronotus
298 2383 493 2468 judicandum
508 2400 554 2452 est
568 2409 608 2453 ex
627 2391 741 2468 gratia3
768 2398 820 2452 aut
841 2389 973 2450 vicissim
993 2389 1050 2448 dos

38 2489 110 2552 snpra
121 2480 310 2556 privilegium
328 2482 550 2558 preponderat,
564 2483 612 2542 vel
640 2480 709 2558 quia
729 2486 838 2556 aequat‚
861 2485 913 2538 aut
928 2485 1049 2552 superat

38 2567 188 2644 antiquam,
212 2569 261 2629 vel
282 2571 350 2645 quia
374 2569 497 2631 ommino
520 2571 673 2632 sufficiens
692 2575 749 2642 est,
771 2574 802 2628 et
822 2568 1049 2642 iuspatronatus

39 2655 83 2715 erit
92 2673 127 2717 ex
135 2658 248 2735 justitia
256 2657 451 2735 iudicandum
465 2664 506 2733 (t)

65 2801 90 2863 (ll
103 2805 138 2856 De
155 2805 230 2857 Luca
245 2803 297 2856 loo.
315 2805 360 2857 oit.
373 2819 402 2856 n.
421 2805 460 2856 20.
481 2803 547 2856 Haea
565 2803 695 2856 resolutio
709 2803 824 2854 multum
845 2801 966 2866 interest,
987 2813 1049 2852 aum

36 2871 222 2936 impotionatus
232 2877 348 2942 justitiae
361 2889 420 2941 prae
434 2876 519 2928 altero
532 2876 623 2941 gratiae
639 2875 771 2941 speciales
783 2875 884 2926 habeat
897 2874 924 2926 im
936 2875 998 2939 J'ure
1012 2873 1051 2924 ia·

39 2955 110 2996 voras.
118 2948 150 2998 Et
158 2961 252 2998 revere
262 2948 417 3012 lieetexqr.
425 2960 547 2999 summus
555 2945 678 2998 Pontifex
689 2959 743 2996 mom
750 2945 858 3010 deroget
868 2945 941 3012 epod
951 2959 1001 2996 uos
1007 2946 1052 3010 ju·

41 3013 203 3077 riprlromalus
212 3018 301 3070 laicali
312 3018 465 3084 exjustitia,
475 3018 588 3081 derogat
596 3022 686 3068 tamen
696 3016 793 3075 eidem.
806 3016 913 3082 quamdo
923 3014 1051 3084 competit

39 3096 68 3133 ex
77 3089 160 3153 palia,
174 3088 327 3154 eujusmodi
341 3095 382 3142 est
392 3090 474 3140 etiam
489 3087 655 3140 consuetudo
667 3087 740 3152 apud
750 3087 851 3146 Gallos,
862 3093 889 3139 et
901 3088 974 3153 apud
990 3087 1050 3138 Bal·

38 3167 88 3218 ω,
100 3160 157 3223 quia
175 3162 296 3226 primum
315 3175 348 3213 ex
367 3174 449 3213 eausa
473 3173 598 3222 onerosa,
620 3157 769 3212 seeundum
782 3173 845 3212 vero
859 3173 893 3212 ar
910 3157 1050 3211 Pantiflois

39 3224 186 3285 liberalitate
200 3232 330 3285 exoritur.

74 3431 127 3491 553.
140 3433 213 3496 llodi
226 3433 380 3496 derivativi
394 3432 566 3510 acquirendi
583 3433 812 3510 J'uspatronatus
837 3431 976 3490 dicuutur
997 3425 1048 3500 illi,

40 3514 136 3590 quibas
146 3521 182 3584 de
193 3542 255 3584 uno
268 3532 397 3602 patrono
409 3523 441 3583 in
455 3523 546 3583 alium
560 3525 736 3596 tranfertur3
749 3519 831 3597 quod
844 3516 965 3580 evenire
978 3523 1046 3594 pot·
1145 3535 1153 3542 ·
