2432 4078
523 155 680 210 ...335-

1 299 2 318 ¹
91 274 124 334 rii
135 274 257 350 dimota,
276 275 340 336 aire
356 274 502 335 indirecta
521 274 643 351 proprie
664 273 743 334 dluta
768 275 890 334 donatio
907 274 1102 350 interdicitur,

90 363 153 440 quia
165 363 302 440 Religiosi
316 363 498 441 paupertatis
507 369 577 423 voto
586 362 720 426 adstricti
729 361 801 423 nibil
817 364 971 443 proprium
985 365 1104 438 babent,

89 458 115 513 et
125 452 267 532 quidquid
282 454 450 530 acquirunt,
460 453 642 515 monasterio
654 453 824 529 acquirunt.
834 452 1028 514 Nihilominus
1039 470 1106 514 mo-

88 541 149 602 dica
160 542 218 602 illis
231 541 410 618 permittitur
424 542 544 603 donatio
556 558 659 604 rerum
670 541 908 616 comestibilium,
917 541 948 602 id
959 548 1006 602 est
1014 559 1105 602 escu-

86 629 239 704 lentorum,
253 637 284 691 et
294 632 535 706 poculentorum,
549 637 580 691 et
598 630 730 692 similiter
754 631 844 690 etiam
863 630 982 691 traditio
995 647 1106 692 munu-

86 721 233 780 sculorum
242 721 282 780 ud
290 719 480 781 devotionem
490 720 712 797 pertinentium,
725 736 794 780 cum
804 719 923 781 licentia
932 719 1104 801 superioris,

86 807 137 867 sia
150 809 276 868 subdilis
289 809 341 869 flat
353 813 405 883 (l).
420 809 543 870 Donatio
556 827 630 870 vero
644 807 878 870 remuneratoria
895 826 981 885 aeque
996 809 1102 870 Praela-

1 921 2 940 1
85 895 317 973 irregularibus
328 887 519 974 permittitur,
530 899 621 959 modo
634 899 686 959 dat
699 905 822 976 propter
837 897 954 972 merita,
969 903 999 958 et
1012 899 1105 959 bene-

84 985 145 1045 lleia
156 987 238 1046 lacta
250 985 307 1062 ipsi
324 987 517 1062 monasterio,
531 989 579 1048 rel
593 985 798 1048 communitati
814 989 874 1058 (siz
890 985 997 1048 merita
1009 985 1102 1060 enim,

83 1074 267 1136 etbeneflcia
280 1073 581 1152 erga-Religiosorum
599 1092 745 1152 personas
763 1077 801 1139 ad
821 1075 880 1138 boc
900 1091 962 1136 non
984 1075 1103 1137 suffice-

82 1169 152 1225 mut.
167 1164 255 1226 Ratio
266 1171 367 1226 autem
379 1163 467 1243 hujus
479 1163 754 1243 permissi0nis'est,
770 1163 839 1240 quia
851 1163 940 1224 etiam
952 1169 1102 1224 monaste-

81 1249 154 1312 rium
167 1253 259 1314 debet
271 1255 407 1315 naturale
423 1253 631 1330 agratitudine
656 1259 832 1330 generatum
856 1251 989 1312 debitum
1009 1251 1103 1312 adim·

81 1341 169 1416 plere,
184 1350 217 1402 et
231 1341 350 1403 aliunde
364 1343 389 1402 si
402 1343 541 1419 religioso
552 1342 734 1419 prohibitum
748 1347 794 1404 est
804 1343 927 1414 donare,
942 1357 1004 1400 non
1017 1339 1100 1400 vide·

80 1434 126 1489 tur
139 1430 180 1491 illi
194 1447 282 1508 aeque
295 1431 478 1510 prohibitum
495 1448 689 1493 remunerare
712 1433 818 1492 saltem
836 1447 932 1508 usque
954 1429 993 1490 ad
1011 1427 1103 1490 debiti

80 1517 222 1581 naturalis
235 1527 266 1581 et
278 1518 462 1597 obligationis
474 1519 646 1583 antidoralis
657 1519 863 1598 aequalitatem.

109 1701 141 1768 (l)
154 1701 225 1769 Gap.
239 1702 263 1768 3,
280 1702 314 1756 da
325 1703 414 1756 donat.
430 1730 461 1742 -
472 1702 508 1770 (i)
521 1703 586 1770 cap.
606 1703 631 1763 3,
647 1702 705 1756 eod.
730 1729 759 1741 -
773 1702 809 1770 (3)
823 1703 951 1756 Doctmes
965 1700 1010 1752 hie
1027 1713 1102 1766 qua-

79 1777 140 1824 mnt
151 1787 188 1827 ex
203 1778 305 1840 quanto
317 1775 426 1828 donatio
445 1777 532 1839 possit
549 1775 680 1828 excedere
699 1775 834 1832 meritum.
859 1771 990 1826 Nonnulli
1009 1772 1103 1824 dicunt

80 1857 155 1910 posse
168 1846 302 1900 excedere
316 1861 349 1898 ax
362 1847 522 1908 modiatam
539 1846 586 1898 ulii
599 1849 704 1898 mutum
717 1860 751 1899 ex
767 1849 864 1912 quarta
883 1849 968 1912 parte,
986 1849 1016 1896 nt
1030 1845 1054 1896 si
1066 1845 1102 1896 ob

78 1917 206 1970 meritum
224 1917 389 1971 deberentur
412 1919 562 1984 duodecim,
579 1931 658 1986 posse
677 1918 705 1968 in
725 1917 868 1970 donatione
889 1915 1103 1968 remuneratoria

79 1988 134 2039 dari
148 1989 298 2040 sexdecim.
315 1990 368 2042 sed
382 1991 433 2042 hoc
446 1989 559 2042 arbitrio
572 1989 713 2055 prudentis
728 1989 935 2054 relinquendum
949 2001 1009 2038 esse
1024 1985 1101 2038 vide·

79 2061 121 2110 tur
129 2061 212 2124 jnrta
227 2060 266 2112 rei
279 2063 514 2114 circumstantias:
529 2075 592 2112 nam
606 2063 695 2126 potest
711 2061 828 2119 evenire,
841 2064 871 2112 ut
880 2061 957 2125 justa
971 2060 1006 2109 sit
1019 2058 1101 2110 Sene·

78 2143 115 2182 ca
128 2132 284 2183 sententia:
302 2131 437 2186 (traditori
450 2132 568 2198 pecunia
581 2131 704 2189 dandum
716 2143 777 2196 esse,
796 2133 929 2198 quantum
941 2129 996 2196 ipse
1018 2128 1101 2192 dedit,

78 2200 243 2268 benefactori
258 2216 320 2255 uero
333 2203 560 2269 praeculcandum
576 2217 637 2256 erse.
651 2206 676 2254 A
692 2203 806 2258 Mostazo
820 2205 883 2253 tom.
899 2203 924 2265 t,
939 2201 958 2250 l.
972 2201 996 2264 8,
1009 2215 1031 2252 c.
1051 2201 1074 2260 5,
1086 2213 1103 2250 a

77 2286 101 2324 n.
117 2273 157 2326 25.
175 2275 248 2338 -(ll
263 2275 425 2342 depicto,
440 2276 473 2328 de
486 2275 543 2328 reb.
563 2276 635 2326 Eccl.
650 2273 793 2325 nonalien.
810 2273 940 2337 atc.'(lap.
952 2273 977 2334 6,
988 2273 1021 2324 de
1038 2273 1101 2322 stat.

76 2346 200 2398 monach.
215 2345 274 2397 Bul.
290 2345 422 2412 deliciose
431 2345 651 2412 Conpreputioaes
663 2345 810 2398 Clementis
818 2345 896 2407 VIII,
907 2350 933 2396 et
941 2342 997 2394 Bul.
1009 2341 1103 2406 Nuper

78 2415 315 2484 udonprepatioae
330 2418 434 2470 Urbani
447 2417 523 2470 VIII.
535 2419 585 2470 Hm
601 2417 724 2469 celebres
737 2419 801 2468 sunt
814 2415 910 2475 Bullia,
924 2428 985 2480 quae
1003 2414 1100 2466 inscri-

77 2485 179 2538 buntur
199 2485 237 2539 De
259 2488 403 2552 turpilione
425 2501 569 2541 munerum
585 2503 635 2554 pro
656 2487 837 2553 Regularibus
853 2487 994 2551 utriusque
1012 2498 1101 2543 sexus,

78 2571 137 2623 quaa
150 2558 274 2612 modicas
287 2559 455 2623 donationes,
470 2564 498 2612 et
512 2573 626 2612 munera
638 2560 760 2612 modesta
773 2559 846 2610 liclia
858 2558 1009 2620 admittunt,
1021 2557 1102 2608 etiam

77 2629 104 2679 in
120 2631 257 2696 religiosis
279 2631 396 2682 subditis
420 2645 482 2682 cum
496 2631 605 2682 licentia
618 2627 776 2696 superioris,
789 2633 820 2680 ut
831 2632 895 2680 sunt
910 2628 1047 2680 esculenta
1059 2627 1102 2678 vel

76 2704 231 2766 poculenta,
246 2715 307 2768 quae
330 2702 401 2753 lnlra
416 2703 494 2766 duos,
511 2708 558 2754 aut
578 2705 634 2754 tres
654 2701 713 2753 dies
731 2701 834 2767 possint
848 2699 979 2762 consumi,
993 2704 1024 2752 ut
1039 2704 1104 2757 sunt

77 2771 219 2838 imagines,
233 2772 328 2832 libelli,
341 2772 426 2826 tbecae
437 2787 486 2838 pro
496 2775 618 2840 requuiis
632 2773 800 2832 Sanctomm,
815 2773 927 2830 rosaria,
937 2771 1032 2836 Agnus
1042 2771 1102 2830 Dei,

78 2846 104 2893 et
115 2845 226 2904 similla,
244 2857 306 2910 qnae
322 2845 413 2908 magni
427 2858 481 2896 non
496 2845 550 2896 sint
563 2844 682 2904 valoris3
696 2846 726 2894 ut
736 2846 800 2895 sunt
809 2843 891 2894 etiam
904 2843 984 2908 pauci
999 2844 1102 2894 nummi

78 2914 110 2967 ud
125 2917 230 2968 cultum
255 2915 385 2978 divinum,
405 2916 448 2967 vel
471 2916 505 2968 ad
529 2917 726 2980 eleemosynam
744 2914 909 2981 pauperibus
930 2916 1100 2982 erogandam.

77 2987 216 3039 Benacina
227 2989 290 3039 tom.
309 2987 378 3040 lde
401 2987 468 3052 larg.
492 3001 565 3038 mun.
581 2993 672 3053 punct.
690 2987 711 3049 l,
726 2999 802 3051 prop.
817 2985 841 3036 i.
865 2985 918 3038 Sed
944 2986 1102 3038 donationes

77 3059 227 3122 notabiles,¹
245 3064 272 3109 ct
292 3072 406 3110 munera
427 3072 524 3124 magna
546 3059 684 3121 damnant,
709 3059 868 3123 cuicumque
889 3058 1102 3123 aRegularibus

78 3129 142 3180 liant
157 3130 215 3181 sive
228 3128 305 3190 laico,
319 3129 375 3180 sive
389 3129 497 3193 elerico,
509 3129 566 3180 siva
580 3129 659 3180 alteri
668 3127 803 3192 religioso,
814 3131 870 3180 sira
884 3129 1034 3196 superiori:
1049 3127 1101 3178 sub

78 3201 207 3264 panibus
223 3202 311 3266 poenis
321 3208 414 3252 contra
424 3201 565 3265 cellgiosos
573 3199 711 3261 dantes,id
722 3205 764 3251 est
772 3200 921 3267 privatione
931 3199 1100 3263 dignitatum,

78 3272 239 3335 officiorum,
253 3271 327 3324 vocis
341 3273 435 3324 activae
454 3277 483 3323 et
503 3273 629 3336 passivae,
643 3275 670 3322 et
687 3279 818 3338 perpetua
831 3271 950 3331 infamia,
964 3273 1102 3334 tamquam

80 3343 106 3394 in
120 3351 198 3396 reatu
211 3344 286 3403 lurtI,
308 3347 335 3394 et
348 3343 487 3404 simonlae3
502 3348 596 3396 contra
609 3343 771 3408 accipientes
783 3357 847 3394 vero
867 3343 1012 3392 suburere
1026 3340 1102 3390 resti-

80 3416 199 3478 tutionis,
215 3416 252 3466 ita
264 3419 302 3479 ut,
318 3428 350 3466 ea
363 3429 418 3465 non
432 3413 513 3478 lacta,
527 3415 609 3466 etiam
626 3423 687 3466 ante
700 3416 859 3468 sententiam
874 3409 1107 3482 condemnationis,

81 3487 182 3538 absolui
209 3491 353 3552 nequeant.
371 3485 410 3536 ld.
426 3485 464 3536 ib.
479 3490 570 3552 punct.
585 3487 639 3545 3‚4
663 3492 690 3538 et
703 3488 726 3536 5.
749 3485 889 3537 Notabiles
907 3483 996 3532 autem
1018 3480 1100 3531 dona·

83 3557 180 3619 dones,
194 3563 222 3612 et
235 3571 349 3610 munera
362 3571 460 3622 magua
480 3571 513 3610 ex
526 3559 661 3610 communi
674 3559 819 3611 Doctorum
831 3552 964 3608 sarmatia
981 3552 1028 3604 ille
1042 3565 1102 3606 esse
