2410 4068
444 126 602 184 ..231-

67 244 313 320 tll.lloadjntoria
322 249 467 322 perpetua
476 263 545 306 cum
553 248 652 307 futura
660 247 691 308 in
699 246 846 308 beneflcio
855 243 1047 306 successione

39 332 90 391 dari
109 339 218 393 uotum
236 340 336 410 potest
350 351 501 394 asumma
515 336 657 396 Pontiflce
672 354 711 396 ex
729 353 818 396 causa
841 335 974 412 urgentis
993 352 1044 395 nc-

41 421 173 496 cessitatis,
182 423 229 482 vel
238 422 384 482 evidentis
393 422 526 483 utilitatis
536 425 656 499 cognita
664 432 693 484 et
703 425 827 500 probata
835 429 874 496 (l)
886 443 892 484 :
904 439 974 483 uam
984 424 1047 484 haeo

41 511 202 586 madjutoria
217 513 351 571 continet
364 512 491 588 gratiam
502 513 720 589 expectativam
732 513 770 573 ad
780 513 958 574 heneficium
971 519 1048 588 post-

41 615 189 670 eavacans,
209 617 276 676 quae
295 601 396 676 aJ'ure
413 602 592 678 reprobatur
615 605 675 675 (2);
695 609 725 663 et
751 602 873 680 insuper
887 601 1047 678 imaginem

40 687 113 746 refert
122 687 314 748 haereditariae
329 688 529 750 successionis
542 690 572 748 in
585 689 740 763 henelicio,
755 709 820 770 quae
831 692 941 770 nedum
951 709 970 750 a
978 691 1047 766 jure

40 777 131 852 scripto
144 779 195 850 (3),
212 779 266 837 sed
289 784 319 838 et
334 779 454 854 abipsa
473 779 588 840 ratione
604 779 772 854 damnatur,
788 797 857 840 cum
871 787 974 840 votum
993 783 1047 842 ha-

38 863 96 924 hcre
107 871 192 941 queat
206 866 361 942 captandae
374 868 479 927 mortis
492 867 586 944 ipsius
604 867 779 940 beneficiati.
796 874 870 929 ltem
892 871 1048 947 coadjuto-

38 951 73 1011 n'a
84 953 166 1014 eliam
182 955 354 1031 temporalis
375 957 407 1015 in
425 955 647 1034 episcopatibus
664 959 760 1018 asoto
776 957 916 1017 pontifico
930 973 1048 1018 summo

37 1048 121 1116 potest
133 1044 271 1117 concedi,
287 1043 356 1120 quie
369 1045 434 1104 haec
448 1062 507 1104 una
524 1052 679 1122 reputatur
694 1063 732 1106 ex
750 1046 912 1122 majoribus
926 1045 1047 1122 Episco-

36 1147 129 1205 porurn
143 1133 243 1192 causis
256 1137 285 1193 S.
298 1133 365 1193 sedi
379 1133 547 1193 reservatis.
564 1134 638 1196 llinc
650 1151 707 1194 nec
720 1135 975 1210 archiepiscopus,
992 1151 1049 1195 nec

36 1219 143 1294 Prinas,
158 1237 218 1281 nec
229 1221 410 1295 Patriarcha,
423 1239 481 1282 nec
493 1222 582 1291 etiam
595 1221 745 1282 pontificis
759 1227 883 1298 legatus
900 1223 964 1282 sine
979 1239 1047 1298 spe-

37 1307 92 1367 ciali
103 1308 313 1369 commissione
324 1309 472 1386 Episcopo
487 1317 586 1386 potest
600 1311 809 1386 coadjutorem
818 1310 982 1386 assignare,
997 1315 1049 1370 Co·

36 1397 189 1471 adjutorem
216 1415 290 1458 vero
313 1399 510 1474 temporalem
533 1399 563 1458 in
585 1399 739 1460 beneficiis
763 1399 928 1458 minoribus
951 1403 1050 1476 potest

36 1487 203 1562 quandoque
217 1487 289 1546 dare
303 1487 393 1547 etiam
407 1489 581 1564 Episcopus.
596 1493 668 1548 Cum
678 1487 758 1555 enim
771 1489 809 1547 ad
823 1488 921 1565 ipsum
935 1491 1049 1563 spectet

36 1571 60 1630 in
73 1573 174 1634 talibus
193 1575 348 1634 beneficiis
362 1574 516 1648 institutio,
533 1575 570 1636 ad
589 1576 687 1651 ipsum
702 1593 821 1652 quoque
842 1584 980 1654 spectare
997 1575 1048 1635 de·

36 1661 77 1721 het
90 1680 127 1722 ex
140 1663 273 1739 legitima
286 1681 376 1724 causa
392 1663 577 1739 coadjutoris
592 1663 682 1724 datio.
693 1665 768 1724 Hinc
777 1665 941 1743 Episcopus
952 1669 1051 1742 potest

37 1752 219 1826 temporalem
233 1751 449 1830 'coadjutorem
462 1753 533 1812 dare
551 1753 684 1828 parocho
706 1752 843 1813 illiterato
857 1760 886 1812 et
900 1753 1050 1828 imperito,

38 1840 114 1896 nodo
128 1837 166 1898 sit
180 1839 315 1898 honestae
328 1839 396 1900 vitae
411 1845 462 1912 (l),
478 1840 611 1915 parocho
632 1841 753 1916 leproso
774 1846 826 1914 (6),
841 1841 950 1901 clerico
969 1841 1050 1898 inhr-

38 1940 77 1984 no
90 1931 140 2001 (6),
155 1928 277 2001 maenti,
294 1929 357 1988 seni
373 1933 424 2001 (7),
439 1935 469 1988 et
481 1929 588 2004 linguae
602 1946 658 1988 usn
672 1929 813 1988 destituto
829 1933 879 2000 (8).
897 1935 966 1988 llaec
980 1945 1054 2005 pro·

38 2015 102 2075 lecto
116 2017 194 2076 flunt
208 2017 320 2076 nedum
335 2016 365 2076 in
384 2017 539 2078 utilitatem
553 2017 731 2094 beneficiati,
745 2033 782 2078 ne
799 2025 926 2091 cogatur
939 2018 1052 2077 henefi-

37 2101 102 2164 cium
121 2105 288 2179 dimittere,
313 2107 366 2166 sed
387 2105 518 2166 maxime
539 2108 568 2166 in
590 2107 744 2167 utilitatem
767 2109 925 2182 Ecclesiae,
951 2125 990 2168 ne
1013 2105 1053 2166 ob

36 2190 229 2268 impotentiam
248 2194 376 2270 pastoris
390 2195 533 2256 damnum
544 2195 573 2254 in
588 2195 799 2274 spiritualibus,
817 2203 868 2256 aut
882 2196 1052 2274 temporali·

38 2277 83 2340 bns
91 2282 231 2358 patiatur.

63 2441 94 2504 (l)
105 2441 181 2499 Trid,
195 2453 263 2492 sess.
277 2441 318 2501 rt,
332 2453 355 2491 c.
369 2439 394 2502 l,
409 2439 443 2490 de
454 2441 503 2492 rel.
513 2467 544 2476 -
560 2440 593 2506 th)
605 2440 678 2492 Trid.
692 2455 757 2492 sesa.
772 2442 812 2500 tt,
828 2454 850 2494 o.
863 2443 902 2505 19,
912 2442 945 2494 de
960 2443 1007 2493 rel.
1023 2469 1053 2478 -

39 2511 113 2574 (3)ld.
129 2525 203 2564 sess.
215 2513 256 2571 25,
271 2527 294 2564 a.
311 2513 334 2574 l,
349 2511 383 2562 do
397 2512 445 2564 rel.
461 2511 643 2563 Nihilominus
657 2512 808 2578 sepissima
829 2512 928 2564 summi
943 2513 1060 2564 Pontii·-

39 2594 75 2632 ces
88 2583 139 2634 hac
157 2583 289 2634 saniliare
302 2583 483 2647 coadjutorius
497 2581 661 2634 concedendi
674 2583 718 2634 usi
733 2588 804 2644 sunt,
820 2584 933 2648 quisita
952 2583 1053 2634 honum

38 2651 155 2706 Ecclesiae
169 2654 324 2717 expetebat,
331 2657 358 2704 et
368 2653 431 2718 quia
446 2653 474 2703 in
485 2653 600 2706 decretis
611 2654 723 2705 concilii
734 2653 883 2705 Tridentini
895 2653 970 2704 salva
983 2667 1053 2705 sam·

40 2735 79 2786 par
91 2729 131 2777 est
142 2724 245 2777 summi
259 2723 396 2776 pontilicis
408 2723 563 2775 auctoritas.
579 2725 654 2774 Trid.
668 2719 735 2775 sess.
747 2725 786 2782 25,
803 2739 825 2776 c.
841 2725 880 2779 at.
896 2724 929 2776 da
944 2726 992 2776 rel.
1005 2725 1056 2777 Be·

38 2795 148 2848 nedmtus
158 2796 226 2850 XIV
240 2795 274 2846 de
288 2795 497 2860 Synod.l.13,c.
511 2795 548 2856 10,
556 2809 582 2845 n.
594 2795 672 2845 66-
685 2795 721 2860 (4)
732 2795 805 2846 Trid.
821 2807 888 2846 sess.
903 2796 943 2854 tt,
953 2809 976 2847 c.
987 2797 1011 2859 6,
1020 2795 1054 2848 de

40 2866 78 2916 rel.
89 2869 132 2919 Ad
145 2867 259 2933 parochi
274 2867 437 2932 imperitiam
458 2865 650 2929 experiendam
673 2869 761 2930 potest
779 2867 924 2931 episcopus
941 2867 1056 2919 eumad

39 2947 125 2989 novum
138 2951 255 2990 eramen
267 2951 373 2996 vocare,
387 2950 503 3002 euntque
518 2937 616 2988 iterum
630 2938 755 2996 scrutari,
768 2942 823 2988 tarn
836 2937 863 2988 ln
877 2938 1002 2992 diaecesis
1015 2941 1055 2990 vl·

40 3007 162 3070 allatione,
179 3022 261 3074 quam
276 3012 352 3061 extra
365 3009 554 3072 visitationem,
569 3008 677 3072 quando
690 3008 858 3060 vehementia
871 3009 953 3060 hahet
967 3011 1054 3076 impe·

40 3077 99 3130 ritiae
112 3081 224 3138 indicia,
235 3079 342 3130 etiamsi
356 3079 490 3144 parochus
505 3084 577 3130 esset
590 3079 731 3143 regularis,
744 3079 786 3131 vel
800 3081 834 3130 ah
850 3082 908 3148 ipso
923 3081 1056 3148 Episcopo

41 3148 182 3210 institutus,
192 3156 225 3202 ut
233 3151 382 3202 declaravit
395 3151 421 3202 S.
433 3150 611 3214 Congregatio
619 3150 739 3209 concilii,
752 3155 819 3202 testa
828 3149 971 3204 Benedicta
982 3153 1056 3210 XIV,

40 3219 95 3272 inat
108 3224 133 3282 9,
148 3237 177 3272 n.
195 3222 232 3272 lu.
249 3249 277 3258 -
291 3222 327 3285 (5)
341 3221 406 3286 Cap.
421 3221 435 3270 3
452 3224 480 3272 et
493 3223 517 3279 l,
531 3220 565 3272 de
579 3219 644 3271 cler.
661 3227 755 3286 aegrot.
771 3221 812 3272 vel
827 3222 907 3272 dehil.
926 3247 956 3260 -υ-
970 3221 1005 3286 (6)
1019 3221 1058 3272 Ut

40 3293 119 3344 amen
130 3292 274 3357 coadjutor
290 3306 323 3343 ex
342 3292 392 3343 hac
406 3303 488 3342 causa
502 3290 562 3341 dari
576 3295 666 3357 queat,
680 3293 824 3343 inllrmitas
839 3293 920 3344 dehet
934 3305 993 3342 asse
1015 3293 1056 3340 in·

40 3363 212 3421 nathinaei
225 3366 365 3428 perpetua,
380 3375 441 3428 quae
454 3361 596 3413 ministerii
612 3363 771 3414 exercitium
784 3363 915 3428 impediat
926 3381 932 3422 3
945 3362 969 3412 si
985 3361 1057 3410 enim

41 3439 103 3484 esset
113 3438 222 3486 tantum
235 3433 402 3498 temporalis,
415 3437 442 3484 et
453 3431 592 3491 curabilis,
602 3433 779 3486 beneficiatus
788 3437 878 3498 posset
892 3433 944 3482 sibl
957 3431 1057 3494 eligere

42 3499 182 3568 liranum,
193 3508 225 3560 nt
242 3517 328 3574 supra
342 3504 469 3570 diximus,
483 3507 509 3556 et
523 3501 704 3571 coadjutorem
718 3503 862 3561 declinare.
882 3499 1057 3560 aamercort
