2410 4068
485 190 650 252 -191-

70 313 176 380 lenaei,
189 315 223 368 ds
235 315 273 368 11.
289 315 384 381 presb.
394 329 423 367 n.
436 315 477 368 18.
490 315 569 378 Quod
581 320 672 368 antem
685 314 719 368 de
733 316 831 382 nepote
848 311 964 366 diximus
978 307 1073 366 conlir·

68 392 140 438 natur
158 401 174 438 a
198 387 385 439 decisionibus
401 387 429 439 S.
453 387 673 453 congregationis
689 387 802 440 concilii
820 386 913 438 relatis
926 398 944 438 s
957 383 1074 438 Benedi-

68 463 100 508 cta
109 459 174 518 xiv,
190 461 207 509 l.
224 474 247 510 c.
261 465 288 510 et
305 458 517 517 aReiiienstuel,
532 457 597 508 ibid.
613 472 639 509 n.
655 457 898 521 tribuendorum
919 453 1075 522 hujusmodi

68 531 192 594 probibitio
205 531 288 594 viget,
305 531 472 594 dispensatio
485 531 544 581 dari
558 530 652 595 nequit
665 531 699 583 ab
718 530 860 596 Episcopo,
881 528 988 580 etiamsi
1009 539 1074 590 aga·

69 601 140 652 tarde
153 601 281 652 beneficio
293 601 410 666 simplici
421 621 429 662 ς
444 601 492 652 ssd
508 600 563 652 aS.
579 599 650 652 Sede
663 605 705 652 est
718 599 897 664 imploranda,
907 613 989 665 quam
999 611 1073 664 stupe

70 671 169 722 nocedit
182 685 243 722 cum
255 671 379 722 clausula
393 688 400 722 ι
414 667 564 724 Dummodo
584 677 703 738 paterna
724 669 927 724 incontinentia
948 669 1075 722 imitator

69 740 169 803 nonsit,
183 743 226 792 cui
240 743 391 808 Episcopus
409 743 490 794 debet
512 742 614 796 bebere
637 743 814 804 satisfactum,
829 742 853 794 si
875 740 1075 808 dispensandus

69 825 107 875 per
119 814 246 877 integrum
261 813 422 864 decennium
436 814 522 879 probe
535 815 640 865 vixerit.
656 815 683 866 S.
700 813 876 878 congregatio
890 813 928 863 ite
942 811 1079 873 delinivit,

70 885 172 934 utretert
191 884 313 944 Richter,
329 885 362 934 ad
378 883 452 936 Sess.
467 883 506 944 15,
528 899 551 936 c.
565 887 604 947 15,
624 885 716 938 dorsi.
731 899 759 935 n.
770 885 793 936 8.
809 887 888 947 -191
905 884 970 950 Gap.
987 883 1024 942 111,
1039 882 1074 932 de

72 958 137 1019 const
150 969 208 1005 can.
229 956 237 1005 1
254 960 282 1007 et
298 969 348 1020 per
361 959 405 1006 tot.
421 955 484 1008 dist.
500 956 536 1006 l0.
552 957 623 1008 Hinc
633 956 756 1010 Clemens
770 956 807 1007 vt
819 955 974 1021 reprobavit
987 953 1075 1016 legem

70 1024 169 1092 Philippi
197 1026 348 1078 Galliarum
375 1027 457 1091 rogis,
480 1029 633 1092 quaeritari
652 1041 668 1079 a
689 1026 830 1082 beneflciis
852 1026 928 1090 regni
950 1023 1076 1076 excludo·

70 1094 158 1154 hanmr,
175 1101 202 1148 et
211 1098 345 1148 Martinus
358 1097 382 1148 V
396 1098 516 1149 Poloniae
533 1111 625 1164 regem
649 1098 820 1152 Uledislourn
832 1096 995 1164 objurgavit,
1012 1106 1074 1160 qnae

71 1172 135 1217 oertae
149 1168 275 1219 Ecclesiae
289 1169 427 1220 canonicis
441 1168 626 1234 prohibuerat,
640 1184 675 1220 na
690 1173 810 1220 extorum
830 1167 950 1234 aliquem
970 1166 1074 1217 socium

71 1238 207 1302 reciperent.
225 1240 335 1304 Riganti
349 1239 384 1290 ad
397 1253 453 1303 reg.
467 1239 503 1301 17,
519 1239 626 1291 canoel.
638 1253 667 1291 n.
685 1239 730 1290 tta
743 1249 770 1292 et
779 1253 854 1305 seqq.
870 1265 899 1276 -·
910 1238 961 1302 (111)
973 1235 1075 1286 Zallin-

71 1320 106 1368 ger
117 1309 146 1359 de
157 1311 265 1374 const}
282 1311 335 1369 135,
350 1324 377 1360 n.
394 1312 419 1362 t.
435 1311 519 1362 Plura
543 1315 633 1362 tamen
647 1324 681 1362 ex
700 1310 744 1362 his
764 1312 873 1363 statutis
893 1309 1031 1360 inornata
1046 1305 1075 1357 S.

71 1377 125 1429 Sede
137 1380 299 1431 confirmata.
313 1382 367 1432 Pro
381 1381 435 1432 illis
448 1395 514 1432 vero
531 1382 649 1441 salutis,
663 1396 725 1448 quae
739 1397 755 1434 a
768 1382 838 1434 Sede
852 1379 1008 1446 apostolica
1021 1390 1076 1428 non

71 1447 161 1500 inerunt
178 1451 335 1502 confirmata
347 1452 388 1502 nil
400 1457 515 1517 prosunt
535 1451 641 1516 adjecta
654 1454 816 1518 juramenta,
831 1452 897 1518 quia
918 1463 975 1504 non
992 1451 1084 1516 jura·

71 1525 153 1579 mena,
167 1523 213 1573 sut
226 1521 354 1589 perjuria
370 1523 459 1587 polius
472 1526 536 1574 sunt
553 1523 678 1586 dicenda,
693 1537 749 1589 que
763 1527 860 1576 contra
873 1523 1021 1576 utilitatem
1032 1533 1074 1571 ec-

72 1589 223 1644 elesiasticam
238 1597 419 1647 attentantur.
436 1593 501 1658 Cap.
516 1593 557 1656 11,
572 1594 606 1644 de
615 1596 714 1659 juroj.;
730 1595 789 1646 ideo
804 1595 862 1646 haec
874 1597 1028 1658 jnrantenta
1041 1589 1076 1642 li·

71 1658 340 1717 lerlatiecclesiaslt'ere
361 1664 500 1718 obuiamiu
523 1678 577 1716 non
598 1671 711 1729 possunt
729 1667 862 1730 praestari.
883 1665 948 1730 Cap.
971 1666 993 1727 1,
1014 1661 1074 1714 ead.

71 1730 92 1780 in
101 1733 121 1782 6,
134 1760 162 1772 -
174 1735 226 1798 (11)
238 1735 306 1786 «lure
318 1737 453 1786 communi
466 1735 547 1786 etiam
557 1736 643 1786 exteri
657 1736 691 1786 ad
702 1737 834 1788 beneficia
847 1735 953 1788 admitti
964 1734 1078 1799 possunt

71 1806 114 1852 tan
124 1807 299 1867 necessitatis,
314 1811 371 1856 tura
386 1805 495 1870 majoris
509 1805 635 1857 utilitatis
649 1801 740 1858 causa.
751 1807 924 1859 Innocentius
939 1807 1010 1858 enirn
1023 1803 1078 1864 111,

71 1871 215 1928 Patnarcbae
228 1877 534 1942 Constantinopolitano,
543 1877 590 1942 qni
604 1877 630 1926 ia
641 1877 769 1929 Ecclesiis
779 1878 891 1930 clericos
904 1881 1009 1928 tantum
1020 1886 1078 1925 saca

71 1947 167 1997 nationis
185 1948 354 2009 instituebat,
366 1947 515 2010 mandevit,
528 1953 558 2000 ut
575 1948 647 2000 uiros
660 1948 802 2009 litteratos,
816 1949 858 2000 vel
871 1947 938 2000 alias
959 1945 1077 2002 idoneos,

71 2014 234 2082 undamque
259 2019 393 2083 oripinem
416 2017 554 2082 ducerint,
568 2019 599 2068 in
623 2019 759 2082 predictis
775 2017 906 2081 Eccleriir,
920 2022 945 2072 et
959 2017 1078 2068 macine

71 2083 94 2135 in
105 2089 207 2154 majani,
225 2088 370 2155 instituere
381 2103 437 2142 non
460 2093 613 2156 postponat.
634 2089 700 2154 Cap.
716 2092 739 2152 5,
755 2090 788 2142 de
803 2092 887 2142 instit.
905 2095 931 2141 ct
945 2090 983 2140 ib.
1000 2088 1077 2138 Doct.

73 2158 121 2218 qaia
132 2173 181 2211 nen
191 2167 233 2211 est
243 2161 398 2225 sequendus
413 2161 580 2214 carnalitatis
603 2159 724 2220 affectus,
740 2162 787 2213 sed
807 2162 941 2226 judicium
956 2157 1076 2211 rationis.

73 2225 123 2292 Cap.
136 2231 174 2293 19,
187 2232 222 2282 da
234 2231 375 2297 praebcnd.
389 2233 570 2297 Excipiuntur
592 2235 681 2282 tamen
702 2233 838 2297 Episcopi,
853 2233 899 2298 qui
914 2237 978 2282 tunc
991 2229 1079 2282 salum

73 2297 97 2375 de
106 2302 185 2352 atiena
197 2303 309 2353 dioecesi
324 2303 516 2368 ellgipossnnt,
526 2315 588 2352 cum
597 2315 676 2352 nemo
688 2302 786 2367 dignus
797 2307 824 2352 in
835 2303 956 2354 Ecclesia
966 2303 1079 2352 vacante

73 2373 196 2435 urenitur,
213 2375 331 2438 quia,nt
344 2378 383 2424 ait
395 2375 558 2426 Coelestinus
573 2374 649 2438 Papa
664 2393 670 2422 ι
688 2373 812 2424 Primum
824 2373 867 2424 illi
880 2373 972 2438 (hujus
986 2370 1079 2422 Eccle-

73 2439 119 2504 sia)
129 2443 290 2506 reprobandi
308 2449 381 2506 sunt,
404 2449 434 2498 ut
460 2447 547 2510 aliqui
569 2445 601 2494 de
623 2443 720 2496 alienis
743 2443 864 2497 Ecclesiis
885 2443 1079 2508 preferantur.

11 2557 12 2560 ,
74 2506 156 2566 tuat
168 2514 350 2580 unusquisque
361 2517 485 2582 fructum
497 2532 550 2570 sna
566 2512 672 2567 militiae
685 2517 717 2568 in
739 2515 865 2576 Ecclesia,
879 2515 910 2564 in
927 2527 981 2578 qua
1002 2526 1082 2564 suam

75 2593 112 2640 aer
124 2586 211 2638 amnia
225 2586 319 2652 ospicia
334 2587 464 2652 transepit
478 2591 592 2642 atatem.
615 2587 650 2640 ln
663 2589 754 2640 aliena
763 2587 900 2653 stipendia
910 2585 1024 2637 minime
1040 2583 1080 2636 al·

75 2653 211 2722 terotrepat
227 2676 234 2714 ;
251 2669 300 2708 nec
311 2657 362 2709 atii
376 2657 494 2710 delitam
507 2659 577 2711 alter
594 2659 647 2711 sibi
656 2659 796 2712 vindicare
810 2659 910 2710 audeat
924 2655 1079 2709 mercedem.

75 2721 124 2774 Can.
139 2727 174 2786 13,
189 2729 253 2780 dist.
267 2729 297 2779 61
310 2745 318 2790 ;
330 2729 474 2780 concordat
487 2745 545 2781 can.
563 2731 601 2793 16,
614 2731 673 2782 sod.
691 2745 749 2795 cap.
764 2729 789 2794 4,
808 2727 953 2797 de‘postul.
975 2733 1003 2779 et
1020 2741 1081 2793 cap.

75 2791 144 2854 lida
163 2799 239 2850 elect.
264 2801 397 2850 Caeterum
419 2801 448 2850 in
469 2801 595 2853 omnibus
615 2802 755 2854 beneficiis
774 2801 868 2866 regula
889 2805 932 2852 est
956 2813 989 2851 ex
1009 2802 1082 2862 jure,

74 2868 192 2934 equitata,
206 2875 234 2920 et
260 2872 436 2936 congruentia
449 2872 573 2932 deducta,
601 2879 629 2924 ut
646 2873 817 2940 praeferatur,
841 2871 943 2925 certeris
960 2871 1082 2938 paribus,

75 2937 187 2992 oiundus
198 2955 254 2994 non
268 2941 392 3004 oriundo,
407 2943 569 2995 dioecesanas
586 2957 642 2996 nan
662 2944 817 3003 dioecesana,
840 2948 865 2996 et
887 2942 1016 3007 indiqena
1040 2941 1083 3006 so·

74 3009 133 3060 renti
153 3013 255 3064 llitatus
269 3013 339 3064 enim
352 3013 477 3064 Pontifex
490 3015 652 3066 Coeleslinus
669 3014 763 3065 Gallias
777 3016 924 3082 Episcopus
934 3017 962 3066 in
977 3029 1027 3066 sua
1040 3012 1083 3064 ia·

76 3082 205 3134 tlnrctione
221 3087 258 3134 ita
273 3086 372 3141 monet,
387 3096 435 3136 nec
449 3084 568 3136 emeritis
581 3085 613 3136 in
628 3084 684 3136 suis
696 3083 819 3138 Ecclesiis
832 3085 936 3138 clericis
947 3082 1084 3152 perecrini

77 3151 94 3198 rt
106 3154 231 3213 extranei,
246 3158 271 3207 et
286 3154 334 3220 pai
347 3158 411 3207 ante
436 3155 557 3220 iqnorati
579 3158 652 3218 sunt,
670 3153 707 3208 ad
722 3156 899 3209 exclusionem
919 3169 1021 3216 eorum,
1036 3151 1084 3218 qui

77 3215 127 3298 bene
139 3223 168 3274 de
180 3239 292 3277 ruarurn
310 3225 412 3277 ciuium
425 3230 564 3280 merentur
578 3225 739 3289 testimonio,
748 3231 949 3293 preponantur.
966 3227 1031 3278 Gan.
1044 3223 1084 3284 ta,

78 3288 127 3341 dist.
139 3295 176 3355 61,
191 3296 256 3361 lieg.
276 3296 303 3346 17
318 3297 424 3349 cancel.
439 3302 466 3349 et
479 3297 516 3348 ib.
533 3297 651 3364 Riganti.

106 3482 161 3538 tls.
180 3487 285 3542 Forma
297 3481 418 3542 demum
431 3481 597 3543 collationis
609 3483 679 3542 olim
688 3501 750 3543 non
761 3490 827 3544 erat
835 3478 1039 3552 determinata,
1050 3497 1087 3540 ac
1192 3523 1193 3532 .

80 3567 186 3638 proinde
198 3588 252 3648 per
266 3572 362 3632 solam
382 3587 555 3647 expressam
574 3573 726 3634 callainis
747 3574 930 3632 voluntatem
942 3569 1088 3632 beneficia
