2560 4080
533 239 569 251 -
586 211 639 269 tot
661 238 692 252 -

93 336 142 409 rit,
156 337 261 396 contra
276 347 365 410 quam
379 331 507 409 suspicio
523 333 621 408 gravis
635 331 801 408 praecessit,
812 337 863 393 aut
879 332 1050 406 diffamatio,
1065 339 1123 392 aut

95 424 152 485 alia
165 421 352 484 suntindicia
365 421 476 499 gravia.
490 421 573 494 llinc,
589 428 622 481 ut
634 427 725 498 patet,
743 420 893 496 inquisitio
905 421 1051 498 judicialis
1071 421 1118 480 in-

98 505 242 577 stituitur,
260 510 294 564 ut
315 509 495 579 agnoscatur
515 502 666 576 delictum,
681 507 711 562 et
729 501 877 578 specialis,
894 513 926 562 ut
943 503 1118 578 delinquens

93 593 242 670 puniatur.
257 597 353 666 Quare
365 592 462 668 prima
478 592 566 651 debet
580 589 755 667 regulariter
766 591 947 668 praecedere,
962 597 992 652 at
1009 608 1115 668 quous

93 699 154 762 que
167 682 264 755 durat,
278 697 437 759 processus
451 686 496 740 est
509 681 739 756 informativas;
754 681 827 741 dum
847 679 948 740 evadit
961 681 1118 757 ostensivas

94 789 135 834 ex
150 777 235 848 parta
258 769 334 844 fisci,
349 777 379 829 et
392 770 556 845 deformiores
570 787 609 831 ex
627 776 712 846 parte
738 767 792 846 rei,
805 785 875 850 cum
892 769 931 830 ad
954 769 1117 832 secundam

95 859 277 936 proceditur.

132 1059 195 1116 889.
207 1055 303 1114 ludex
316 1054 483 1115 ordinarius
502 1055 653 1132 inquirere
665 1062 763 1132 potest
776 1055 807 1116 in
821 1055 903 1116 omni
914 1053 1038 1116 crimine
1054 1059 1119 1114 tum

96 1162 136 1205 ex
149 1142 259 1218 officio,
275 1150 338 1204 tum
352 1143 390 1203 ad
403 1143 524 1204 alterius
543 1143 728 1218 instantiam
745 1146 798 1206 sed
815 1161 875 1204 non
892 1149 989 1220 potest
1001 1143 1118 1218 regula-

96 1233 168 1294 riter
184 1231 342 1308 specialem
356 1232 576 1308 inquisitionem
585 1233 747 1308 instituere,
763 1232 820 1293 nisi
833 1230 1022 1308 praecesserit
1034 1229 1118 1290 diffa-

96 1320 281 1396 mati03quia
289 1321 457 1381 necessaria
466 1321 610 1382 securitas
620 1338 816 1397 personarum
825 1321 854 1380 in
864 1323 1005 1381 societate
1017 1319 1119 1378 vivan·
1208 1347 1211 1354 ·

98 1411 173 1471 tium
186 1411 245 1470 hoc
255 1409 390 1486 requirit,
402 1427 439 1470 ne
454 1410 629 1470 innocentes
642 1409 879 1486 inquisitionibus
893 1415 1053 1486 graventur
1067 1415 1077 1477 (
1097 1412 1118 1481 ).

98 1505 168 1560 llaec
181 1505 281 1559 autem
294 1498 455 1558 diffamatio
468 1505 539 1558 tuuc
550 1499 655 1559 adesse
664 1507 815 1572 censetur,
829 1516 897 1559 cum
910 1501 1051 1575 frequens
1059 1514 1120 1557 vox

98 1589 263 1666 proborum
276 1587 431 1647 hominum
444 1587 573 1664 aliquem
584 1588 622 1650 de
635 1587 830 1649 determinato
845 1588 968 1648 crimine
990 1585 1120 1646 rationa-

54 1755 56 1758 .
97 1677 195 1737 biliter
209 1686 380 1752 suspectum
391 1676 496 1737 reddit.
512 1677 595 1737 Unde
613 1678 726 1738 clamor
737 1679 893 1750 malorum,
911 1675 961 1753 qui
980 1676 1018 1735 ad
1038 1673 1120 1734 deci·

98 1765 240 1844 piendam
250 1765 373 1826 excitari
383 1766 523 1839 creditur,
532 1767 620 1842 hujus
634 1766 752 1842 generis
765 1783 826 1826 non
836 1766 950 1826 inducit
958 1765 1119 1838 infamiam,

98 1854 229 1917 maxime
235 1871 305 1914 cum
313 1855 351 1914 do
361 1854 532 1914 criminibus
539 1855 711 1931 generatim,
721 1860 751 1915 et
763 1872 822 1915 non
832 1855 870 1916 de
881 1855 1003 1916 crimine
1012 1854 1042 1913 in
1052 1871 1122 1930 spe·

98 1947 143 2006 cie
157 1943 288 2020 loquitur
300 1949 352 2018 (i).
367 1943 589 2021 Inquisitionem
603 1960 675 2004 vero
684 1946 863 2020 generalem,
879 1951 909 2006 et
928 1951 1010 2004 tanto
1026 1943 1120 2019 magis

99 2034 353 2112 generalissimam
372 2036 484 2110 absque
504 2033 685 2110 praecedenti
708 2033 907 2094 diffamatione
926 2033 1017 2093 libere
1028 2033 1121 2108 judex

100 2119 255 2184 instituere
266 2129 375 2200 potest,
392 2123 460 2198 quia
480 2123 525 2182 sic
539 2123 654 2198 agendo
676 2138 731 2181 suo
752 2121 891 2182 satisfacit
911 2120 1039 2198 pastoris
1054 2137 1120 2182 mu-

100 2212 175 2286 neri,
185 2212 267 2288 quod
276 2211 351 2271 sacri
360 2228 492 2272 canones
498 2211 539 2271 illi
548 2226 653 2271 severe
661 2211 828 2287 imponunt,
838 2217 869 2270 et
880 2210 969 2270 simul
978 2211 1121 2280 satisfacit

100 2299 199 2360 officio
211 2301 329 2376 judicia,
345 2302 431 2376 cujus
449 2305 494 2358 est
511 2299 716 2376 delinquentes
734 2299 852 2376 punire,
870 2306 900 2360 et
920 2299 1083 2360 Ecclesiam
1104 2315 1123 2358 a

100 2388 185 2450 malis
193 2388 362 2449 hominibus
372 2392 525 2464 purgare(
543 2393 565 2461 ).

133 2546 170 2612 (l)
183 2546 246 2612 Gap.
260 2545 296 2604 lt.
319 2545 359 2609 ta,
379 2547 405 2597 et
425 2544 465 2602 it,
489 2544 522 2594 da
542 2547 658 2596 accusat.
683 2546 709 2595 et
729 2557 788 2610 cap.
806 2544 817 2596 l
834 2547 861 2597 et
881 2545 906 2604 i,
922 2544 980 2595 aad.
996 2543 1024 2594 in
1048 2543 1072 2595 6.
1092 2546 1139 2584 -’

99 2619 135 2683 (i)
150 2617 206 2669 Nec
219 2617 253 2668 ad
267 2616 294 2668 id
308 2617 405 2668 suflicit
418 2615 507 2680 opinio
523 2614 614 2674 trium,
631 2618 679 2666 ant
693 2619 808 2680 quatuor
830 2615 979 2666 hominum.
995 2614 1060 2682 (lap.
1081 2614 1121 2675 il,

101 2689 135 2742 de
149 2693 266 2741 accusat.
284 2713 312 2726 -
330 2687 365 2753 (3)
379 2686 548 2752 pellegrinus
560 2690 630 2750 part.
646 2686 669 2746 5,
690 2689 756 2738 sect.
769 2687 794 2750 i,
809 2700 837 2738 11.
849 2686 888 2738 23.

136 2887 199 2943 890.
225 2881 417 2942 denunciatio
436 2891 476 2942 cst
500 2881 606 2942 dolatio
625 2882 769 2952 criminin
783 2889 837 2943 cut
853 2883 1005 2944 criminosi
1018 2883 1058 2944 cd
1071 2901 1121 2944 sc·

98 2973 254 3048 perieram,
265 2971 323 3030 stoc
332 2971 464 3047 judicem
475 2987 529 3046 pro
546 2972 706 3044 communi,
719 2972 764 3030 cat
781 2972 960 3048 particulari
974 2973 1045 3034 bono
1058 2974 1121 3050 pri

99 3061 192 3121 vatim
206 3063 285 3131 facto
299 3065 351 3133 (ll.
367 3059 428 3120 uici
450 3059 558 3119 iterum
582 3067 678 3134 potest
701 3061 857 3135 generalis,
875 3078 945 3120 cum
963 3061 997 3120 fit
1013 3063 1051 3120 ad
1070 3062 1122 3121 ali-

102 3149 183 3226 quod
198 3149 339 3208 dalictum
350 3149 526 3224 generaliter
540 3137 779 3223 impediendum
796 3156 825 3210 ct
835 3149 976 3226 spectatis,
993 3166 1061 3209 cum
1075 3147 1123 3208 ad·

102 3255 209 3298 veram
224 3245 350 3297 certam*
361 3255 521 3313 personam
534 3237 669 3313 dirigitur
683 3241 734 3312 (2).
750 3238 811 3298 ltici
826 3239 914 3298 etiam
926 3245 1024 3313 potest
1036 3255 1122 3298 cccc·

100 3328 179 3400 nica,
196 3343 265 3386 cum
280 3326 317 3385 ad
340 3327 449 3386 delicta
472 3327 653 3386 removenda
669 3327 850 3400 instituitur,
875 3334 904 3387 et
926 3327 1028 3400 civilis,
1053 3343 1123 3387 cum

100 3415 263 3476 instituitur
275 3415 313 3474 ad
331 3415 490 3492 publicam,
504 3417 551 3475 vel
564 3414 710 3490 privatam
733 3415 963 3492 satisfactionem
986 3414 1122 3475 obtinen-

101 3506 181 3565 dam.
197 3509 293 3576 Quare
307 3505 433 3582 simplex
448 3503 636 3565 denunciatio
650 3505 824 3580 evangelica,
841 3509 892 3564 aut
905 3506 1053 3579 fraterna,
1073 3511 1124 3565 ant

100 3595 288 3670 charitativa,
297 3593 596 3670 utdicuntlheologi,
604 3594 644 3656 ad
655 3594 732 3657 hanc
746 3593 948 3658 definitionem
962 3598 993 3656 ot
1005 3593 1124 3660 titulum
