2432 4078
591 157 755 218 ..27⁶-

159 280 274 339 emenda
287 280 377 348 pretii,
387 281 415 332 et
422 277 582 344 iudicarunt
590 280 625 333 ad
635 281 760 334 alendam
769 279 877 332 turbam
886 279 1008 346 quinque
1015 279 1129 332 millium
1142 281 1183 332 bo-

162 355 265 404 minum
278 365 363 415 panes
376 365 426 418 pro
438 351 561 404 ducentis
571 352 691 404 denariis
701 366 762 404 esso
771 353 949 404 necessarios.
965 353 1024 404 Luc.
1034 352 1059 411 9,
1071 352 1152 404 Marc.
1165 354 1183 411 6,

161 423 271 476 etican.
284 423 446 488 t.-(t)1au
458 423 578 474 Corinth.
595 425 631 476 iti.
639 423 709 488 -(i)
721 424 780 476 Act·
788 423 881 488 Apost.
892 422 1010 487 capti.
1018 421 1058 482 ib,
1067 426 1155 488 eteap.
1166 425 1183 487 l,

142 509 147 518 ·
162 495 187 552 t.
198 494 313 558 διο-(5)
323 493 386 546 Cen.
402 495 426 553 5,
436 508 459 546 c
478 495 515 546 li.
526 508 551 558 q.
566 495 591 546 2.
603 495 659 546 Can
671 494 708 552 lt,
723 508 746 546 o.
760 495 829 558 lt,q.
842 495 864 554 l,
873 495 899 544 in
907 507 961 559 quo
972 495 1096 546 Pontifex
1103 495 1183 546 decla·

162 567 213 623 rat,
236 564 287 614 boc
296 563 374 616 modo
388 564 426 616 ita
438 567 546 616 auctum
558 564 643 616 inisse
654 564 783 618 Ecclesiae
794 565 1034 630 patrimonium,ut
1045 565 1114 615 inter
1125 565 1182 616 lide·

162 633 204 688 les
217 634 310 687 nullus
324 638 397 686 esset
407 635 526 699 amplius
537 635 669 700 indigens.
687 635 818 686 Novimus
828 648 844 685 ιι
855 634 957 686 criticis
971 637 1115 686 transactae
1128 641 1183 686 aeta·

162 705 199 756 tis
214 704 265 756 bos
281 719 401 758 canones
415 704 570 770 repudiari;
585 704 634 756 sed
657 705 685 756 in
709 705 817 756 decreto
830 704 954 758 Gratiani
971 707 1053 770 jussu
1071 705 1183 770 Gregorii
1210 769 1211 772 Ἴ

161 773 215 826 Xll
237 775 362 842 evulgata
382 777 565 841 reperiuntur,
578 779 605 826 et
616 790 633 826 a
646 776 810 828 Ductoribus
825 776 913 828 adbuc
925 777 1052 835 citantur,
1067 778 1094 828 et
1106 779 1129 828 si
1138 791 1183 827 non
1210 775 1211 788 ²

160 847 278 912 probant
291 851 322 898 ut
333 847 443 900 decreta
455 847 626 906 Pontificum,
638 853 669 898 ut
679 851 853 900 monumenta
862 847 983 900 historiae
994 849 1118 912 probant.
1126 849 1183 912 -(6)

160 915 480 971 Doctorcsccrnmuniter
493 917 674 970 benedictum
690 919 822 980 referunt,
837 919 908 984 quod
924 917 1063 970 evidenter
1081 919 1182 970 demon·

161 989 238 1052 strat,
246 987 397 1040 Ecclesiam
409 991 471 1040 enta
482 987 652 1041 Constantini
663 993 787 1054 tempora
799 989 872 1040 bona
880 987 1029 1041 immobilia
1039 989 1184 1054 possedisse
1211 978 1212 1070 l

161 1071 211 1124 per
218 1071 256 1121 sc,
263 1057 306 1110 vel
315 1072 363 1124 per
373 1060 548 1124 interpositas
558 1073 689 1125 personas
695 1059 730 1111 ob
740 1059 859 1112 furorem
869 1064 1080 1125 persecutorum,
1091 1059 1182 1118 itama-

161 1128 240 1182 cbius
251 1127 302 1180 Del
315 1127 388 1182 dirit
404 1129 452 1182 lib.
468 1129 542 1182 della
554 1129 646 1184 Chias.
657 1134 708 1184 etc.
725 1129 745 1182 l.
759 1131 784 1194 2,
801 1143 825 1183 c.
839 1130 865 1196 t,
878 1128 892 1196 i
905 1131 928 1183 8.

197 1345 261 1400 titi.
281 1345 406 1404 liemum
415 1340 550 1402 Ecclesia
564 1358 620 1418 per
635 1340 847 1418 imperatorem
862 1343 1086 1404 Constantinum
1095 1359 1114 1402 a
1123 1359 1182 1418 per-
1212 1347 1213 1386 ἓ

162 1428 350 1490 soeutionum
364 1430 539 1508 captivitate
555 1430 680 1492 liberata
697 1429 828 1490 danem
845 1443 931 1489 suam
950 1429 1180 1490 constitutionem

160 1519 279 1594 publice
293 1517 461 1595 explicarit,
476 1519 554 1580 inter
576 1519 746 1592 societates,
768 1525 798 1578 ct
821 1535 968 1594 personas
988 1519 1116 1578 morales
1129 1518 1180 1594 pri-

160 1623 244 1668 mum
257 1607 384 1667 obtinuit
399 1609 508 1681 locum,
531 1615 561 1668 et
571 1607 689 1684 juribus
702 1607 841 1670 omnibus
856 1607 993 1668 civilibus
1016 1607 1059 1667 uti
1079 1623 1114 1666 ac
1132 1605 1180 1665 frui

160 1695 252 1755 libere
266 1695 367 1771 coeplt.
384 1701 546 1771 Propterea
569 1712 610 1755 ex
632 1712 669 1756 eo
694 1702 829 1772 tempore
850 1697 920 1771 jure
935 1693 1121 1771 proprietatis
1134 1711 1180 1752 sna

160 1783 324 1858 vindicare,
344 1790 375 1844 et
395 1801 450 1860 per
464 1791 551 1844 actus
565 1783 643 1844 inter
657 1779 754 1858 viros,
769 1784 818 1843 vel
830 1783 943 1844 ultimae
957 1783 1120 1844 voluntatis
1133 1781 1180 1841 sibi

125 1941 129 1950 .
159 1873 280 1945 donam,
300 1873 350 1932 vel
371 1873 475 1932 relicta
496 1873 628 1948 mobilia,
649 1879 701 1933 aut
719 1871 887 1934 immobilia
909 1873 1077 1950 acquirere,
1095 1887 1179 1944 eaque

160 1960 260 2020 omnia
278 1959 413 2034 civiliter,
435 1967 465 2020 et
486 1960 616 2036 legitime
637 1960 845 2022 administrare
865 1961 970 2037 potuit.
994 1960 1106 2020 Primus
1123 1959 1178 2036 ipse

160 2048 369 2108 consentinus
383 2048 522 2110 Ecclesia
541 2048 688 2110 immensa
702 2047 826 2110 donaria
837 2049 943 2112 obtulit
958 2055 1010 2123 (l),
1032 2056 1063 2108 et
1082 2047 1177 2107 deinde

159 2136 208 2196 alii
220 2141 316 2212 Reges
329 2144 359 2197 et
372 2136 537 2213 Principes,
546 2155 582 2198 ac
593 2137 716 2200 ditiores
726 2138 830 2198 tldeles
844 2144 927 2198 tanta
940 2137 1038 2198 eidem
1052 2153 1176 2207 munera,

157 2231 189 2285 et
208 2225 285 2286 adeo
302 2231 404 2286 vastam
424 2225 630 2301 possessiones
654 2227 815 2300 donarunt,
839 2232 873 2286 ut
890 2225 974 2288 brevi
989 2225 1119 2286 Ecclesia
1131 2238 1177 2300 per

158 2318 255 2376 totum
268 2313 414 2376 mnndum
429 2313 575 2375 ditissima
588 2314 718 2376 evaserit
732 2318 786 2388 (Ξ).

189 2477 224 2544 (l)
237 2479 302 2530 Gan.
322 2478 359 2539 15,
375 2494 397 2531 c.
416 2479 453 2538 lt,
468 2492 495 2548 q,
510 2477 530 2528 l.
547 2502 574 2517 -
585 2477 621 2544 (i)
631 2477 760 2530 Ecclesiae
774 2475 883 2530 divitias
891 2478 1040 2546 reprobant
1056 2475 1175 2535 heretici,

158 2554 189 2601 ut
203 2549 363 2615 valdenses,
376 2552 404 2601 et
426 2549 578 2608 Wiolelltae,
596 2551 695 2615 quibus
716 2548 855 2600 adbaerent
876 2549 1053 2612 dansenistae;
1083 2555 1108 2600 et
1124 2548 1175 2614 qni-

157 2620 222 2672 dam
234 2622 315 2673 etiam
330 2635 363 2672 ex
377 2619 515 2673 catholicis
525 2620 654 2672 Ecclesia
668 2619 776 2671 divitias
789 2631 844 2670 non
854 2619 973 2683 landant,
985 2620 1049 2685 quia
1059 2619 1175 2671 seculum

156 2693 253 2756 magis,
268 2706 349 2759 quam
365 2693 452 2744 Deum
466 2691 591 2757 diligunt.
606 2692 660 2743 Sed
671 2689 699 2742 hi
714 2691 741 2742 S.
756 2690 890 2742 loannem
904 2691 1121 2754 chrysostomum
1133 2702 1175 2738 au·

157 2763 234 2814 diunt
245 2763 286 2814 sic
298 2762 450 2814 dicentem:
467 2759 535 2816 ilum
553 2762 720 2828 soenttotom
741 2759 861 2813 licentia
885 2763 1102 2826 ineptitudinem
1121 2770 1174 2823 per·

157 2831 247 2898 spicis,
269 2833 357 2898 eootto
379 2833 463 2886 etiam
486 2833 682 2898 inscriptorum
706 2845 857 2900 pauperum
879 2833 996 2892 turbam,
1016 2832 1174 2896 infirnwrom

157 2901 371 2963 multitudinem,
395 2903 606 2958 innumerarum
628 2917 807 2972 expensorum
828 2903 1004 2958 necessitates.
1025 2903 1118 2956 Homil.
1137 2899 1171 2949 il.

158 2973 193 3024 ad
209 2973 222 3022 1
237 2973 368 3035 Gorlntb.;
384 2978 412 3026 et
425 2975 512 3029 nobis.
527 2989 630 3042 queso,
646 2976 790 3042 explicent,
806 2988 891 3042 quare
914 2988 1028 3042 regnum
1040 2970 1171 3041 temporalo

156 3056 306 3110 numquam
317 3043 417 3100 habeat
432 3047 508 3110 setis,
524 3051 551 3100 ct
564 3048 686 3100 Ecclesia
702 3060 808 3112 sempor
818 3047 922 3099 nimist

193 3266 257 3324 598.
276 3267 358 3324 Bona
368 3263 508 3326 Ecclesiae
522 3267 699 3344 temporalia
710 3273 819 3344 praeter
831 3283 899 3328 eam
920 3267 1099 3344 qualitatem,
1113 3275 1167 3338 quae

158 3353 297 3414 omnibus
312 3353 526 3432 temporalibus
548 3353 635 3415 bonis
658 3354 745 3431 inest,
771 3353 860 3414 aliam
873 3355 1169 3417 babcntdesursuma

157 3445 220 3502 lieo
233 3447 389 3520 acceptam
409 3458 500 3502 causa
513 3442 663 3518 religionis
679 3463 686 3504 :
702 3459 772 3504 nam
785 3449 846 3504 Deo
858 3443 1068 3520 principaliter,
1079 3446 1107 3499 et
1119 3441 1166 3496 ltc-

157 3531 257 3592 clesiae
276 3531 307 3594 in
327 3529 574 3608 consequentuer
591 3533 766 3609 offeruntur,
779 3534 829 3596 rel
840 3537 911 3595 teau
922 3533 1040 3599 cbristo
1051 3529 1164 3592 oderun-
