2410 4068
437 164 595 221 459..

47 280 128 352 iqua
137 284 165 338 itt
176 285 338 352 ieiunitate
349 285 510 341 cotulitutu't
521 289 582 348 etc.;
590 297 652 352 qua
665 284 749 337 verba
761 283 889 338 videntur
902 286 936 338 ad
951 299 1043 339 casum

47 358 180 409 intimitatis
195 371 301 409 sensum
318 359 482 423 restringere
494 379 501 409 ι
513 359 605 410 verius
618 362 709 409 nmen
723 361 855 423 negatur:
872 371 935 410 nem
949 359 1043 410 eadem

48 429 119 492 regula
129 427 186 480 Irae
194 429 248 480 alia
260 429 358 482 hahet:
373 430 457 482 etiam
469 429 559 494 ripen
570 428 786 494 supplicationis,
801 427 867 481 dam
877 433 940 483 esset
950 443 1043 495 sonus,

46 500 141 564 apuu,
157 507 217 564 etc,
230 503 258 551 et
273 502 385 565 iusuper
405 501 464 551 haec
485 499 610 566 negativa
626 501 768 562 sententia,
781 506 813 551 ut
823 501 861 551 ait
882 501 1001 566 Riganti,
1014 500 1043 552 iu

47 571 105 634 praxi
114 571 322 624 constantissime
335 573 503 624 observatur.
518 571 560 622 Ad
576 572 620 623 cii.
632 585 687 635 reg.
702 583 730 622 n.
745 571 784 622 36.
799 571 876 622 Circa
885 573 1043 635 secundam,

47 642 111 704 meri
124 641 215 692 Iterum
229 646 330 708 potest,
349 655 383 693 an
406 655 480 694 mors
500 645 616 706 sequuta
639 641 737 694 debe'st
757 655 817 693 esse
836 643 978 701 naturalis,
1000 641 1043 694 vel

47 711 136 762 sufficiat
147 711 239 772 clviIis,
255 717 303 763 aut
314 713 368 763 alia
381 715 483 763 causat
500 712 553 763 Sed
565 713 694 764 Doctores
717 713 894 764 communiter
908 713 1043 764 sustinent

47 781 124 833 debere
136 796 192 836 esse
206 783 367 847 naturalem,
384 786 411 834 at
429 797 483 834 uon
498 782 621 835 sufficere
635 783 751 847 civilem,
764 784 808 836 vel
824 783 906 834 aliam
922 797 1039 835 causam.

47 851 99 902 iiiuc
111 854 133 904 si
145 855 285 919 resignans
298 855 370 905 intra
382 853 477 920 viginti
491 854 549 906 dies
563 869 674 907 uxorem
686 855 950 916 ducetrbeneduum
961 859 1040 906 vacat

46 936 81 986 per
92 925 299 989 resignationem,
313 939 368 976 nou
381 938 431 990 per
442 925 652 979 matrimonium.
669 925 777 993 Riganti
794 925 845 978 Ioe.
860 927 904 978 cit.
918 940 946 976 u.
959 925 999 978 79.
1012 953 1040 965 -

46 993 70 1056 (t)
82 994 244 1049 Iteiilenstuel
258 997 293 1048 de
307 1009 417 1048 renunc.
429 1009 456 1048 n.
467 996 506 1048 63.

68 1219 117 1274 III.
131 1221 172 1277 Ex
179 1219 242 1293 jam
254 1217 342 1278 dIctis
356 1218 541 1279 renunciatio
563 1219 694 1294 postulat
715 1217 953 1293 acceptationem
968 1218 1041 1294 Iegi-

44 1302 88 1362 timi
97 1307 250 1382 superioris
265 1310 317 1380 tt),
333 1307 383 1384 qui
395 1307 436 1367 de
448 1325 540 1366 causa
551 1305 672 1383 justitia
684 1307 815 1383 primurn
828 1305 995 1388 cognoscit,
1011 1314 1042 1368 et

43 1389 123 1451 deinde
135 1394 288 1454 viaculum
302 1396 399 1468 solvit,
415 1412 475 1471 quo
498 1395 626 1455 clericus
651 1395 802 1467 Ecclesiae,
823 1401 874 1455 aut
895 1395 1042 1456 beneflcio

44 1478 187 1542 devincitur.
203 1487 261 1542 Per
275 1484 353 1542 lianc
362 1484 601 1560 acceptationem
614 1484 775 1560 resignatio
785 1483 1040 1558 titirrevocabilis,

43 1565 70 1624 ita
86 1576 114 1628 ut
124 1573 220 1630 nultus
233 1571 273 1630 sit
288 1572 414 1648 amplius
425 1571 610 1648 poenitentiae
622 1574 726 1646 locus3
742 1579 772 1633 et
784 1572 809 1632 si
818 1573 975 1648 resignans
987 1574 1042 1633 be·

44 1657 115 1717 reici
126 1661 346 1735 possessionem
370 1661 445 1720 nolit
457 1661 606 1735 deserere,
620 1661 709 1722 etiam
718 1679 772 1738 per
786 1678 928 1722 censuras
942 1663 979 1721 ab
991 1680 1041 1723 ea-

44 1743 92 1804 den
105 1747 129 1806 in
141 1758 320 1825 perpetuum
331 1749 527 1823 expellendus
540 1756 596 1824 est,
607 1750 663 1812 nisi
676 1768 730 1827 per
743 1769 853 1828 novam
866 1752 1043 1812 eiectionem

44 1839 79 1890 aut
89 1836 340 1908 presentationem
351 1837 381 1895 in
395 1837 552 1914 pristmum
563 1839 613 1914 jus
627 1839 808 1900 restituatur.
825 1839 855 1899 Si
875 1856 949 1900 vero
966 1841 1042 1900 resi-

44 1923 118 1992 navio
131 1942 188 1984 non
201 1925 240 1986 sit
259 1931 424 2001 acceptata,
445 1927 526 1985 nulia
540 1933 595 1999 est,
612 1933 642 1986 et
667 1927 846 1988 beneficium
870 1945 931 1988 non
943 1936 1041 2004 vacet,

45 2007 110 2070 inm
121 2013 313 2074 beneficiatus
327 2013 433 2074 eodem
445 2029 643 2076 censurarum
655 2015 754 2076 medio
768 2015 806 2076 ad
817 2016 953 2078 beneficii
967 2035 1039 2080 one·

44 2099 242 2178 naditnplenda
250 2108 351 2180 potest
361 2103 507 2178 compelli.
520 2103 678 2180 Legitimos
686 2111 786 2166 autent
796 2105 933 2184 superior
943 2109 1042 2183 quom

44 2186 131 2248 umora
150 2209 211 2251 non
225 2198 368 2266 exempta
380 2191 525 2251 banciola
543 2192 722 2265 dioeceseos
737 2199 767 2253 ct
787 2191 817 2253 iu
839 2195 1041 2271 resignatione

44 2289 98 2345 pura
109 2287 150 2340 est
161 2281 339 2357 Episcopus,
354 2279 469 2340 etiarnsi
481 2281 627 2342 beneficia
639 2281 698 2341 sint
712 2288 873 2356 reservata,
890 2301 950 2360 quo
963 2301 1038 2346 casu

44 2365 245 2440 mancionem
259 2368 324 2444 ipse
338 2367 452 2444 recipit,
472 2373 503 2429 et
515 2369 705 2429 collationem
718 2387 736 2429 a
753 2378 926 2432 reservante
948 2389 1043 2448 cxpe-

45 2456 85 2511 ctat
94 2461 140 2530 (t),
156 2457 258 2534 quoad
271 2457 388 2532 maiora
401 2457 519 2532 deinde,
534 2463 564 2518 et
575 2463 716 2533 exempta
728 2458 883 2533 beneficia,
904 2464 934 2518 et
948 2459 979 2517 In
993 2475 1042 2519 re-

44 2535 176 2614 timidone
187 2544 391 2606 conditionata
403 2544 578 2620 regulariter
590 2551 635 2605 eet
650 2547 732 2605 solus
743 2561 879 2605 summus
892 2549 1040 2620 Pontifex,

45 2628 93 2700 qula
110 2634 322 2711 resignationes
349 2634 557 2694 conditionata
582 2634 743 2710 imaginem
772 2633 908 2694 videntur
926 2636 1039 2696 reterre

45 2711 206 2783 hereditaria
220 2723 432 2797 successionis,
447 2729 477 2782 et
492 2723 523 2781 ln
535 2723 705 2783 simoniacis
718 2721 813 2799 pactis
824 2729 949 2798 possunt
966 2741 1032 2786 esse

46 2801 181 2887 inplicata,
196 2811 306 2889 quibvn
320 2813 402 2872 solus
415 2827 548 2872 summus
558 2812 693 2873 Pontifex
705 2818 804 2889 potest
817 2811 930 2873 mederi
943 2817 954 2886 (
973 2816 995 2885 ).

47 3035 50 3044 Ι
65 2969 91 3034 (Ι)
101 2973 167 3027 ΤεΙὶε
181 2991 242 3030 esse
251 2977 346 3043 nequit
361 2977 447 3028 laicas
467 2975 630 3042 quicumque
644 2977 695 3038 slt3
710 2975 770 3028 ideo
784 2977 950 3030 renunciatio
964 2979 1036 3031 iacta

46 3050 63 3086 111
74 3055 142 3096 nanu
155 3047 216 3099 laici
231 3062 286 3099 non
303 3047 383 3107 velet,
398 3053 426 3100 et
442 3047 605 3099 renuncians
619 3052 661 3098 est
684 3048 813 3099 beneficio
826 3051 956 3116 privatus.
974 3051 1038 3116 Gap.

45 3107 61 3167 fl,
72 3110 98 3162 de
110 3129 217 3169 mnunc.
231 3147 262 3156 -
272 3118 308 3184 (t)
322 3119 385 3182 Cup.
402 3119 425 3176 i,
441 3117 475 3168 de
490 3131 601 3168 renunc.
616 3137 647 3154 ⁴-
661 3114 696 3183 (3)
710 3119 814 3170 Praeter
827 3133 946 3184 cansam,
958 3126 984 3172 et
998 3135 1040 3172 su·

45 3182 134 3239 Itrioris
152 3189 372 3254 acceptationem,
388 3188 421 3239 ad
446 3187 656 3241 renunciationis
681 3189 845 3241 validitatem
862 3194 909 3256 jus
927 3191 1041 3256 requirit

45 3249 110 3305 adhuc
119 3260 325 3311 renunciationis
339 3260 631 3326 nundinationemque
645 3259 737 3310 Romae
751 3260 900 3314 deridebat
912 3260 983 3311 intra
993 3273 1040 3310 sex

45 3331 134 3386 menses,
148 3331 171 3380 si
184 3335 281 3394 agatur
294 3330 327 3380 de
348 3330 479 3382 beneflcio
494 3332 565 3381 intra
577 3335 691 3389 mentae,
708 3331 751 3383 vel
769 3332 840 3382 intra
854 3344 949 3382 novem
963 3343 1038 3382 meu·

46 3398 282 3453 anthenodorum
305 3399 501 3453 ultramontes
519 3405 562 3452 sit.
581 3401 635 3454 Ubi
659 3407 749 3452 autem
772 3400 938 3454 renunciatio
952 3400 998 3451 ilat
1012 3399 1040 3450 lu

46 3469 233 3538 utunIipiscopi
245 3473 364 3533 provisio
374 3472 445 3522 Intra
459 3475 514 3524 tres
524 3486 631 3524 menses
642 3473 692 3524 suh
704 3486 785 3537 poena
795 3470 927 3522 nuIIItatis
936 3474 978 3521 est
988 3483 1039 3534 pu·

46 3528 152 3592 blicande.
163 3543 226 3594 Bul.
237 3542 361 3596 Humano
378 3543 424 3596 uia
440 3543 548 3609 judicio
562 3543 686 3609 Gregorii
706 3543 782 3594 XIII.
798 3541 942 3606 Praecipue
956 3539 1039 3606 hujus
