<?xml version="1.0" encoding="UTF-8"?>
<!DOCTYPE html PUBLIC "-//W3C//DTD XHTML 1.0 Transitional//EN"
    "http://www.w3.org/TR/xhtml1/DTD/xhtml1-transitional.dtd">
<html xmlns="http://www.w3.org/1999/xhtml" xml:lang="en" lang="en">
 <head>
  <title>
</title>
<meta http-equiv="Content-Type" content="text/html;charset=utf-8" />
  <meta name='ocr-system' content='tesseract 3.04.00' />
  <meta name='ocr-capabilities' content='ocr_page ocr_carea ocr_par ocr_line ocrx_word'/>
</head>
<body>
  <div class='ocr_page' id='page_1' title='image "./summainstitutio01ferrgoog_0533.png"; bbox 0 0 2560 4080; ppageno 0'>
   <div class='ocr_carea' id='block_1_1' title="bbox 141 269 1173 348">
    <p class='ocr_par' dir='ltr' id='par_1_1' title="bbox 141 221 1278 358">
     <span class='ocr_line' id='line_1_1' title="bbox 141 269 1173 348; baseline 0.001 -15"><span class='ocrx_word' id='word_1_1' title='bbox 141 269 169 333; x_wconf 89' lang='lat' dir='ltr'><strong>si</strong></span> <span class='ocrx_word' id='word_1_2' title='bbox 190 271 353 348; x_wconf 73' lang='lat' dir='ltr'><strong>migrem</strong></span> <span class='ocrx_word' id='word_1_3' title='bbox 376 271 455 334; x_wconf 80' lang='lat' dir='ltr'><strong>iacta</strong></span> <span class='ocrx_word' id='word_1_4' title='bbox 477 269 518 332; x_wconf 89' lang='lat' dir='ltr'><strong>sit</strong></span> <span class='ocrx_word' id='word_1_5' title='bbox 539 285 610 336; x_wconf 87' lang='lat' dir='ltr'><strong>oum</strong></span> <span class='ocrx_word' id='word_1_6' title='bbox 631 271 779 345; x_wconf 74' lang='lat' dir='ltr'><strong>clausula,</strong></span> <span class='ocrx_word' id='word_1_7' title='bbox 804 271 936 342; x_wconf 65' lang='lat' dir='ltr'><strong>omnivm,</strong></span> <span class='ocrx_word' id='word_1_8' title='bbox 965 278 993 332; x_wconf 85' lang='lat' dir='ltr'><strong>ot</strong></span> <span class='ocrx_word' id='word_1_9' title='bbox 1019 269 1173 347; x_wconf 71' lang='lat' dir='ltr'><strong>ictolloa·</strong></span> 
     </span>
    </p>
   </div>
   <div class='ocr_carea' id='block_1_2' title="bbox 144 365 256 435">
    <p class='ocr_par' dir='ltr' id='par_1_2' title="bbox 144 365 256 435">
     <span class='ocr_line' id='line_1_2' title="bbox 144 365 256 435; baseline 0 -13"><span class='ocrx_word' id='word_1_10' title='bbox 144 368 190 422; x_wconf 77' lang='lat' dir='ltr'><strong>lor</strong></span> <span class='ocrx_word' id='word_1_11' title='bbox 203 365 256 435; x_wconf 79' lang='lat' dir='ltr'><strong>(ll).</strong></span> 
     </span>
    </p>
   </div>
   <div class='ocr_carea' id='block_1_3' title="bbox 143 513 1176 1007">
    <p class='ocr_par' dir='ltr' id='par_1_3' title="bbox 143 513 1176 1007">
     <span class='ocr_line' id='line_1_3' title="bbox 173 513 1174 582; baseline -0.001 -16"><span class='ocrx_word' id='word_1_12' title='bbox 173 513 209 580; x_wconf 90' lang='grc'><strong>(1)</strong></span> <span class='ocrx_word' id='word_1_13' title='bbox 224 513 267 566; x_wconf 69' lang='lat' dir='ltr'><strong>Ad</strong></span> <span class='ocrx_word' id='word_1_14' title='bbox 278 513 376 566; x_wconf 87' lang='lat' dir='ltr'><strong>nimias</strong></span> <span class='ocrx_word' id='word_1_15' title='bbox 389 513 514 568; x_wconf 81' lang='lat' dir='ltr'><strong>vitandas</strong></span> <span class='ocrx_word' id='word_1_16' title='bbox 528 527 670 582; x_wconf 82' lang='lat' dir='ltr'><strong>expensas,</strong></span> <span class='ocrx_word' id='word_1_17' title='bbox 693 516 721 567; x_wconf 91' lang='lat' dir='ltr'><strong>et</strong></span> <span class='ocrx_word' id='word_1_18' title='bbox 742 514 904 580; x_wconf 81' lang='lat' dir='ltr'><strong>prolixiores</strong></span> <span class='ocrx_word' id='word_1_19' title='bbox 924 514 1046 580; x_wconf 85' lang='lat' dir='ltr'><strong>partium</strong></span> <span class='ocrx_word' id='word_1_20' title='bbox 1071 513 1174 580; x_wconf 87' lang='lat' dir='ltr'><strong>allega·</strong></span> 
     </span>
     <span class='ocr_line' id='line_1_4' title="bbox 143 583 1174 652; baseline 0 -16"><span class='ocrx_word' id='word_1_21' title='bbox 143 583 230 638; x_wconf 78' lang='lat' dir='ltr'><strong>dones</strong></span> <span class='ocrx_word' id='word_1_22' title='bbox 249 584 424 650; x_wconf 74' lang='lat' dir='ltr'><strong>cohibendas,</strong></span> <span class='ocrx_word' id='word_1_23' title='bbox 442 592 516 640; x_wconf 88' lang='lat' dir='ltr'><strong>recte</strong></span> <span class='ocrx_word' id='word_1_24' title='bbox 527 589 657 638; x_wconf 88' lang='lat' dir='ltr'><strong>statutum</strong></span> <span class='ocrx_word' id='word_1_25' title='bbox 671 585 733 647; x_wconf 81' lang='lat' dir='ltr'><strong>init,</strong></span> <span class='ocrx_word' id='word_1_26' title='bbox 747 591 787 646; x_wconf 86' lang='lat' dir='ltr'><strong>ut,</strong></span> <span class='ocrx_word' id='word_1_27' title='bbox 805 586 909 638; x_wconf 90' lang='lat' dir='ltr'><strong>etiarnsi</strong></span> <span class='ocrx_word' id='word_1_28' title='bbox 923 586 1002 652; x_wconf 89' lang='lat' dir='ltr'><strong>plura</strong></span> <span class='ocrx_word' id='word_1_29' title='bbox 1018 586 1074 636; x_wconf 88' lang='lat' dir='ltr'><strong>sint</strong></span> <span class='ocrx_word' id='word_1_30' title='bbox 1087 585 1174 636; x_wconf 83' lang='lat' dir='ltr'><strong>dubia</strong></span> 
     </span>
     <span class='ocr_line' id='line_1_5' title="bbox 144 655 1175 723; baseline 0.002 -17"><span class='ocrx_word' id='word_1_31' title='bbox 144 655 173 706; x_wconf 91' lang='lat' dir='ltr'><strong>in</strong></span> <span class='ocrx_word' id='word_1_32' title='bbox 181 657 274 706; x_wconf 84' lang='lat' dir='ltr'><strong>eudem</strong></span> <span class='ocrx_word' id='word_1_33' title='bbox 284 670 367 708; x_wconf 87' lang='lat' dir='ltr'><strong>causa</strong></span> <span class='ocrx_word' id='word_1_34' title='bbox 378 656 558 718; x_wconf 86' lang='lat' dir='ltr'><strong>dissolvenda,</strong></span> <span class='ocrx_word' id='word_1_35' title='bbox 569 656 736 708; x_wconf 78' lang='lat' dir='ltr'><strong>memorialia</strong></span> <span class='ocrx_word' id='word_1_36' title='bbox 745 657 817 723; x_wconf 86' lang='lat' dir='ltr'><strong>lypis</strong></span> <span class='ocrx_word' id='word_1_37' title='bbox 830 656 903 708; x_wconf 87' lang='lat' dir='ltr'><strong>edita</strong></span> <span class='ocrx_word' id='word_1_38' title='bbox 916 657 1035 722; x_wconf 78' lang='lat' dir='ltr'><strong>quinque</strong></span> <span class='ocrx_word' id='word_1_39' title='bbox 1051 657 1175 721; x_wconf 88' lang='lat' dir='ltr'><strong>impres-</strong></span> 
     </span>
     <span class='ocr_line' id='line_1_6' title="bbox 144 726 1176 794; baseline 0.002 -17"><span class='ocrx_word' id='word_1_40' title='bbox 144 726 228 778; x_wconf 78' lang='lat' dir='ltr'>sionis</span> <span class='ocrx_word' id='word_1_41' title='bbox 237 728 311 786; x_wconf 85' lang='lat' dir='ltr'><strong>iolia,</strong></span> <span class='ocrx_word' id='word_1_42' title='bbox 319 731 346 780; x_wconf 89' lang='lat' dir='ltr'><strong>et</strong></span> <span class='ocrx_word' id='word_1_43' title='bbox 356 728 542 794; x_wconf 76' lang='lat' dir='ltr'><strong>replicationes</strong></span> <span class='ocrx_word' id='word_1_44' title='bbox 551 727 604 780; x_wconf 90' lang='lat' dir='ltr'><strong>duo</strong></span> <span class='ocrx_word' id='word_1_45' title='bbox 614 742 667 779; x_wconf 92' lang='lat' dir='ltr'><strong>non</strong></span> <span class='ocrx_word' id='word_1_46' title='bbox 678 729 783 794; x_wconf 89' lang='lat' dir='ltr'><strong>possint</strong></span> <span class='ocrx_word' id='word_1_47' title='bbox 792 729 931 786; x_wconf 86' lang='lat' dir='ltr'><strong>excedere,</strong></span> <span class='ocrx_word' id='word_1_48' title='bbox 941 729 995 779; x_wconf 92' lang='lat' dir='ltr'><strong>nisi</strong></span> <span class='ocrx_word' id='word_1_49' title='bbox 1006 728 1176 779; x_wconf 66' lang='lat' dir='ltr'><strong>secretarius</strong></span> 
     </span>
     <span class='ocr_line' id='line_1_7' title="bbox 144 797 1174 864; baseline 0.003 -17"><span class='ocrx_word' id='word_1_50' title='bbox 144 809 178 848; x_wconf 87' lang='lat' dir='ltr'><strong>ex</strong></span> <span class='ocrx_word' id='word_1_51' title='bbox 194 797 270 862; x_wconf 87' lang='lat' dir='ltr'><strong>justa</strong></span> <span class='ocrx_word' id='word_1_52' title='bbox 284 811 366 850; x_wconf 86' lang='lat' dir='ltr'><strong>causa</strong></span> <span class='ocrx_word' id='word_1_53' title='bbox 381 801 512 864; x_wconf 85' lang='lat' dir='ltr'><strong>majorem</strong></span> <span class='ocrx_word' id='word_1_54' title='bbox 527 798 697 850; x_wconf 86' lang='lat' dir='ltr'><strong>latitudinem</strong></span> <span class='ocrx_word' id='word_1_55' title='bbox 713 799 850 850; x_wconf 86' lang='lat' dir='ltr'><strong>concedat.</strong></span> <span class='ocrx_word' id='word_1_56' title='bbox 863 798 989 850; x_wconf 80' lang='lat' dir='ltr'><strong>Edictum</strong></span> <span class='ocrx_word' id='word_1_57' title='bbox 1004 799 1033 850; x_wconf 88' lang='lat' dir='ltr'><strong>S.</strong></span> <span class='ocrx_word' id='word_1_58' title='bbox 1049 799 1174 862; x_wconf 86' lang='lat' dir='ltr'><strong>Congre-</strong></span> 
     </span>
     <span class='ocr_line' id='line_1_8' title="bbox 144 867 1171 936; baseline 0.002 -18"><span class='ocrx_word' id='word_1_59' title='bbox 144 867 260 932; x_wconf 87' lang='lat' dir='ltr'><strong>gationis</strong></span> <span class='ocrx_word' id='word_1_60' title='bbox 273 868 384 920; x_wconf 80' lang='lat' dir='ltr'><strong>Consilii</strong></span> <span class='ocrx_word' id='word_1_61' title='bbox 400 871 429 922; x_wconf 88' lang='grc'><strong>17</strong></span> <span class='ocrx_word' id='word_1_62' title='bbox 444 873 512 935; x_wconf 89' lang='lat' dir='ltr'><strong>sept.</strong></span> <span class='ocrx_word' id='word_1_63' title='bbox 528 869 599 934; x_wconf 79' lang='grc'><strong>1811,</strong></span> <span class='ocrx_word' id='word_1_64' title='bbox 609 874 660 922; x_wconf 90' lang='lat' dir='ltr'><strong>art.</strong></span> <span class='ocrx_word' id='word_1_65' title='bbox 681 869 718 921; x_wconf 82' lang='lat'><strong>13.</strong></span> <span class='ocrx_word' id='word_1_66' title='bbox 732 897 761 906; x_wconf 95' lang='lat'><em>-</em></span> <span class='ocrx_word' id='word_1_67' title='bbox 778 871 813 936; x_wconf 75' lang='lat' dir='ltr'><strong>(l)</strong></span> <span class='ocrx_word' id='word_1_68' title='bbox 831 870 934 921; x_wconf 83' lang='lat' dir='ltr'><strong>idcirco</strong></span> <span class='ocrx_word' id='word_1_69' title='bbox 948 883 1004 922; x_wconf 91' lang='lat' dir='ltr'><strong>non</strong></span> <span class='ocrx_word' id='word_1_70' title='bbox 1021 869 1171 922; x_wconf 85' lang='lat' dir='ltr'><strong>admittun-</strong></span> 
     </span>
     <span class='ocr_line' id='line_1_9' title="bbox 144 939 1169 1007; baseline 0.001 -17"><span class='ocrx_word' id='word_1_71' title='bbox 144 943 189 990; x_wconf 87' lang='lat' dir='ltr'><strong>tur</strong></span> <span class='ocrx_word' id='word_1_72' title='bbox 203 939 320 1005; x_wconf 84' lang='lat' dir='ltr'><strong>publicae</strong></span> <span class='ocrx_word' id='word_1_73' title='bbox 329 940 558 993; x_wconf 86' lang='lat' dir='ltr'><strong>coremtribunsli</strong></span> <span class='ocrx_word' id='word_1_74' title='bbox 570 941 768 1000; x_wconf 85' lang='lat' dir='ltr'><strong>advocatorum,</strong></span> <span class='ocrx_word' id='word_1_75' title='bbox 781 942 823 992; x_wconf 81' lang='lat' dir='ltr'><strong>vel</strong></span> <span class='ocrx_word' id='word_1_76' title='bbox 833 946 1040 1007; x_wconf 87' lang='lat' dir='ltr'><strong>procuratorum</strong></span> <span class='ocrx_word' id='word_1_77' title='bbox 1059 954 1169 994; x_wconf 86' lang='lat' dir='ltr'><strong>concer-</strong></span> 
     </span>
    </p>
   </div>
   <div class='ocr_carea' id='block_1_4' title="bbox 143 1011 1242 1072">
    <p class='ocr_par' dir='ltr' id='par_1_4' title="bbox 143 1011 1242 1072">
     <span class='ocr_line' id='line_1_10' title="bbox 143 1011 1242 1072; baseline 0.001 -11"><span class='ocrx_word' id='word_1_78' title='bbox 143 1011 270 1072; x_wconf 85' lang='lat' dir='ltr'><strong>tationes,</strong></span> <span class='ocrx_word' id='word_1_79' title='bbox 285 1016 315 1063; x_wconf 90' lang='lat' dir='ltr'><strong>ut</strong></span> <span class='ocrx_word' id='word_1_80' title='bbox 328 1011 388 1064; x_wconf 85' lang='lat' dir='ltr'><strong>fleri</strong></span> <span class='ocrx_word' id='word_1_81' title='bbox 400 1012 469 1064; x_wconf 90' lang='lat' dir='ltr'><strong>solet</strong></span> <span class='ocrx_word' id='word_1_82' title='bbox 481 1013 510 1062; x_wconf 89' lang='lat' dir='ltr'><strong>iu</strong></span> <span class='ocrx_word' id='word_1_83' title='bbox 532 1012 594 1063; x_wconf 86' lang='lat' dir='ltr'><strong>aliis</strong></span> <span class='ocrx_word' id='word_1_84' title='bbox 614 1011 798 1064; x_wconf 88' lang='lat' dir='ltr'><strong>tribunalibus</strong></span> <span class='ocrx_word' id='word_1_85' title='bbox 819 1013 900 1064; x_wconf 89' lang='lat' dir='ltr'><strong>etiam</strong></span> <span class='ocrx_word' id='word_1_86' title='bbox 922 1012 1124 1071; x_wconf 86' lang='lat' dir='ltr'><strong>ecelesiasticis.</strong></span> <span class='ocrx_word' id='word_1_87' title='bbox 1139 1014 1172 1064; x_wconf 91' lang='lat' dir='ltr'><strong>ut</strong></span> <span class='ocrx_word' id='word_1_88' title='bbox 1236 1063 1242 1071; x_wconf 78' lang='grc'><strong>,</strong></span> 
     </span>
    </p>
   </div>
   <div class='ocr_carea' id='block_1_5' title="bbox 140 1083 1174 1578">
    <p class='ocr_par' dir='ltr' id='par_1_5' title="bbox 140 1083 1174 1578">
     <span class='ocr_line' id='line_1_11' title="bbox 144 1083 1171 1149; baseline 0.002 -17"><span class='ocrx_word' id='word_1_89' title='bbox 144 1093 228 1148; x_wconf 84' lang='lat' dir='ltr'><strong>supra</strong></span> <span class='ocrx_word' id='word_1_90' title='bbox 240 1083 399 1134; x_wconf 83' lang='lat' dir='ltr'><strong>notavimus.</strong></span> <span class='ocrx_word' id='word_1_91' title='bbox 414 1109 446 1120; x_wconf 92' lang='lat'><em>-</em></span> <span class='ocrx_word' id='word_1_92' title='bbox 457 1083 492 1149; x_wconf 85' lang='grc'><strong>(3)</strong></span> <span class='ocrx_word' id='word_1_93' title='bbox 506 1083 564 1134; x_wconf 84' lang='lat' dir='ltr'><strong>Hoc</strong></span> <span class='ocrx_word' id='word_1_94' title='bbox 576 1083 693 1135; x_wconf 84' lang='lat' dir='ltr'><strong>marinae</strong></span> <span class='ocrx_word' id='word_1_95' title='bbox 708 1086 862 1148; x_wconf 84' lang='lat' dir='ltr'><strong>contingere</strong></span> <span class='ocrx_word' id='word_1_96' title='bbox 875 1084 944 1136; x_wconf 88' lang='lat' dir='ltr'><strong>solet</strong></span> <span class='ocrx_word' id='word_1_97' title='bbox 964 1085 992 1134; x_wconf 90' lang='lat' dir='ltr'><strong>in</strong></span> <span class='ocrx_word' id='word_1_98' title='bbox 1009 1084 1102 1135; x_wconf 87' lang='lat' dir='ltr'><strong>causis</strong></span> <span class='ocrx_word' id='word_1_99' title='bbox 1110 1097 1171 1134; x_wconf 87' lang='lat' dir='ltr'><strong>ma-</strong></span> 
     </span>
     <span class='ocr_line' id='line_1_12' title="bbox 142 1153 1174 1220; baseline 0.002 -16"><span class='ocrx_word' id='word_1_100' title='bbox 142 1153 352 1218; x_wconf 86' lang='lat' dir='ltr'><strong>trimonialibus,</strong></span> <span class='ocrx_word' id='word_1_101' title='bbox 364 1159 391 1206; x_wconf 89' lang='lat' dir='ltr'><strong>et</strong></span> <span class='ocrx_word' id='word_1_102' title='bbox 404 1155 602 1220; x_wconf 82' lang='lat' dir='ltr'><strong>professionum</strong></span> <span class='ocrx_word' id='word_1_103' title='bbox 612 1154 809 1220; x_wconf 87' lang='lat' dir='ltr'><strong>religiosarum.</strong></span> <span class='ocrx_word' id='word_1_104' title='bbox 824 1181 856 1192; x_wconf 88' lang='lat'><strong>·-</strong></span> <span class='ocrx_word' id='word_1_105' title='bbox 864 1155 899 1219; x_wconf 80' lang='lat' dir='ltr'><strong>(t)</strong></span> <span class='ocrx_word' id='word_1_106' title='bbox 910 1155 1061 1208; x_wconf 77' lang='lat' dir='ltr'><strong>contumax</strong></span> <span class='ocrx_word' id='word_1_107' title='bbox 1072 1169 1090 1205; x_wconf 92' lang='lat' dir='ltr'><strong>a</strong></span> <span class='ocrx_word' id='word_1_108' title='bbox 1105 1155 1174 1206; x_wconf 85' lang='lat' dir='ltr'><strong>Con·</strong></span> 
     </span>
     <span class='ocr_line' id='line_1_13' title="bbox 141 1224 1171 1292; baseline 0.002 -17"><span class='ocrx_word' id='word_1_109' title='bbox 141 1224 296 1290; x_wconf 87' lang='lat' dir='ltr'><strong>gregatione</strong></span> <span class='ocrx_word' id='word_1_110' title='bbox 308 1225 432 1288; x_wconf 89' lang='lat' dir='ltr'><strong>habetur,</strong></span> <span class='ocrx_word' id='word_1_111' title='bbox 449 1226 496 1292; x_wconf 88' lang='lat' dir='ltr'><strong>qui</strong></span> <span class='ocrx_word' id='word_1_112' title='bbox 506 1226 604 1277; x_wconf 90' lang='lat' dir='ltr'><strong>citatus</strong></span> <span class='ocrx_word' id='word_1_113' title='bbox 622 1239 677 1276; x_wconf 91' lang='lat' dir='ltr'><strong>non</strong></span> <span class='ocrx_word' id='word_1_114' title='bbox 693 1227 851 1292; x_wconf 84' lang='lat' dir='ltr'><strong>comparuit,</strong></span> <span class='ocrx_word' id='word_1_115' title='bbox 868 1226 968 1292; x_wconf 85' lang='lat' dir='ltr'><strong>quique</strong></span> <span class='ocrx_word' id='word_1_116' title='bbox 985 1226 1057 1277; x_wconf 90' lang='lat' dir='ltr'><strong>intra</strong></span> <span class='ocrx_word' id='word_1_117' title='bbox 1078 1226 1171 1278; x_wconf 87' lang='lat' dir='ltr'><strong>termi-</strong></span> 
     </span>
     <span class='ocr_line' id='line_1_14' title="bbox 141 1296 1170 1363; baseline 0.002 -17"><span class='ocrx_word' id='word_1_118' title='bbox 141 1309 206 1346; x_wconf 89' lang='lat' dir='ltr'><strong>num</strong></span> <span class='ocrx_word' id='word_1_119' title='bbox 219 1300 348 1346; x_wconf 87' lang='lat' dir='ltr'><strong>statutum</strong></span> <span class='ocrx_word' id='word_1_120' title='bbox 358 1297 461 1348; x_wconf 90' lang='lat' dir='ltr'><strong>nullam</strong></span> <span class='ocrx_word' id='word_1_121' title='bbox 479 1297 669 1362; x_wconf 80' lang='lat' dir='ltr'><strong>allegationem</strong></span> <span class='ocrx_word' id='word_1_122' title='bbox 681 1296 813 1360; x_wconf 83' lang='lat' dir='ltr'><strong>exhibuit,</strong></span> <span class='ocrx_word' id='word_1_123' title='bbox 826 1296 932 1348; x_wconf 89' lang='lat' dir='ltr'><strong>etiamsi</strong></span> <span class='ocrx_word' id='word_1_124' title='bbox 949 1296 1108 1348; x_wconf 88' lang='lat' dir='ltr'><strong>dilationem</strong></span> <span class='ocrx_word' id='word_1_125' title='bbox 1122 1310 1170 1363; x_wconf 88' lang='lat' dir='ltr'><strong>pe·</strong></span> 
     </span>
     <span class='ocr_line' id='line_1_15' title="bbox 142 1364 1172 1433; baseline 0.003 -17"><span class='ocrx_word' id='word_1_126' title='bbox 142 1364 224 1429; x_wconf 89' lang='lat' dir='ltr'><strong>tlerit,</strong></span> <span class='ocrx_word' id='word_1_127' title='bbox 241 1380 323 1433; x_wconf 82' lang='lat' dir='ltr'><strong>quam</strong></span> <span class='ocrx_word' id='word_1_128' title='bbox 342 1381 396 1419; x_wconf 91' lang='lat' dir='ltr'><strong>uon</strong></span> <span class='ocrx_word' id='word_1_129' title='bbox 419 1368 544 1420; x_wconf 77' lang='lat' dir='ltr'><strong>obtinuit.</strong></span> <span class='ocrx_word' id='word_1_130' title='bbox 558 1394 589 1405; x_wconf 96' lang='lat'>-</span> <span class='ocrx_word' id='word_1_131' title='bbox 610 1368 646 1432; x_wconf 85' lang='lat'><strong>(5)</strong></span> <span class='ocrx_word' id='word_1_132' title='bbox 666 1367 735 1419; x_wconf 86' lang='lat' dir='ltr'><strong>Casu</strong></span> <span class='ocrx_word' id='word_1_133' title='bbox 761 1381 814 1432; x_wconf 92' lang='lat' dir='ltr'><strong>quo</strong></span> <span class='ocrx_word' id='word_1_134' title='bbox 837 1367 940 1430; x_wconf 91' lang='lat' dir='ltr'><strong>dilatio,</strong></span> <span class='ocrx_word' id='word_1_135' title='bbox 957 1369 1000 1418; x_wconf 92' lang='lat' dir='ltr'><strong>vel</strong></span> <span class='ocrx_word' id='word_1_136' title='bbox 1021 1368 1172 1431; x_wconf 79' lang='lat' dir='ltr'><strong>assignatio</strong></span> 
     </span>
     <span class='ocr_line' id='line_1_16' title="bbox 141 1435 1170 1505; baseline 0.005 -18"><span class='ocrx_word' id='word_1_137' title='bbox 141 1435 211 1488; x_wconf 87' lang='lat' dir='ltr'><strong>iacta</strong></span> <span class='ocrx_word' id='word_1_138' title='bbox 221 1438 257 1489; x_wconf 89' lang='lat' dir='ltr'><strong>sit</strong></span> <span class='ocrx_word' id='word_1_139' title='bbox 270 1439 305 1490; x_wconf 84' lang='lat' dir='ltr'><strong>ab</strong></span> <span class='ocrx_word' id='word_1_140' title='bbox 318 1438 378 1502; x_wconf 90' lang='lat' dir='ltr'><strong>ipsa</strong></span> <span class='ocrx_word' id='word_1_141' title='bbox 390 1439 602 1505; x_wconf 83' lang='lat' dir='ltr'><strong>Congregatione</strong></span> <span class='ocrx_word' id='word_1_142' title='bbox 621 1453 675 1491; x_wconf 93' lang='lat' dir='ltr'><strong>non</strong></span> <span class='ocrx_word' id='word_1_143' title='bbox 697 1442 786 1504; x_wconf 87' lang='lat' dir='ltr'><strong>potest</strong></span> <span class='ocrx_word' id='word_1_144' title='bbox 806 1439 925 1504; x_wconf 87' lang='lat' dir='ltr'><strong>amplius</strong></span> <span class='ocrx_word' id='word_1_145' title='bbox 943 1439 1041 1502; x_wconf 87' lang='lat' dir='ltr'><strong>diileri,</strong></span> <span class='ocrx_word' id='word_1_146' title='bbox 1066 1441 1121 1491; x_wconf 90' lang='lat' dir='ltr'><strong>nisi</strong></span> <span class='ocrx_word' id='word_1_147' title='bbox 1136 1441 1170 1492; x_wconf 86' lang='lat' dir='ltr'><strong>ab</strong></span> 
     </span>
     <span class='ocr_line' id='line_1_17' title="bbox 140 1506 1124 1578; baseline 0.004 -19"><span class='ocrx_word' id='word_1_148' title='bbox 140 1506 201 1574; x_wconf 88' lang='lat' dir='ltr'><strong>ipsa</strong></span> <span class='ocrx_word' id='word_1_149' title='bbox 212 1509 422 1576; x_wconf 73' lang='lat' dir='ltr'><strong>congregatione</strong></span> <span class='ocrx_word' id='word_1_150' title='bbox 436 1510 471 1562; x_wconf 89' lang='lat' dir='ltr'><strong>ad</strong></span> <span class='ocrx_word' id='word_1_151' title='bbox 484 1511 569 1578; x_wconf 90' lang='lat' dir='ltr'><strong>partis</strong></span> <span class='ocrx_word' id='word_1_152' title='bbox 579 1510 738 1564; x_wconf 86' lang='lat' dir='ltr'><strong>instantium</strong></span> <span class='ocrx_word' id='word_1_153' title='bbox 752 1511 781 1564; x_wconf 91' lang='lat' dir='ltr'><strong>in</strong></span> <span class='ocrx_word' id='word_1_154' title='bbox 790 1511 942 1564; x_wconf 89' lang='lat' dir='ltr'><strong>memoriali</strong></span> <span class='ocrx_word' id='word_1_155' title='bbox 953 1525 1124 1577; x_wconf 85' lang='lat' dir='ltr'><strong>expressam.</strong></span> 
     </span>
    </p>
   </div>
   <div class='ocr_carea' id='block_1_6' title="bbox 175 1723 1278 1821">
    <p class='ocr_par' dir='ltr' id='par_1_6' title="bbox 175 1723 1278 1821">
     <span class='ocr_line' id='line_1_18' title="bbox 175 1723 1278 1821; baseline 0.001 -19"><span class='ocrx_word' id='word_1_156' title='bbox 175 1745 239 1804; x_wconf 74' lang='lat' dir='ltr'><strong>ost.</strong></span> <span class='ocrx_word' id='word_1_157' title='bbox 258 1723 383 1803; x_wconf 75' lang='lat' dir='ltr'><strong>¹lienium</strong></span> <span class='ocrx_word' id='word_1_158' title='bbox 408 1759 499 1804; x_wconf 88' lang='lat' dir='ltr'><strong>causa</strong></span> <span class='ocrx_word' id='word_1_159' title='bbox 524 1742 663 1804; x_wconf 88' lang='lat' dir='ltr'><strong>delinitur</strong></span> <span class='ocrx_word' id='word_1_160' title='bbox 695 1743 743 1804; x_wconf 89' lang='lat' dir='ltr'><strong>die</strong></span> <span class='ocrx_word' id='word_1_161' title='bbox 773 1742 940 1821; x_wconf 78' lang='lat' dir='ltr'><strong>praestituto</strong></span> <span class='ocrx_word' id='word_1_162' title='bbox 971 1743 1000 1802; x_wconf 92' lang='lat' dir='ltr'><strong>in</strong></span> <span class='ocrx_word' id='word_1_163' title='bbox 1029 1742 1171 1804; x_wconf 87' lang='lat' dir='ltr'><strong>tribunali</strong></span> <span class='ocrx_word' id='word_1_164' title='bbox 1277 1739 1278 1742; x_wconf 70' lang='grc'>’</span> 
     </span>
    </p>
   </div>
   <div class='ocr_carea' id='block_1_7' title="bbox 140 1831 1171 1910">
    <p class='ocr_par' dir='ltr' id='par_1_7' title="bbox 140 1831 1171 1910">
     <span class='ocr_line' id='line_1_19' title="bbox 140 1831 1171 1910; baseline 0 -16"><span class='ocrx_word' id='word_1_165' title='bbox 140 1835 169 1894; x_wconf 91' lang='lat' dir='ltr'><strong>S.</strong></span> <span class='ocrx_word' id='word_1_166' title='bbox 186 1831 428 1908; x_wconf 80' lang='lat' dir='ltr'><strong>congregationis</strong></span> <span class='ocrx_word' id='word_1_167' title='bbox 435 1849 489 1910; x_wconf 91' lang='lat' dir='ltr'><strong>per</strong></span> <span class='ocrx_word' id='word_1_168' title='bbox 498 1832 643 1910; x_wconf 89' lang='lat' dir='ltr'><strong>propositi</strong></span> <span class='ocrx_word' id='word_1_169' title='bbox 651 1833 733 1893; x_wconf 89' lang='lat' dir='ltr'><strong>dubii</strong></span> <span class='ocrx_word' id='word_1_170' title='bbox 742 1833 954 1894; x_wconf 87' lang='lat' dir='ltr'><strong>resolutionem</strong></span> <span class='ocrx_word' id='word_1_171' title='bbox 962 1833 1171 1894; x_wconf 86' lang='lat' dir='ltr'><strong>affirmativam</strong></span> 
     </span>
    </p>
   </div>
   <div class='ocr_carea' id='block_1_8' title="bbox 139 1920 1278 1998">
    <p class='ocr_par' dir='ltr' id='par_1_8' title="bbox 139 1920 1278 1998">
     <span class='ocr_line' id='line_1_20' title="bbox 139 1920 1278 1998; baseline 0.006 -19"><span class='ocrx_word' id='word_1_172' title='bbox 139 1920 188 1980; x_wconf 87' lang='lat' dir='ltr'><strong>vel</strong></span> <span class='ocrx_word' id='word_1_173' title='bbox 201 1921 379 1997; x_wconf 78' lang='lat' dir='ltr'><strong>negativam.</strong></span> <span class='ocrx_word' id='word_1_174' title='bbox 395 1921 449 1994; x_wconf 85' lang='lat' dir='ltr'><strong>Qui</strong></span> <span class='ocrx_word' id='word_1_175' title='bbox 462 1921 675 1982; x_wconf 89' lang='lat' dir='ltr'><strong>resolutionem</strong></span> <span class='ocrx_word' id='word_1_176' title='bbox 687 1921 777 1982; x_wconf 89' lang='lat' dir='ltr'><strong>habet</strong></span> <span class='ocrx_word' id='word_1_177' title='bbox 792 1922 973 1982; x_wconf 86' lang='lat' dir='ltr'><strong>contrariam</strong></span> <span class='ocrx_word' id='word_1_178' title='bbox 991 1939 1053 1981; x_wconf 89' lang='lat' dir='ltr'><strong>non</strong></span> <span class='ocrx_word' id='word_1_179' title='bbox 1071 1928 1171 1998; x_wconf 85' lang='lat' dir='ltr'><strong>potest</strong></span> <span class='ocrx_word' id='word_1_180' title='bbox 1277 1975 1278 1986; x_wconf 73' lang='lat'><strong>.</strong></span> 
     </span>
    </p>
   </div>
   <div class='ocr_carea' id='block_1_9' title="bbox 137 2010 1171 2889">
    <p class='ocr_par' dir='ltr' id='par_1_9' title="bbox 137 2010 1171 2889">
     <span class='ocr_line' id='line_1_21' title="bbox 140 2010 1167 2087; baseline 0.003 -19"><span class='ocrx_word' id='word_1_181' title='bbox 140 2010 300 2085; x_wconf 88' lang='lat' dir='ltr'><strong>appellare,</strong></span> <span class='ocrx_word' id='word_1_182' title='bbox 328 2010 382 2070; x_wconf 87' lang='lat' dir='ltr'><strong>sed</strong></span> <span class='ocrx_word' id='word_1_183' title='bbox 408 2010 515 2070; x_wconf 77' lang='lat' dir='ltr'><strong>intras</strong></span> <span class='ocrx_word' id='word_1_184' title='bbox 532 2010 595 2071; x_wconf 87' lang='lat' dir='ltr'><strong>dies</strong></span> <span class='ocrx_word' id='word_1_185' title='bbox 614 2027 722 2071; x_wconf 88' lang='lat' dir='ltr'><strong>novam</strong></span> <span class='ocrx_word' id='word_1_186' title='bbox 737 2017 836 2086; x_wconf 90' lang='lat' dir='ltr'><strong>potest</strong></span> <span class='ocrx_word' id='word_1_187' title='bbox 850 2010 1030 2070; x_wconf 85' lang='lat' dir='ltr'><strong>audientiam</strong></span> <span class='ocrx_word' id='word_1_188' title='bbox 1056 2017 1167 2087; x_wconf 87' lang='lat' dir='ltr'><strong>petere</strong></span> 
     </span>
     <span class='ocr_line' id='line_1_22' title="bbox 140 2097 1170 2177; baseline 0.002 -20"><span class='ocrx_word' id='word_1_189' title='bbox 140 2097 318 2159; x_wconf 84' lang='lat' dir='ltr'><strong>acardinali</strong></span> <span class='ocrx_word' id='word_1_190' title='bbox 329 2101 480 2175; x_wconf 87' lang='lat' dir='ltr'><strong>praeiecto,</strong></span> <span class='ocrx_word' id='word_1_191' title='bbox 503 2101 551 2160; x_wconf 82' lang='lat' dir='ltr'><strong>vel</strong></span> <span class='ocrx_word' id='word_1_192' title='bbox 565 2117 582 2158; x_wconf 90' lang='lat' dir='ltr'><strong>a</strong></span> <span class='ocrx_word' id='word_1_193' title='bbox 598 2098 839 2177; x_wconf 83' lang='lat' dir='ltr'><strong>congregationis</strong></span> <span class='ocrx_word' id='word_1_194' title='bbox 858 2097 1031 2174; x_wconf 84' lang='lat' dir='ltr'><strong>secretario,</strong></span> <span class='ocrx_word' id='word_1_195' title='bbox 1051 2099 1103 2176; x_wconf 91' lang='lat' dir='ltr'><strong>qui</strong></span> <span class='ocrx_word' id='word_1_196' title='bbox 1121 2116 1170 2159; x_wconf 91' lang='lat' dir='ltr'><strong>se-</strong></span> 
     </span>
     <span class='ocr_line' id='line_1_23' title="bbox 140 2188 1168 2266; baseline 0.001 -19"><span class='ocrx_word' id='word_1_197' title='bbox 140 2188 273 2248; x_wconf 90' lang='lat' dir='ltr'><strong>cundum</strong></span> <span class='ocrx_word' id='word_1_198' title='bbox 288 2189 630 2250; x_wconf 83' lang='lat' dir='ltr'><strong>eausaecircumstantias</strong></span> <span class='ocrx_word' id='word_1_199' title='bbox 642 2195 768 2266; x_wconf 87' lang='lat' dir='ltr'><strong>possunt</strong></span> <span class='ocrx_word' id='word_1_200' title='bbox 778 2206 845 2249; x_wconf 88' lang='lat' dir='ltr'><strong>eam</strong></span> <span class='ocrx_word' id='word_1_201' title='bbox 860 2188 1037 2261; x_wconf 80' lang='lat' dir='ltr'><strong>concedere,</strong></span> <span class='ocrx_word' id='word_1_202' title='bbox 1049 2189 1101 2248; x_wconf 86' lang='lat' dir='ltr'><strong>vel</strong></span> <span class='ocrx_word' id='word_1_203' title='bbox 1114 2205 1168 2248; x_wconf 90' lang='lat' dir='ltr'><strong>ne·</strong></span> 
     </span>
     <span class='ocr_line' id='line_1_24' title="bbox 138 2277 1170 2352; baseline 0.001 -16"><span class='ocrx_word' id='word_1_204' title='bbox 138 2293 211 2352; x_wconf 84' lang='lat' dir='ltr'><strong>gare</strong></span> <span class='ocrx_word' id='word_1_205' title='bbox 236 2280 287 2350; x_wconf 80' lang='grc'><strong>(1).</strong></span> <span class='ocrx_word' id='word_1_206' title='bbox 314 2277 436 2348; x_wconf 84' lang='lat' dir='ltr'><strong>Quando</strong></span> <span class='ocrx_word' id='word_1_207' title='bbox 458 2294 538 2337; x_wconf 88' lang='lat' dir='ltr'><strong>nova</strong></span> <span class='ocrx_word' id='word_1_208' title='bbox 555 2278 705 2338; x_wconf 87' lang='lat' dir='ltr'><strong>audientia</strong></span> <span class='ocrx_word' id='word_1_209' title='bbox 728 2278 912 2352; x_wconf 81' lang='lat' dir='ltr'><strong>conceditur,</strong></span> <span class='ocrx_word' id='word_1_210' title='bbox 934 2277 1042 2336; x_wconf 88' lang='lat' dir='ltr'><strong>iterum</strong></span> <span class='ocrx_word' id='word_1_211' title='bbox 1078 2294 1170 2337; x_wconf 90' lang='lat' dir='ltr'><strong>causa</strong></span> 
     </span>
     <span class='ocr_line' id='line_1_25' title="bbox 137 2365 1170 2442; baseline 0.001 -18"><span class='ocrx_word' id='word_1_212' title='bbox 137 2372 207 2441; x_wconf 90' lang='lat' dir='ltr'><strong>post</strong></span> <span class='ocrx_word' id='word_1_213' title='bbox 221 2370 282 2427; x_wconf 88' lang='lat' dir='ltr'><strong>tres</strong></span> <span class='ocrx_word' id='word_1_214' title='bbox 302 2382 422 2427; x_wconf 87' lang='lat' dir='ltr'><strong>menses</strong></span> <span class='ocrx_word' id='word_1_215' title='bbox 440 2368 532 2442; x_wconf 85' lang='lat' dir='ltr'><strong>ajam</strong></span> <span class='ocrx_word' id='word_1_216' title='bbox 551 2365 650 2426; x_wconf 86' lang='lat' dir='ltr'><strong>habita</strong></span> <span class='ocrx_word' id='word_1_217' title='bbox 671 2366 806 2427; x_wconf 86' lang='lat' dir='ltr'><strong>sessione</strong></span> <span class='ocrx_word' id='word_1_218' title='bbox 827 2381 930 2426; x_wconf 84' lang='lat' dir='ltr'><strong>eoram</strong></span> <span class='ocrx_word' id='word_1_219' title='bbox 950 2369 1042 2425; x_wconf 84' lang='lat' dir='ltr'><strong>Sacro</strong></span> <span class='ocrx_word' id='word_1_220' title='bbox 1064 2365 1170 2425; x_wconf 86' lang='lat' dir='ltr'><strong>Tribu-</strong></span> 
     </span>
     <span class='ocr_line' id='line_1_26' title="bbox 137 2453 1171 2531; baseline -0.001 -17"><span class='ocrx_word' id='word_1_221' title='bbox 137 2454 197 2514; x_wconf 87' lang='lat' dir='ltr'><strong>nali</strong></span> <span class='ocrx_word' id='word_1_222' title='bbox 211 2455 388 2531; x_wconf 88' lang='lat' dir='ltr'><strong>proponitur</strong></span> <span class='ocrx_word' id='word_1_223' title='bbox 402 2472 472 2519; x_wconf 89' lang='lat' dir='ltr'><strong>oum</strong></span> <span class='ocrx_word' id='word_1_224' title='bbox 486 2455 597 2517; x_wconf 90' lang='lat' dir='ltr'><strong>dubio:</strong></span> <span class='ocrx_word' id='word_1_225' title='bbox 617 2457 664 2517; x_wconf 80' lang='lat' dir='ltr'><strong>Aa</strong></span> <span class='ocrx_word' id='word_1_226' title='bbox 687 2457 726 2516; x_wconf 84' lang='lat' dir='ltr'><strong>sit</strong></span> <span class='ocrx_word' id='word_1_227' title='bbox 739 2455 894 2530; x_wconf 82' lang='lat' dir='ltr'><strong>standum,</strong></span> <span class='ocrx_word' id='word_1_228' title='bbox 914 2453 959 2514; x_wconf 81' lang='lat' dir='ltr'><strong>ool</strong></span> <span class='ocrx_word' id='word_1_229' title='bbox 974 2453 1171 2514; x_wconf 75' lang='lat' dir='ltr'><strong>rmedoudum</strong></span> 
     </span>
     <span class='ocr_line' id='line_1_27' title="bbox 137 2541 1171 2622; baseline 0 -19"><span class='ocrx_word' id='word_1_230' title='bbox 137 2543 283 2604; x_wconf 69' lang='lat' dir='ltr'><strong>odeoisu.</strong></span> <span class='ocrx_word' id='word_1_231' title='bbox 300 2544 424 2616; x_wconf 86' lang='lat' dir='ltr'><strong>Quando</strong></span> <span class='ocrx_word' id='word_1_232' title='bbox 444 2551 580 2622; x_wconf 81' lang='lat' dir='ltr'><strong>negatur,</strong></span> <span class='ocrx_word' id='word_1_233' title='bbox 594 2543 632 2605; x_wconf 89' lang='lat' dir='ltr'><strong>lis</strong></span> <span class='ocrx_word' id='word_1_234' title='bbox 652 2543 735 2604; x_wconf 84' lang='lat' dir='ltr'><strong>finita</strong></span> <span class='ocrx_word' id='word_1_235' title='bbox 758 2548 814 2618; x_wconf 89' lang='lat' dir='ltr'><strong>est,</strong></span> <span class='ocrx_word' id='word_1_236' title='bbox 833 2548 864 2604; x_wconf 86' lang='lat' dir='ltr'><strong>et</strong></span> <span class='ocrx_word' id='word_1_237' title='bbox 891 2541 1037 2604; x_wconf 88' lang='lat' dir='ltr'><strong>sententia</strong></span> <span class='ocrx_word' id='word_1_238' title='bbox 1063 2543 1171 2603; x_wconf 82' lang='lat' dir='ltr'><strong>transit</strong></span> 
     </span>
     <span class='ocr_line' id='line_1_28' title="bbox 137 2631 1169 2710; baseline -0.001 -18"><span class='ocrx_word' id='word_1_239' title='bbox 137 2631 167 2692; x_wconf 93' lang='lat' dir='ltr'><strong>in</strong></span> <span class='ocrx_word' id='word_1_240' title='bbox 182 2649 246 2694; x_wconf 90' lang='lat' dir='ltr'><strong>rem</strong></span> <span class='ocrx_word' id='word_1_241' title='bbox 256 2633 435 2710; x_wconf 65' lang='lat' dir='ltr'><strong>judicatam</strong></span> <span class='ocrx_word' id='word_1_242' title='bbox 450 2639 669 2710; x_wconf 86' lang='lat' dir='ltr'><strong>consequenter</strong></span> <span class='ocrx_word' id='word_1_243' title='bbox 693 2632 835 2694; x_wconf 87' lang='lat' dir='ltr'><strong>resolutio</strong></span> <span class='ocrx_word' id='word_1_244' title='bbox 849 2633 918 2692; x_wconf 87' lang='lat' dir='ltr'><strong>date</strong></span> <span class='ocrx_word' id='word_1_245' title='bbox 931 2633 1069 2692; x_wconf 87' lang='lat' dir='ltr'><strong>iocorum</strong></span> <span class='ocrx_word' id='word_1_246' title='bbox 1083 2632 1169 2692; x_wconf 85' lang='lat' dir='ltr'><strong>Ordi-</strong></span> 
     </span>
     <span class='ocr_line' id='line_1_29' title="bbox 138 2719 1171 2799; baseline 0 -17"><span class='ocrx_word' id='word_1_247' title='bbox 138 2721 416 2799; x_wconf 81' lang='lat' dir='ltr'><strong>uariisenequenda</strong></span> <span class='ocrx_word' id='word_1_248' title='bbox 428 2722 631 2798; x_wconf 84' lang='lat' dir='ltr'><strong>committitur,</strong></span> <span class='ocrx_word' id='word_1_249' title='bbox 659 2723 800 2799; x_wconf 80' lang='lat' dir='ltr'><strong>expensis</strong></span> <span class='ocrx_word' id='word_1_250' title='bbox 819 2720 1000 2798; x_wconf 85' lang='lat' dir='ltr'><strong>liquidatisa</strong></span> <span class='ocrx_word' id='word_1_251' title='bbox 1020 2719 1101 2782; x_wconf 87' lang='lat' dir='ltr'><strong>victo</strong></span> <span class='ocrx_word' id='word_1_252' title='bbox 1125 2721 1171 2782; x_wconf 81' lang='lat' dir='ltr'><strong>vi·</strong></span> 
     </span>
     <span class='ocr_line' id='line_1_30' title="bbox 139 2811 771 2889; baseline 0.003 -19"><span class='ocrx_word' id='word_1_253' title='bbox 139 2811 216 2872; x_wconf 82' lang='lat' dir='ltr'><strong>otoni</strong></span> <span class='ocrx_word' id='word_1_254' title='bbox 229 2812 267 2872; x_wconf 89' lang='lat' dir='ltr'><strong>ad</strong></span> <span class='ocrx_word' id='word_1_255' title='bbox 277 2811 398 2889; x_wconf 74' lang='lat' dir='ltr'><strong>iustitiae</strong></span> <span class='ocrx_word' id='word_1_256' title='bbox 411 2813 544 2872; x_wconf 86' lang='lat' dir='ltr'><strong>tramites</strong></span> <span class='ocrx_word' id='word_1_257' title='bbox 558 2811 731 2886; x_wconf 87' lang='lat' dir='ltr'><strong>solvendis(</strong></span> <span class='ocrx_word' id='word_1_258' title='bbox 749 2817 771 2884; x_wconf 91' lang='lat'><strong>).</strong></span> 
     </span>
    </p>
   </div>
   <div class='ocr_carea' id='block_1_10' title="bbox 136 2979 1168 3616">
    <p class='ocr_par' dir='ltr' id='par_1_10' title="bbox 136 2979 1168 3616">
     <span class='ocr_line' id='line_1_31' title="bbox 169 2979 1165 3050; baseline -0.002 -16"><span class='ocrx_word' id='word_1_259' title='bbox 169 2982 205 3048; x_wconf 92' lang='grc'><strong>(1)</strong></span> <span class='ocrx_word' id='word_1_260' title='bbox 218 2981 297 3035; x_wconf 87' lang='lat' dir='ltr'><strong>Solus</strong></span> <span class='ocrx_word' id='word_1_261' title='bbox 310 2983 459 3036; x_wconf 80' lang='lat' dir='ltr'><strong>Praeieotus</strong></span> <span class='ocrx_word' id='word_1_262' title='bbox 472 2984 562 3050; x_wconf 90' lang='lat' dir='ltr'><strong>potest</strong></span> <span class='ocrx_word' id='word_1_263' title='bbox 576 2996 674 3037; x_wconf 85' lang='lat' dir='ltr'><strong>novam</strong></span> <span class='ocrx_word' id='word_1_264' title='bbox 697 2981 863 3035; x_wconf 88' lang='lat' dir='ltr'><strong>audientiam</strong></span> <span class='ocrx_word' id='word_1_265' title='bbox 886 2979 1042 3044; x_wconf 88' lang='lat' dir='ltr'><strong>concedere,</strong></span> <span class='ocrx_word' id='word_1_266' title='bbox 1056 2981 1165 3047; x_wconf 87' lang='lat' dir='ltr'><strong>quando</strong></span> 
     </span>
     <span class='ocr_line' id='line_1_32' title="bbox 137 3052 1168 3120; baseline -0.001 -13"><span class='ocrx_word' id='word_1_267' title='bbox 137 3054 265 3107; x_wconf 86' lang='lat' dir='ltr'><strong>resolutio</strong></span> <span class='ocrx_word' id='word_1_268' title='bbox 279 3053 342 3106; x_wconf 88' lang='lat' dir='ltr'><strong>data</strong></span> <span class='ocrx_word' id='word_1_269' title='bbox 363 3055 415 3106; x_wconf 86' lang='lat' dir='ltr'><strong>luit</strong></span> <span class='ocrx_word' id='word_1_270' title='bbox 433 3069 494 3106; x_wconf 89' lang='lat' dir='ltr'><strong>oum</strong></span> <span class='ocrx_word' id='word_1_271' title='bbox 513 3055 644 3112; x_wconf 84' lang='lat' dir='ltr'><strong>clausula.</strong></span> <span class='ocrx_word' id='word_1_272' title='bbox 659 3054 836 3120; x_wconf 72' lang='lat' dir='ltr'><strong>affimativa,</strong></span> <span class='ocrx_word' id='word_1_273' title='bbox 852 3053 897 3104; x_wconf 85' lang='lat' dir='ltr'><strong>vel</strong></span> <span class='ocrx_word' id='word_1_274' title='bbox 910 3052 1042 3116; x_wconf 74' lang='lat' dir='ltr'><strong>negative,</strong></span> <span class='ocrx_word' id='word_1_275' title='bbox 1062 3055 1090 3106; x_wconf 84' lang='lat' dir='ltr'><strong>et</strong></span> <span class='ocrx_word' id='word_1_276' title='bbox 1109 3067 1168 3106; x_wconf 86' lang='lat' dir='ltr'><strong>am-</strong></span> 
     </span>
     <span class='ocr_line' id='line_1_33' title="bbox 136 3124 1168 3193; baseline -0.001 -15"><span class='ocrx_word' id='word_1_277' title='bbox 136 3125 223 3193; x_wconf 84' lang='lat' dir='ltr'><strong>plius:</strong></span> <span class='ocrx_word' id='word_1_278' title='bbox 239 3124 330 3189; x_wconf 88' lang='lat' dir='ltr'><strong>immo,</strong></span> <span class='ocrx_word' id='word_1_279' title='bbox 346 3127 369 3177; x_wconf 91' lang='lat' dir='ltr'><strong>si</strong></span> <span class='ocrx_word' id='word_1_280' title='bbox 383 3127 510 3192; x_wconf 81' lang='lat' dir='ltr'><strong>expedire</strong></span> <span class='ocrx_word' id='word_1_281' title='bbox 526 3127 698 3192; x_wconf 86' lang='lat' dir='ltr'><strong>judicaverit,</strong></span> <span class='ocrx_word' id='word_1_282' title='bbox 714 3130 803 3192; x_wconf 87' lang='lat' dir='ltr'><strong>potest</strong></span> <span class='ocrx_word' id='word_1_283' title='bbox 823 3127 980 3176; x_wconf 87' lang='lat' dir='ltr'><strong>instantiam</strong></span> <span class='ocrx_word' id='word_1_284' title='bbox 997 3137 1046 3190; x_wconf 89' lang='lat' dir='ltr'><strong>per</strong></span> <span class='ocrx_word' id='word_1_285' title='bbox 1062 3139 1168 3177; x_wconf 89' lang='lat' dir='ltr'><strong>memo-</strong></span> 
     </span>
     <span class='ocr_line' id='line_1_34' title="bbox 138 3196 1167 3264; baseline 0 -14"><span class='ocrx_word' id='word_1_286' title='bbox 138 3199 214 3264; x_wconf 87' lang='lat' dir='ltr'><strong>riale,</strong></span> <span class='ocrx_word' id='word_1_287' title='bbox 229 3197 309 3250; x_wconf 87' lang='lat' dir='ltr'><strong>citata</strong></span> <span class='ocrx_word' id='word_1_288' title='bbox 322 3201 410 3263; x_wconf 87' lang='lat' dir='ltr'><strong>parte,</strong></span> <span class='ocrx_word' id='word_1_289' title='bbox 420 3199 508 3264; x_wconf 80' lang='lat' dir='ltr'><strong>plenae</strong></span> <span class='ocrx_word' id='word_1_290' title='bbox 522 3198 727 3264; x_wconf 85' lang='lat' dir='ltr'><strong>Congregationi</strong></span> <span class='ocrx_word' id='word_1_291' title='bbox 746 3197 893 3250; x_wconf 88' lang='lat' dir='ltr'><strong>remittere.</strong></span> <span class='ocrx_word' id='word_1_292' title='bbox 908 3196 961 3248; x_wconf 86' lang='lat' dir='ltr'><strong>Sed</strong></span> <span class='ocrx_word' id='word_1_293' title='bbox 986 3201 1060 3248; x_wconf 89' lang='lat' dir='ltr'><strong>actor</strong></span> <span class='ocrx_word' id='word_1_294' title='bbox 1081 3210 1167 3250; x_wconf 80' lang='lat' dir='ltr'><strong>novas</strong></span> 
     </span>
     <span class='ocr_line' id='line_1_35' title="bbox 137 3267 1164 3336; baseline -0.003 -15"><span class='ocrx_word' id='word_1_295' title='bbox 137 3283 269 3336; x_wconf 86' lang='lat' dir='ltr'><strong>expensas</strong></span> <span class='ocrx_word' id='word_1_296' title='bbox 283 3269 361 3320; x_wconf 90' lang='lat' dir='ltr'><strong>alteri</strong></span> <span class='ocrx_word' id='word_1_297' title='bbox 376 3269 446 3335; x_wconf 87' lang='lat' dir='ltr'><strong>parti</strong></span> <span class='ocrx_word' id='word_1_298' title='bbox 461 3270 573 3322; x_wconf 88' lang='lat' dir='ltr'><strong>relicere</strong></span> <span class='ocrx_word' id='word_1_299' title='bbox 584 3273 701 3330; x_wconf 84' lang='lat' dir='ltr'><strong>tenetur,</strong></span> <span class='ocrx_word' id='word_1_300' title='bbox 715 3270 738 3321; x_wconf 91' lang='lat' dir='ltr'><strong>si</strong></span> <span class='ocrx_word' id='word_1_301' title='bbox 752 3269 812 3320; x_wconf 76' lang='lat' dir='ltr'><strong>hmo</strong></span> <span class='ocrx_word' id='word_1_302' title='bbox 823 3268 952 3320; x_wconf 86' lang='lat' dir='ltr'><strong>instantia</strong></span> <span class='ocrx_word' id='word_1_303' title='bbox 966 3267 1117 3332; x_wconf 86' lang='lat' dir='ltr'><strong>rejiciatur.</strong></span> <span class='ocrx_word' id='word_1_304' title='bbox 1134 3294 1164 3305; x_wconf 89' lang='lat'>-</span> 
     </span>
     <span class='ocr_line' id='line_1_36' title="bbox 137 3338 1162 3407; baseline 0 -17"><span class='ocrx_word' id='word_1_305' title='bbox 137 3341 172 3404; x_wconf 76' lang='lat' dir='ltr'><strong>(l)</strong></span> <span class='ocrx_word' id='word_1_306' title='bbox 186 3341 253 3402; x_wconf 69' lang='lat' dir='ltr'><strong>Ques</strong></span> <span class='ocrx_word' id='word_1_307' title='bbox 261 3339 406 3406; x_wconf 78' lang='lat' dir='ltr'><strong>nucusque</strong></span> <span class='ocrx_word' id='word_1_308' title='bbox 420 3341 492 3392; x_wconf 88' lang='lat' dir='ltr'><strong>cirea</strong></span> <span class='ocrx_word' id='word_1_309' title='bbox 506 3340 612 3407; x_wconf 80' lang='lat' dir='ltr'><strong>praxim</strong></span> <span class='ocrx_word' id='word_1_310' title='bbox 623 3340 787 3406; x_wconf 83' lang='lat' dir='ltr'><strong>judiciorum</strong></span> <span class='ocrx_word' id='word_1_311' title='bbox 801 3353 892 3390; x_wconf 86' lang='lat' dir='ltr'><strong>coram</strong></span> <span class='ocrx_word' id='word_1_312' title='bbox 905 3339 932 3390; x_wconf 88' lang='lat' dir='ltr'><strong>S.</strong></span> <span class='ocrx_word' id='word_1_313' title='bbox 948 3338 1162 3403; x_wconf 72' lang='lat' dir='ltr'><strong>congregatione</strong></span> 
     </span>
     <span class='ocr_line' id='line_1_37' title="bbox 140 3407 1165 3476; baseline 0.002 -18"><span class='ocrx_word' id='word_1_314' title='bbox 140 3409 251 3459; x_wconf 83' lang='lat' dir='ltr'><strong>concilii</strong></span> <span class='ocrx_word' id='word_1_315' title='bbox 264 3411 447 3473; x_wconf 84' lang='lat' dir='ltr'><strong>exposuimus.</strong></span> <span class='ocrx_word' id='word_1_316' title='bbox 458 3422 492 3460; x_wconf 85' lang='lat' dir='ltr'><strong>ex</strong></span> <span class='ocrx_word' id='word_1_317' title='bbox 504 3409 600 3462; x_wconf 88' lang='lat' dir='ltr'><strong>edictis</strong></span> <span class='ocrx_word' id='word_1_318' title='bbox 610 3411 696 3476; x_wconf 89' lang='lat' dir='ltr'><strong>ipsius</strong></span> <span class='ocrx_word' id='word_1_319' title='bbox 711 3411 737 3463; x_wconf 88' lang='lat' dir='ltr'><strong>S.</strong></span> <span class='ocrx_word' id='word_1_320' title='bbox 753 3409 974 3476; x_wconf 81' lang='lat' dir='ltr'><strong>congregationis</strong></span> <span class='ocrx_word' id='word_1_321' title='bbox 989 3421 1006 3460; x_wconf 87' lang='lat' dir='ltr'><strong>u</strong></span> <span class='ocrx_word' id='word_1_322' title='bbox 1020 3407 1165 3462; x_wconf 84' lang='lat' dir='ltr'><strong>Sanctissi-</strong></span> 
     </span>
     <span class='ocr_line' id='line_1_38' title="bbox 139 3478 1164 3547; baseline 0.008 -22"><span class='ocrx_word' id='word_1_323' title='bbox 139 3489 182 3526; x_wconf 93' lang='lat' dir='ltr'><strong>mo</strong></span> <span class='ocrx_word' id='word_1_324' title='bbox 196 3478 352 3542; x_wconf 84' lang='lat' dir='ltr'><strong>approbatis</strong></span> <span class='ocrx_word' id='word_1_325' title='bbox 365 3478 514 3537; x_wconf 85' lang='lat' dir='ltr'><strong>hausimus,</strong></span> <span class='ocrx_word' id='word_1_326' title='bbox 530 3492 590 3544; x_wconf 82' lang='lat' dir='ltr'><strong>quae</strong></span> <span class='ocrx_word' id='word_1_327' title='bbox 606 3482 761 3535; x_wconf 77' lang='lat' dir='ltr'><strong>referuntur</strong></span> <span class='ocrx_word' id='word_1_328' title='bbox 774 3481 963 3547; x_wconf 75' lang='lat' dir='ltr'><strong>abductius.</strong></span> <span class='ocrx_word' id='word_1_329' title='bbox 979 3481 1059 3532; x_wconf 85' lang='lat' dir='ltr'><strong>Pont.</strong></span> <span class='ocrx_word' id='word_1_330' title='bbox 1071 3479 1109 3532; x_wconf 88' lang='lat' dir='ltr'><strong>ed</strong></span> <span class='ocrx_word' id='word_1_331' title='bbox 1122 3493 1164 3533; x_wconf 85' lang='lat' dir='ltr'><strong>an</strong></span> 
     </span>
     <span class='ocr_line' id='line_1_39' title="bbox 142 3543 589 3616; baseline 0.013 -22"><span class='ocrx_word' id='word_1_332' title='bbox 142 3543 211 3609; x_wconf 83' lang='grc'><strong>1856,</strong></span> <span class='ocrx_word' id='word_1_333' title='bbox 220 3559 281 3612; x_wconf 88' lang='lat' dir='ltr'><strong>pag.</strong></span> <span class='ocrx_word' id='word_1_334' title='bbox 292 3548 364 3607; x_wconf 73' lang='lat'><strong>2293,</strong></span> <span class='ocrx_word' id='word_1_335' title='bbox 375 3561 402 3598; x_wconf 92' lang='lat' dir='ltr'><strong>u.</strong></span> <span class='ocrx_word' id='word_1_336' title='bbox 419 3547 461 3600; x_wconf 92' lang='lat' dir='ltr'><strong>iii</strong></span> <span class='ocrx_word' id='word_1_337' title='bbox 478 3552 505 3599; x_wconf 87' lang='lat' dir='ltr'><strong>et</strong></span> <span class='ocrx_word' id='word_1_338' title='bbox 514 3561 589 3616; x_wconf 83' lang='lat' dir='ltr'><strong>seqq.</strong></span> 
     </span>
    </p>
   </div>
   <div class='ocr_carea' id='block_1_11' title="bbox 1274 745 1278 778">
    <p class='ocr_par' dir='ltr' id='par_1_11' title="bbox 1274 745 1278 778">
     <span class='ocr_line' id='line_1_40' title="bbox 1274 745 1278 778; baseline 0 0"><span class='ocrx_word' id='word_1_339' title='bbox 1274 745 1278 778; x_wconf 87' lang='lat' dir='ltr'><strong>t</strong></span> 
     </span>
    </p>
   </div>
   <div class='ocr_carea' id='block_1_12' title="bbox 0 0 1284 4080">
    <p class='ocr_par' dir='ltr' id='par_1_12' title="bbox 0 0 1284 4080">
     <span class='ocr_line' id='line_1_41' title="bbox 0 0 1284 4080; baseline 0 1"><span class='ocrx_word' id='word_1_340' title='bbox 0 0 1284 4080; x_wconf 95' lang='lat' dir='ltr'><strong> </strong></span> 
     </span>
    </p>
   </div>
  </div>
 </body>
</html>
