2494 4062
623 165 781 256 ..no-⁵

182 321 273 382 fldem
286 321 456 394 violare3'ct
470 320 588 383 aliunde
607 339 693 384 nemo
713 320 928 382 existimandus
943 327 985 382 tat
995 321 1115 400 ¹dimam,
1130 323 1207 398 ettad

184 428 245 480 aaa
258 419 354 471 mente
369 412 543 487 topitooart't,
557 418 589 471 ut
601 413 658 472 fert
670 412 745 489 juris
759 410 906 490 adagium.

219 500 312 561 Debet
326 517 564 576 essereopressus
576 500 684 574 verbis,
704 499 863 576 autsignls
879 499 1020 572 externis,
1037 515 1106 560 cum
1120 516 1206 560 secus

184 588 249 648 dari
272 596 400 674 nequeat
413 589 630 665 promissionis
654 596 684 649 et
700 588 939 667 repromissionis
961 589 1158 665 intelligentia.
1175 594 1206 654 si

184 678 365 754 exprimatur
376 679 475 739 verbis
486 679 631 752 univocis,
640 696 687 738 ex.
696 695 740 754 gr.
753 679 892 754 promitto
905 677 1205 752 tibimotm'monium;

183 774 211 827 et
233 783 282 842 epo
310 767 369 837 titt,
385 769 490 843 procul
507 753 598 827 dubio
620 767 771 842 sponsalia
784 774 853 826 sunt
867 769 1007 842 perfecta.
1023 767 1052 826 Si
1068 783 1137 826 vero
1151 784 1206 826 ex·

182 853 333 930 primatur
342 857 439 916 verbis
459 856 614 933 ambiguis,
628 873 676 917 ex.
692 873 737 932 gr.
754 874 816 916 non
829 856 936 916 dueum
950 873 1074 916 umorem
1087 855 1145 915 nisi
1158 863 1205 932 te,·

182 953 210 1004 et
229 961 278 1021 epo
296 961 358 1003 non
373 944 484 1004 nubum
504 946 564 1004 nisi
585 946 643 1015 tttt,
659 945 807 1022 sponsalia
830 962 889 1004 non
908 945 1046 1015 videntur
1059 945 1204 1019 absoluta,

182 1034 236 1094 sed
260 1040 375 1094 tantum
402 1033 602 1094 conditionata
630 1037 682 1106 (t),
706 1034 865 1094 nimirum:
889 1033 914 1096 si
933 1034 1040 1092 ducam
1068 1049 1203 1107 uxorem,

180 1124 292 1196 duceni
307 1129 350 1195 te;
371 1129 401 1183 et
422 1123 448 1182 si
470 1140 610 1199 nupsero,
632 1124 741 1183 nubam
763 1123 824 1195 tibi,
846 1122 901 1182 nisi
922 1139 960 1182 ex
983 1121 1093 1198 praevio
1112 1138 1204 1198 spon·

180 1209 285 1270 salium
298 1217 436 1282 tractatu,
451 1213 551 1271 velex
565 1210 793 1272 circumstantiis
806 1207 885 1271 aliud
899 1211 1064 1270 deducatur
1078 1215 1128 1284 (ὅ).
1144 1212 1204 1271 Sed

170 1291 212 1359 'et
224 1299 325 1376 signis,
339 1299 398 1359 boo
409 1306 453 1359 cst
465 1317 518 1374 pcr
528 1299 681 1376 epistolam
700 1306 729 1358 et
743 1307 832 1358 nutus
844 1296 1027 1374 sponsalium
1037 1315 1203 1358 consensus

179 1387 360 1448 sufficienter
379 1387 554 1462 exprimitur
570 1407 577 1446 :
593 1405 653 1464 quo
667 1388 757 1446 modo
772 1387 919 1463 sponsalia
933 1387 1079 1445 contrahit
1092 1388 1203 1446 surdus

178 1481 208 1534 et
225 1482 335 1534 mutue.
354 1480 446 1534 immo
461 1475 633 1550 exspcciali
644 1475 719 1551 juris
733 1475 926 1551 dispositione
942 1476 1006 1534 sola
1018 1474 1203 1536 taciturnitas

149 1610 151 1615 .
177 1563 207 1621 in
221 1563 287 1622 filiis
308 1564 426 1640 signum
446 1572 491 1624 est
509 1564 660 1624 sufficiens
674 1565 713 1623 ad
733 1563 882 1640 sponsalia
895 1563 933 1623 de
946 1564 1044 1622 futuro
1060 1563 1200 1636 ineunda,

177 1650 202 1709 si
215 1668 319 1710 eorum
334 1659 474 1727 parentes
488 1669 543 1728 pro
560 1651 603 1712 eis
626 1652 836 1728 praesentibus,
852 1658 882 1712 et
896 1669 955 1711 non
972 1651 1204 1711 contradicenti-

175 1739 231 1799 bus
244 1742 343 1816 palam
370 1741 518 1816 sponsalia
540 1741 726 1817 stipulentur,
751 1741 820 1818 quia
840 1741 891 1799 filii
908 1757 963 1818 per
986 1757 1021 1800 os
1043 1745 1203 1816 parentum

176 1837 336 1889 censentur
349 1829 431 1905 loqui
445 1835 455 1902 (
475 1835 496 1904 ).

210 1919 302 1977 babet
326 1917 454 1994 denique
480 1934 546 1976 esse
572 1917 785 1978 determinatus
808 1918 951 1978 adunam
971 1924 1200 1994 certamperso·

174 2023 244 2066 nam
259 2025 266 2065 :
282 2023 351 2065 nam
366 2005 443 2066 sicut
466 2005 698 2077 matrimonium,
719 2007 762 2066 sic
775 2007 925 2083 sponsalia
951 2007 1115 2066 consistere
1137 2023 1202 2066 non

101 2082 105 2100 '
173 2101 308 2169 possunt,
322 2094 465 2154 nisiinter
477 2096 810 2173 duosldeoquesiquis
822 2096 977 2172 spondeat,
994 2097 1202 2157 seductorum

173 2182 202 2242 in
226 2201 355 2244 uxorem
373 2200 464 2243 unam
486 2200 525 2243 ex
547 2183 945 2256 tribussororibus,ett1ae
968 2190 1139 2260 acceptent,
1161 2203 1201 2244 ac

171 2271 388 2346 repromittant,
404 2271 553 2348 sponsalia
567 2289 627 2331 non
643 2280 721 2346 sunt,
742 2273 810 2348 quia
824 2272 854 2330 in
868 2274 979 2331 nullam
992 2273 1085 2332 fertur
1099 2272 1200 2332 deter-

99 2357 101 2366 ’
171 2359 301 2420 minatus
327 2376 500 2419 consensus
518 2366 625 2419 verum
650 2361 768 2436 quisic
786 2351 921 2436 promisit
935 2377 973 2420 ex
1001 2359 1201 2420 communiori

172 2447 316 2507 sententia
331 2454 449 2508 tenetur
463 2441 692 2524 promissionem
707 2451 885 2522 observare,
902 2454 932 2508 ct
945 2465 1035 2508 unam
1049 2465 1087 2507 ex
1103 2448 1200 2510 tribus

140 2593 142 2598 .
171 2536 334 2611 sororibus,
350 2553 440 2614 quam
450 2536 586 2597 maluerit
603 2537 721 2611 eligere,
735 2544 768 2596 ut
779 2554 845 2596 eam
858 2537 888 2595 in
904 2553 1030 2596 rrxorem
1044 2537 1143 2610 ducat,
1157 2555 1199 2598 ex

170 2643 229 2701 qua
240 2625 394 2698 electione,
410 2617 595 2701 acceptante,
610 2634 639 2694 et
654 2625 880 2703 repromittente
894 2627 999 2692 electa,
1012 2627 1107 2685 valida
1122 2626 1197 2685 sub-

169 2713 305 2774 oriuntur
327 2714 493 2790 sponsalia,
515 2731 582 2791 quae
608 2713 852 2790 impedimentum
880 2713 1005 2791 publicae
1032 2715 1199 2774 honestatis

169 2819 239 2863 cum
251 2803 315 2864 aliis
329 2803 484 2864 sororibus
498 2803 597 2864 statim
607 2804 775 2878 inducunt(
794 2812 812 2878 ).

197 2950 233 3016 (1)
247 2951 276 3002 L.
292 2951 316 3006 2.
331 2951 358 3001 tr.
374 2951 408 3002 de
418 2964 507 3016 spons.
524 2950 572 3002 ubi
588 2951 725 3017 sponsalia
738 2952 918 3005 deliniuntur:
932 2956 1043 3018 mentio,
1059 2960 1083 3008 et
1096 2969 1196 3021 repro·

166 3021 258 3090 missio
269 3021 431 3086 nuptiarum
448 3022 618 3086 suturarum,
637 3037 698 3088 qnae
713 3024 754 3074 lex
769 3025 942 3078 confirmatur
960 3029 986 3077 in
1001 3042 1058 3079 can.
1075 3029 1099 3090 3,
1112 3043 1136 3078 o.
1153 3030 1195 3089 30,

166 3107 193 3158 q.
208 3093 230 3142 5.
244 3073 324 3158 -l2)
338 3092 511 3144 Reillenstuel
525 3093 558 3143 de
573 3106 662 3158 spone.
674 3109 690 3145 a
703 3109 730 3144 n.
741 3095 779 3153 55,
793 3100 820 3145 et
834 3096 909 3148 Cosci
925 3097 958 3148 de
974 3113 1065 3162 spons
1077 3100 1113 3149 lil.
1127 3101 1193 3151 lam.

165 3169 217 3215 vot.
235 3165 259 3222 5,
274 3178 301 3214 n.
317 3165 339 3215 7.
354 3164 428 3228 -(3)
440 3164 503 3230 Cap.
520 3163 551 3212 ld
566 3164 599 3214 cle
614 3177 705 3230 spons.
722 3193 752 3202 —
765 3166 800 3228 (t)
815 3167 879 3218 llaec
893 3170 1027 3218 sententia
1040 3173 1156 3234 recepta,
1167 3175 1197 3222 ct

165 3235 278 3301 probata
292 3238 362 3285 esta
379 3234 406 3284 S.
422 3235 634 3298 congregatione
650 3236 761 3286 Concilii
776 3238 803 3287 in
817 3251 871 3288 una
888 3237 1064 3291 l'entt'mitien.
1080 3254 1193 3304 sperma-

80 3319 82 3322 ’
164 3306 231 3359 tium
249 3308 259 3357 l
276 3305 339 3357 lun.
361 3305 429 3363 1709,
447 3305 474 3355 in
498 3319 550 3370 qua
571 3320 602 3356 ex
624 3308 788 3370 sponsalium
805 3310 960 3374 syngrapha
981 3311 1140 3374 pereiram,
1166 3317 1196 3364 et

164 3379 305 3430 mulierem
321 3377 476 3440 subscripta
495 3377 532 3426 ite
550 3379 706 3428 constabat:
723 3377 775 3441 Epo
789 3379 983 3445 infrascriptos
1003 3381 1071 3443 dico,
1086 3386 1110 3435 ct
1123 3396 1193 3450 pro-

163 3450 242 3502 mitto
256 3461 311 3500 non
324 3447 409 3502 ettam
425 3447 570 3498 ducturum
585 3448 639 3499 nist
649 3448 821 3502 Benedictom
831 3449 1048 3517 infrascriptum.
1060 3455 1195 3518 quemod-

161 3519 272 3572 modam
288 3519 348 3584 ipsa
363 3518 506 3582 protritum.
525 3521 548 3570 et
559 3521 639 3584 jurat
650 3532 658 3584 ς
671 3526 698 3570 at
716 3520 742 3570 S.
759 3522 935 3586 Congregatio
951 3525 1106 3588 respondit:
1126 3525 1193 3577 Non

85 3599 88 3603 ’
163 3595 285 3644 constare
301 3589 333 3646 de
348 3589 515 3658 sponsantes
533 3589 706 3655 micetmicet
725 3591 912 3657 promittentes
927 3607 981 3653 non
993 3608 1047 3648 esse
1060 3597 1193 3661 coponem
