2426 4070
592 149 699 207 -.ηρ
717 177 752 190 ...

152 289 206 329 non
220 274 255 328 de
273 275 333 327 loco
352 271 490 334 domicilii,
506 272 571 338 quia
588 273 611 323 si
632 273 772 338 respectus
786 269 934 324 haberetur
946 271 981 322 ad
992 271 1081 326 locum
1092 271 1180 324 etiam

153 345 291 407 domicilii,
315 345 394 397 facile
420 349 493 395 esset
514 344 636 396 invenire
660 357 771 395 causam
792 343 1018 408 dispensationis:
1041 341 1181 395 sufficeret

153 419 224 468 enim
240 417 266 466 in
280 417 367 467 locutu
381 420 525 480 angustum
544 414 709 465 domicilium
725 415 879 466 transferre.
898 415 1034 465 Praeterea
1049 413 1112 465 licet
1125 428 1175 464 an-

153 489 242 553 gustia
256 486 308 538 loci
322 486 358 537 sit
368 488 471 545 eadem,
487 486 542 538 sive
555 492 651 551 agatur
664 486 697 536 de
711 486 828 547 civitate,
843 485 899 536 sive
910 485 943 536 de
953 484 1070 552 oppid03
1084 488 1179 536 tamen

152 573 185 610 ox
199 559 267 622 stylo
284 558 367 610 curiae
389 557 528 610 inductum
541 564 592 620 est,
614 562 768 609 attentum
790 557 944 610 civitatibus
965 557 1177 623 episcopalibus,

152 643 300 694 earumque
313 629 452 681 suburbiis
470 642 519 695 per
532 628 649 679 milliere
661 628 768 679 circiter
781 641 834 679 non
847 628 1011 680 distantibus
1027 627 1178 693 denegetur

152 701 276 766 augustia
291 700 350 766 loci,
366 700 419 750 nisi
430 701 568 764 probetur,
579 699 654 764 ipsas
667 701 789 750 civitates
803 704 952 750 tercentum
962 698 1102 759 iocularis,
1117 699 1178 750 sive

152 771 269 823 familias
283 785 338 822 non
353 771 490 823 excedere.
507 771 577 822 liinc
590 771 698 835 quando
712 770 746 820 ob
760 770 912 835 augustiam
928 770 979 820 loci
994 770 1177 832 dispensatio·

151 857 201 895 nes
215 843 398 894 conceduntur
410 856 459 907 pro
477 841 595 899 civitate,
610 843 638 891 iu
652 842 750 892 litteris
767 841 977 906 dispensationis
990 841 1058 891 solet
1074 842 1176 906 apponi

152 914 284 974 clausula,
306 913 449 967 dummodo
474 913 593 978 prefato
619 913 715 965 civitas
741 917 891 965 tercentum
908 911 1106 976 seculariorum
1120 925 1177 964 rtu-

153 998 258 1038 metum
269 998 325 1036 nort
338 983 455 1037 erodat.
469 985 521 1035 Pro
537 985 597 1035 aliis
612 998 675 1035 vero
691 982 756 1035 locis
769 984 850 1034 etiarn
864 983 1015 1048 insignibus
1032 986 1059 1035 et
1075 983 1178 1048 amplis

151 1069 233 1108 causa
249 1057 380 1120 angustiae
399 1055 460 1118 loci,
475 1059 505 1106 ut
524 1055 596 1113 olim,
617 1057 654 1106 ita
668 1057 695 1106 et
712 1069 785 1105 nnnc
803 1054 962 1106 admittitur.
982 1055 1020 1105 De
1038 1054 1125 1106 iustis
1142 1056 1177 1106 de

152 1125 221 1193 disp.
232 1133 295 1177 mat.
311 1127 328 1176 l.
343 1127 367 1188 3,
378 1141 402 1177 c.
412 1127 436 1183 ι,
450 1139 476 1175 ιι.
490 1127 512 1176 4.
527 1153 558 1161 -
570 1125 607 1191 (ι)
621 1125 686 1176 Haec
696 1131 737 1176 est
751 1138 806 1175 una
819 1139 851 1176 ex
866 1125 1066 1189 urgentioribus
1083 1126 1178 1177 causis

152 1197 291 1262 inquibus
305 1199 378 1260 Papa
392 1195 460 1247 solet
477 1197 558 1246 etiam
572 1197 600 1248 iu
614 1196 773 1262 propinquis
788 1195 917 1259 gradibus
930 1195 1095 1259 dispensare,
1109 1210 1177 1248 nam

151 1269 279 1320 damnum
295 1269 397 1318 illatum
413 1267 465 1318 alio
478 1268 556 1317 modo
567 1270 687 1330 reparari
700 1281 753 1317 non
764 1272 861 1330 potest.
874 1266 930 1318 Sed
938 1267 959 1316 si
971 1267 1068 1332 copula
1079 1267 1177 1318 habita

151 1339 187 1390 sit
201 1341 252 1390 sub
269 1353 317 1404 spe
335 1338 444 1403 [acilius
465 1339 618 1388 obtinendae
632 1337 853 1402 dispensationis,
869 1338 1035 1402 dispensatio
1050 1338 1178 1390 redditur

151 1409 292 1467 difficilior,
306 1411 369 1473 quia
384 1409 482 1460 fectum
498 1410 617 1459 continet
635 1408 801 1471 scandalum,
820 1411 846 1459 et
865 1410 911 1458 dat
925 1423 1019 1459 ansam
1032 1411 1173 1474 peccandi.

150 1479 230 1531 Unde
239 1481 312 1544 Papa
323 1494 375 1530 uon
389 1479 504 1530 intendit
514 1479 679 1543 dispensare,
688 1479 741 1530 nisi
752 1479 850 1529 iactum
861 1489 1017 1544 exponatur,
1029 1481 1174 1544 siquando

150 1551 291 1616 dispensat
303 1555 402 1609 texam,
418 1553 445 1600 et
460 1551 646 1615 poenitentiam
660 1555 748 1614 auget.
765 1549 854 1610 Quare
873 1563 956 1613 preve
973 1551 1031 1602 haec
1049 1551 1174 1616 intentio,

150 1621 256 1672 etiamsi
277 1635 309 1672 ex
330 1623 406 1686 parte
425 1621 506 1671 unius
526 1625 629 1671 tentum
645 1619 769 1683 adiuerit,
784 1626 811 1671 et
829 1621 926 1686 copula
946 1621 982 1672 sit
1001 1622 1115 1681 occulta,
1130 1628 1176 1674 est

149 1692 316 1757 exponenda,
331 1692 398 1742 alias
413 1690 577 1754 dispensatio
595 1691 747 1755 obreptitia,
766 1695 793 1742 et
813 1692 887 1742 nulla
906 1691 983 1743 foret.
999 1691 1028 1742 Si
1049 1692 1109 1743 haec
1127 1694 1174 1744 in-

149 1763 232 1814 tentio
246 1775 330 1827 prava
343 1761 378 1812 sit
392 1761 504 1821 occulta,
519 1768 546 1811 et
559 1761 654 1826 copula
669 1761 788 1826 publica,
804 1768 865 1825 post
878 1763 989 1814 nulliter
1003 1765 1143 1814 obtentam
1158 1779 1175 1815 a

149 1833 259 1884 Dataria
278 1832 519 1896 dispensationem,
535 1838 622 1898 potest
636 1846 685 1896 pro
700 1833 838 1883 sanatione
860 1847 986 1885 recursus
1006 1835 1063 1884 lteri
1087 1835 1122 1884 ed
1144 1836 1173 1886 S.

149 1904 389 1956 Poenitentiariam.
410 1903 572 1954 Benedictus
590 1903 655 1954 XIV
675 1903 741 1953 lust.
757 1904 796 1961 87,
812 1917 839 1953 n.
860 1904 896 1954 ll.
911 1905 950 1954 Ex
970 1917 1022 1970 quo
1042 1903 1080 1966 lit,
1095 1906 1173 1970 quod

148 1975 255 2040 quando
275 1976 303 2024 in
319 1973 453 2096 similizps
473 1973 548 2037 Papa
569 1973 718 2038 dispensat,
740 1974 826 2024 soleat
844 1987 978 2040 apponere
999 1975 1172 2027 clausulam:

149 2050 174 2099 ct
187 2048 290 2108 recepta
301 2046 411 2110 jttromc
432 2047 458 2097 to
472 2044 505 2095 ab
519 2044 564 2102 eis.
578 2043 648 2109 quod
661 2043 707 2096 sub
719 2058 763 2111 ιρι
777 2044 886 2108 facilius
899 2045 1046 2097 obtinenda
1060 2046 1173 2112 dispen-

148 2117 261 2170 sotioru's
274 2117 403 2169 incestum
417 2128 471 2167 uon
492 2115 682 2167 commiserint.
698 2118 733 2165 At
751 2115 896 2166 notandum
917 2114 980 2167 illud
998 2118 1109 2168 verbum
1124 2119 1172 2183 fa-

148 2189 240 2240 cilius:
254 2201 316 2238 uem
331 2186 519 2252 illi,quidu1u
534 2186 679 2237 carnaliter
693 2192 813 2253 peccent,
828 2200 876 2251 per
890 2188 1014 2238 accidens
1029 2201 1105 2253 spem
1120 2190 1173 2240 ha·

147 2261 213 2312 bent
227 2259 364 2310 obtinendi
379 2258 617 2324 dispensationem,
630 2271 682 2308 non
695 2257 755 2309 ideo
769 2260 888 2322 peceant,
897 2264 927 2308 ut
938 2259 1043 2310 facilius
1057 2260 1172 2326 dispen-

147 2333 275 2385 sationem
287 2330 434 2390 obtineant,
448 2333 475 2380 ιι
488 2343 542 2380 non
555 2329 742 2379 existimantur
756 2329 957 2392 dispensatione
971 2330 1081 2395 indigni.
1095 2331 1171 2384 Reif-

147 2402 264 2454 feustuel
280 2402 331 2452 loc.
347 2402 391 2452 cit.
406 2414 433 2451 n.
448 2400 502 2451 349.
518 2427 547 2436 -
562 2399 597 2463 (3)
614 2399 652 2450 ld.
670 2399 718 2450 loc.
734 2399 778 2450 cit.
794 2397 806 2463 ἕ
822 2399 845 2462 3,
859 2413 885 2450 n.
902 2401 931 2451 39
949 2407 976 2451 et
992 2415 1067 2466 seqq.
1086 2428 1115 2439 -
1131 2405 1172 2469 (i)

147 2473 177 2525 L.
192 2475 216 2537 5,
231 2473 288 2524 cod.
303 2473 336 2524 de
348 2472 424 2537 prob.
440 2498 471 2507 -
482 2471 517 2534 (5)
537 2469 665 2520 Similiter
685 2471 712 2520 iu
727 2470 785 2534 pari
800 2483 863 2520 casu
877 2470 983 2522 facilius
997 2485 1045 2536 pro
1060 2477 1172 2537 magnis

148 2545 329 2608 Principibus,
344 2556 425 2608 quam
446 2555 494 2606 pro
510 2541 657 2604 nobilibus,
672 2541 779 2592 facilius
798 2553 846 2606 pro
867 2541 918 2605 his,
937 2555 1017 2606 quam
1034 2557 1084 2606 pro
1106 2545 1172 2598 aliis

149 2616 267 2680 regionis
286 2613 479 2665 illustrioribus
493 2611 626 2678 personis,
642 2618 669 2662 et
687 2612 792 2662 facilius
812 2612 926 2678 probis,
943 2627 1023 2678 quarn
1038 2629 1086 2680 pro
1103 2617 1170 2667 reli-

148 2688 210 2752 quis
220 2687 253 2738 de
268 2687 377 2751 populo,
397 2687 424 2736 et
436 2683 604 2750 pauperibus
618 2683 781 2748 dispensatio
796 2683 959 2746 conceditur,
974 2685 1112 2750 quiscum
1128 2688 1171 2736 illi

149 2760 293 2824 plusquam
313 2757 360 2807 isti
376 2757 411 2807 ad
424 2756 553 2806 Ecclesiae
571 2757 671 2806 bouum
690 2755 837 2813 conterant,
852 2755 912 2820 plus
929 2769 1035 2821 quoque
1054 2760 1170 2810 suntab

148 2829 269 2881 Ecclesia
282 2827 436 2894 adjuvandi.
450 2825 624 2878 Reiffeustuel
638 2826 681 2878 cit.
697 2825 744 2877 loc.
760 2839 786 2876 n.
804 2827 834 2878 99
849 2829 875 2876 et
889 2839 962 2893 seqq.

157 3098 158 3102 ’
184 3089 247 3146 tls.
263 3087 401 3144 Summus
415 3081 549 3142 Pontifex
562 3098 653 3158 super
665 3080 845 3140 matrimonii
858 3081 1075 3158 impedimentis
1090 3085 1170 3145 solet

148 3173 330 3250 dispensare,
343 3178 392 3231 aut
407 3187 459 3247 per
476 3175 504 3230 S.
518 3167 779 3243 poenitentiarium,
788 3169 812 3227 si
825 3169 1035 3244 impedimenta
1045 3169 1105 3231 sint
1114 3191 1169 3234 oc·

147 3265 237 3336 culta,
253 3267 366 3337 autper
381 3259 537 3331 baioriam,
549 3259 574 3318 si
591 3258 649 3317 sint
664 3257 790 3333 publica.
808 3257 1051 3333 impedimentum
1064 3267 1169 3322 autem

147 3353 255 3414 dicitur
269 3352 428 3421 occultum,
444 3347 563 3424 quando
577 3347 652 3406 adeo
671 3353 715 3405 est
731 3354 891 3420 secretum,
908 3353 940 3406 ut
955 3345 1035 3407 nullo
1050 3350 1168 3411 ratione

146 3441 242 3519 possit
255 3439 383 3517 probari,
393 3438 440 3497 vel
454 3435 573 3512 quando
587 3435 777 3511 cognoscitur
794 3436 938 3511 spaucis,
948 3443 982 3497 ut
993 3453 1012 3495 a
1025 3445 1166 3514 quatuor,

146 3533 195 3593 vel
217 3529 347 3608 quinque
370 3524 506 3606 personis
523 3531 664 3602 spectatae
678 3523 746 3584 vitae
760 3531 790 3586 et
802 3523 882 3601 fidei,
897 3525 983 3588 itaut
998 3527 1114 3589 nullum
1126 3529 1167 3589 sit
