2494 4062
614 143 739 200 ...4-

195 269 258 327 306.
278 267 322 326 lix
341 261 413 325 fidei
426 263 565 340 dogmate
577 269 694 340 septem
706 267 777 326 sunt
796 263 935 325 Ecclesiae
952 267 1156 328 Sacramenta
1174 279 1197 324 a

158 361 229 416 lesu
241 353 355 415 Christo
368 351 510 424 instituta,
523 368 651 428 nempet
671 351 847 428 Baptismus,
863 353 1060 426 Confirmatio,
1076 353 1199 412 Eucha-

157 444 250 517 ristia,
266 440 452 515 Paenitentia,
468 441 737 514 Extrema-ductio,
754 443 833 502 Ordo
847 449 877 502 et
896 442 1115 502 Matrimonium
1136 446 1192 515 (l).

159 539 238 594 lnter
252 533 316 592 haec
330 531 386 591 tria
401 535 481 601 sunt,
502 549 568 608 quae
587 537 739 608 nequeunt
757 531 867 606 iterari,
888 530 957 608 quia
970 531 1002 591 in
1015 531 1116 592 anima
1132 531 1194 590 im-

159 621 292 699 primunt
312 621 526 696 characterem,
553 619 711 682 nimirum:
731 621 908 698 Baptismus,
937 620 1129 683 Confirmatio
1159 625 1194 680 et

162 712 242 773 ordo
256 715 308 786 (a).

190 860 225 928 (l)
238 860 312 914 trid.
328 873 396 914 sess.
410 861 435 913 7.
450 873 473 912 o.
487 859 508 913 t.
525 887 553 899 -
563 858 599 926 (t)
612 859 686 913 trid.
702 859 761 913 eod.
775 859 826 913 loo.
841 873 865 913 c.
884 859 908 912 9.

184 1051 258 1110 ¹30¹1.
274 1053 307 1110 ln
320 1053 580 1110 sacramentorum
592 1046 749 1108 collatione
763 1046 828 1106 hoec
841 1043 1044 1121 requiruntur,
1055 1043 1189 1106 scillcet:

160 1138 284 1200 materia
306 1137 368 1198 sive
382 1154 443 1211 res,
463 1155 503 1198 ex
520 1153 579 1214 qua
592 1141 816 1197 Sacramentum
829 1133 1001 1207 conficitur3
1016 1135 1113 1198 forma
1125 1135 1192 1195 sive

160 1229 260 1300 verba,
281 1228 389 1304 quibus
403 1233 629 1288 Sacramentum
642 1227 814 1302 perficitur;
834 1225 969 1286 minister
987 1224 1050 1285 sive
1062 1225 1122 1299 ille,
1138 1224 1193 1301 qui

161 1321 384 1378 Sacramentum
395 1317 525 1390 conlert;
537 1321 567 1376 et
576 1315 745 1392 subjectum
759 1305 889 1391 siveille,
903 1313 953 1392 qui
964 1319 1193 1376 Sacramentum

162 1405 296 1482 suscipit
312 1406 499 1478 Demateria,
515 1411 545 1464 et
533 1406 654 1464 tforma
673 1410 765 1480 agunt
779 1403 936 1480 Theologi3
957 1419 1013 1464 nos
1036 1422 1133 1480 pauca
1150 1404 1190 1464 de

161 1493 263 1555 minist
263 1493 325 1554 erio
347 1502 376 1554 et
397 1494 531 1570 subjecto
556 1491 744 1568 exponimus,
761 1498 824 1552 tum
847 1491 926 1552 bio
918 1509 950 1552 ιιι
971 1509 1100 1570 genere,
1122 1499 1188 1554 tum

162 1579 240 1642 infra
253 1583 291 1642 de
306 1581 439 1658 quolibet
452 1581 665 1641 sacramento
658 1599 689 1640 ιιι
696 1580 815 1659 specie.

198 1676 260 1732 308.
285 1669 414 1730 Minister
437 1676 697 1731 sacramentorum
721 1669 810 1730 debet
831 1669 928 1747 primo
953 1671 1064 1732 habere
1087 1673 1191 1734 confe-

165 1759 251 1822 rendi
264 1765 453 1836 potestatem,
468 1777 535 1836 qrrae
549 1761 729 1836 quandoque
749 1765 850 1820 manat
871 1777 910 1820 ex
924 1761 1038 1834 ordine,
1054 1767 1085 1820 et
1096 1779 1192 1837 quan-

163 1849 263 1925 doque
277 1865 316 1908 ex
330 1847 446 1922 ordine,
470 1855 501 1908 et
521 1848 727 1924 jurisdictione
750 1848 848 1923 simul,
866 1855 900 1908 ut
918 1846 995 1908 infra
1008 1849 1110 1910 videre
1124 1850 1189 1912 erit.

164 1939 257 2000 Debet
280 1938 413 1998 secundo
437 1937 548 1997 habere
570 1937 764 1997 intentionem
779 1937 935 2010 actualem,
951 1938 999 1997 vel
1013 1939 1118 1998 saltem
1130 1941 1192 1999 vir·-

166 2027 288 2099 tuulcm,
304 2043 374 2086 narn
388 2025 549 2086 habitualis
564 2042 625 2086 non
640 2027 749 2086 sufficit
763 2029 814 2097 (t).
828 2026 954 2087 intentio
969 2025 1076 2086 dicitur
1090 2034 1191 2088 actua-

165 2113 213 2190 lia,
233 2132 303 2176 cum
316 2115 382 2192 quis
396 2125 464 2175 actu
484 2113 609 2174 intendit
628 2115 777 2175 conticere
792 2119 1034 2190 Sacramentum
1050 2116 1192 2192 virtualis,

166 2219 236 2265 cum
249 2203 326 2280 quia,
340 2203 409 2264 licet
424 2209 492 2262 actu
506 2219 566 2262 non
577 2202 711 2264 intendat
725 2205 873 2264 conficere
885 2209 1119 2279 Sacramentum,
1130 2206 1190 2279 agit

165 2293 264 2354 tamen
280 2292 388 2352 virtute
403 2292 606 2352 antecedentis
623 2291 746 2353 actualis
765 2291 949 2366 intentionis3
973 2299 1003 2352 et
1023 2293 1186 2370 habitualis,

166 2395 236 2443 cum
250 2381 316 2458 quis
328 2381 387 2456 agit
402 2398 441 2441 ex
455 2379 682 2455 consuetudine,
698 2381 768 2457 quin
783 2379 987 2440 antecedentis
1001 2382 1123 2442 actualis
1143 2383 1188 2442 in-

167 2469 306 2530 tentionis
319 2469 424 2546 aliquis
436 2475 556 2530 maneat
569 2470 692 2529 effectus
704 2473 755 2542 (a).
770 2469 862 2530 Debet
873 2469 960 2530 tertio
976 2471 1135 2532 obseruare
1148 2473 1188 2532 ri-

168 2565 216 2619 tus
226 2559 264 2618 ab
278 2558 410 2618 Ecclesia
427 2557 628 2634 praescriptos,
645 2557 721 2618 inter
736 2575 811 2633 quas
825 2557 874 2617 alii
887 2564 957 2619 sunt
971 2559 1144 2635 careretiolcs,
1158 2567 1189 2622 et

169 2647 217 2708 alii
229 2646 430 2708 nolentata.
447 2645 624 2707 Essentiales
637 2646 803 2706 consistunt
824 2646 856 2704 in
877 2646 977 2706 debita
997 2647 1189 2724 applicatione

168 2738 272 2796 formae
281 2736 319 2795 ad
329 2735 494 2807 materiam,
502 2736 625 2810 juxtas.
634 2733 786 2808 Augustini
800 2735 936 2794 effatum:
951 2737 1065 2796 Accedit
1074 2735 1190 2798 verbum

168 2825 208 2886 ad
221 2824 409 2898 clementum,
427 2831 454 2884 ct
468 2824 502 2898 fit
519 2822 759 2898 Sacramentum,
787 2822 871 2883 aliter
890 2828 1112 2886 Sacramentum
1129 2843 1188 2887 non

169 2915 217 2988 tlt,
240 2913 440 2974 accidentales
461 2928 534 2974 vero
553 2911 724 2982 ,consistunt
745 2912 777 2971 in
800 2912 949 2988 precibus,
968 2913 1030 2975 sive
1051 2931 1188 2976 caeremo·

169 3004 226 3064 niis
246 3002 422 3079 quibusdam
446 3001 483 3060 ab
507 3002 638 3062 Ecclesia
656 3001 781 3076 statutis,
804 3019 930 3078 quarum
952 3004 1060 3081 injusta
1075 3003 1189 3067 omissio

169 3092 297 3154 ministri
318 3091 439 3168 quidem
462 3089 675 3152 conscientiam
696 3092 843 3168 vulnerat,
867 3093 920 3153 sed
938 3095 1118 3156 sacramenti
1130 3095 1186 3158 vim

171 3199 232 3242 non
243 3180 349 3241 evertit
363 3184 415 3254 (3).

207 3273 467 3331 Sacramentorum
484 3267 608 3328 effectus
630 3266 670 3328 ob
694 3265 820 3330 ministri
834 3268 1053 3348 improbitatem
1066 3291 1123 3334 non
1136 3274 1191 3336 im-

119 3396 120 3400 =
171 3345 319 3438 peditur:
339 3374 409 3418 nam
431 3355 565 3418 minister
588 3355 618 3416 in
643 3358 847 3434 conficiendis,
869 3362 916 3421 vel
929 3360 1127 3424 mrn1strand1s
1139 3369 1190 3425 sa

173 3447 333 3510 oramentis
349 3465 411 3507 non
432 3463 518 3508 suam
537 3447 628 3508 refert
644 3463 811 3524 personam,
827 3449 881 3510 sed
894 3449 1009 3525 Christi,
1021 3469 1040 3511 a
1054 3469 1111 3528 quo
1124 3454 1191 3513 sub-

169 3539 244 3615 lecti
260 3537 433 3617 iustificatio
454 3536 701 3614 provenit,1'uxts
722 3536 794 3599 illud
817 3542 851 3600 b.
874 3539 967 3617 Pauli,
982 3545 1059 3602 Deus
1076 3547 1127 3616 est,
1142 3544 1189 3620 qui
