2560 4080
52 49 56 119 l

50 123 55 240 l

17 336 32 380 Γ
49 315 52 402 ἴ
92 343 123 394 do
134 341 257 410 prohibet
268 353 424 406 processum
439 339 613 393 adulteriora
625 359 631 401 ;
646 337 789 405 spuendo
803 340 849 392 dat
863 338 1062 392 meorumnam
1073 339 1108 390 ab

16 409 29 454 a
49 439 52 481 ,s
91 412 269 466 observatione
280 412 387 478 judicii,
400 414 427 463 et
444 411 540 464 inaliis
556 411 700 464 similibus.
710 411 818 463 casibus
829 411 999 476 pellegrinus
1008 410 1110 474 parti.

16 487 31 535 l·
48 499 50 558 f
91 485 304 544 sact.3‚subsaot.
322 483 1110 549 l,n.16.-(l)1nterlocutorieaffertgravemenirrapara·

16 563 28 599 b
46 616 50 628 ,
91 557 188 610 bllezt·
198 557 222 607 si
233 557 335 622 rejiciat
346 557 518 622 exceptiones
531 555 736 621 peremptorias,
747 554 790 606 vel
807 555 960 616 dilatorias-3
972 553 998 604 2⁰
1009 551 1110 616 sireJi-

16 627 32 672 ¹⁹
90 629 139 680 ciet
150 633 360 696 procuratorem,
375 629 418 679 val
432 630 547 678 tutorem
564 627 761 692 comparentis;
779 627 805 676 3ο
818 629 842 677 st
862 626 962 690 injuste
977 624 1109 681 admittet,

16 705 25 742 Ι
41 717 50 792 p
89 700 129 750 vel
145 699 247 764 rejiciat
267 699 419 766 propositos
433 698 561 757 articulos
573 714 580 759 3
594 698 619 748 4·
640 697 663 749 si
676 697 776 763 injuste
797 697 930 759 admittat,
951 695 994 748 vel
1006 690 1111 760 rejiciat

16 773 28 814 t
90 770 308 836 appellationem
322 771 349 820 5⁰
361 769 519 826 siadmittat
538 769 647 820 tertium
658 769 691 822 ed
702 767 900 834 impediendam
915 766 1110 818 executionemu

18 847 30 888 a
91 844 117 893 et
128 842 167 894 sic
178 843 212 894 de
225 841 286 894 aliis
299 841 410 894 casibus
423 839 567 892 similibus.
584 839 756 906 Pellagrinus
767 839 817 892 loc.
835 838 879 889 cit.
892 852 919 890 n.
935 839 976 890 to.

523 217 684 275 ...483-

16 1017 32 1103 [a
121 1040 182 1098 868.
195 1041 240 1096 Ex
263 1035 310 1096 his
331 1041 465 1112 apparet,
493 1035 725 1112 appellationem
744 1052 762 1094 a
785 1032 932 1094 sententia
958 1033 1112 1094 definitiva

16 1128 31 1174 n
91 1127 170 1187 valde
184 1126 304 1186 differre
319 1125 356 1184 ab
373 1125 571 1200 appellatione
589 1125 627 1184 ab
649 1124 935 1185 interlocutoriam
953 1129 1022 1184 sunt
1035 1123 1111 1184 inter

16 1205 33 1293 ξ’
91 1221 244 1292 utramque
270 1214 498 1290 appellationem
518 1212 582 1273 aliea
603 1213 775 1274 differentiae
798 1232 806 1273 ε
829 1229 899 1272 narn
925 1211 1114 1288 appellatioa

92 1303 238 1365 definitiva
247 1303 483 1379 jurisdictionem
495 1302 602 1380 judicis
627 1301 774 1362 interioris
795 1301 960 1378 suspendit,
980 1300 1114 1376 exceptis

20 1411 25 1460 1‘
93 1393 268 1469 quibusdam
283 1391 410 1465 casibus,
432 1408 507 1467 quos
529 1391 606 1451 inira
622 1387 802 1463 referemus3
818 1390 890 1449 dum
904 1389 1062 1466 appellatio
1075 1389 1113 1448 ab

16 1483 35 1564 li
93 1481 312 1542 interlocutoria
322 1479 430 1556 judicis
442 1479 590 1539 inferioris
608 1479 844 1555 jurisdictionem
870 1495 930 1538 non
949 1478 1113 1554 suspendit,

17 1569 34 1646 ‘ij
91 1571 145 1632 nisi
157 1569 280 1631 interior
294 1569 483 1646 appellationi
506 1569 628 1642 deferat,
642 1570 689 1628 vel
708 1568 854 1644 superior,
872 1567 991 1643 cognita
1008 1568 1111 1642 appel-

93 1659 206 1720 lationis
223 1675 324 1732 cansa,
343 1657 456 1718 litteras
474 1657 655 1718 inhibitionis
679 1657 803 1718 emittat.
826 1662 948 1734 Insuper
968 1656 1114 1716 sententia

94 1747 317 1808 definitiva'non
331 1752 431 1822 potest
444 1764 462 1805 a
474 1745 574 1822 jndice
589 1763 655 1806 eam
667 1747 781 1806 ferente
797 1745 921 1822 corrigi,
938 1745 990 1805 sed
1005 1745 1115 1821 corrigi

94 1837 129 1896 ab
143 1855 180 1899 eo
198 1842 298 1914 potest
312 1835 458 1896 sententia
476 1835 707 1909 interlocutoria,
733 1835 825 1895 immo
847 1834 872 1894 si
889 1851 1047 1910 gravamen
1061 1852 1116 1912 per

93 1926 244 1988 sententiae
259 1925 475 1986 correctionem
487 1926 580 2002 judex
594 1926 717 1994 auferat,
745 1941 805 2000 quo
819 1923 926 1984 dieitur
939 1925 1115 1985 sententiam

94 2014 335 2088 mreunncm'bcra,
358 2014 516 2090 appellatio
535 2019 641 2074 cassat.
658 2013 790 2089 lienique
815 2013 967 2088 appellans
980 2030 998 2071 a
1012 2013 1116 2072 delini-

93 2105 149 2165 tira
159 2104 246 2166 novis
259 2104 303 2164 uti
316 2109 415 2180 potest
428 2102 663 2180 probationibus,
679 2109 709 2162 et
722 2118 815 2162 novas
828 2100 977 2160 adducere
990 2117 1112 2175 causas,

24 2265 31 2277 .,
95 2192 165 2254 dum
178 2192 332 2270 appellans
345 2193 383 2251 ab
397 2191 619 2252 interlocutoria
634 2206 731 2267 neque
746 2205 842 2251 novas
854 2195 953 2266 potest
966 2183 1115 2251 adducere

94 2299 207 2354 causas,
221 2297 320 2358 neque
332 2280 417 2341 novis
430 2279 655 2354 probationibus
669 2278 710 2339 uti
727 2283 737 2350 (
757 2284 777 2352 ).

16 2478 24 2494 ,
122 2427 378 2498 renovasset.
395 2426 433 2488 15,
446 2441 473 2479 n.
489 2427 503 2480 a
517 2428 545 2480 et
557 2426 580 2480 r.

16 2627 24 2670 ³2
128 2628 191 2686 869.
207 2623 318 2684 Deinde
330 2623 361 2682 in
378 2620 582 2698 appellationis
598 2621 769 2682 definitione
786 2620 858 2682 illud
872 2619 1019 2694 addimus,
1038 2621 1119 2696 quod

16 2720 23 2791 i
96 2713 254 2791 appellatio
265 2714 299 2772 iit
312 2711 496 2788 atinsoriore
510 2711 549 2770 ad
561 2711 743 2786 superiorem
750 2710 892 2786 judicant.
908 2708 1119 2770 lnieriordici·

96 2809 143 2866 tur
153 2804 248 2881 jndex
263 2819 282 2864 a
296 2818 363 2880 qua,
379 2807 409 2862 et
427 2799 564 2877 superior
581 2799 675 2876 jndex
697 2799 858 2876 adquam:
878 2815 939 2859 non
962 2798 1041 2859 enim
1054 2797 1119 2860 fieri

97 2897 196 2969 potest
209 2891 247 2951 ad
259 2889 416 2964 minorem,
435 2891 483 2950 rel
498 2906 611 2965 parem,
634 2887 703 2965 quia
720 2889 751 2948 id
769 2890 846 2949 toret
860 2893 965 2948 contra
980 2889 1119 2948 substan·

97 2981 168 3042 tiam
186 2978 393 3056 appellationis
408 2981 463 3052 (l),
486 2985 516 3038 et
535 2979 659 3055 insuper
678 2978 854 3052 regulariter
868 2978 932 3038 fleri
947 2978 1035 3038 debet
1051 2995 1120 3054 gra-

16 3133 18 3152 ,
99 3070 202 3144 datim,
222 3085 283 3128 non
305 3065 475 3128 intermisso
491 3067 600 3139 medio,
622 3066 660 3127 de
682 3065 821 3126 inferiore
834 3067 872 3125 ad
887 3067 1057 3141 proximum
1069 3082 1120 3124 su·

16 3155 19 3166 ”
100 3157 259 3234 perierem,
274 3162 341 3216 uta
364 3157 488 3216 Praelata
510 3157 644 3233 subjecto
658 3157 803 3232 Episcopo
818 3157 856 3215 ad
874 3157 1063 3232 Episcopum,
1083 3153 1120 3212 ab

100 3245 246 3323 Episcopo
267 3247 305 3306 ad
323 3245 547 3322 Metropolitam,
569 3251 599 3305 at
612 3245 719 3304 deinde
738 3246 777 3304 ad
796 3244 964 3317 Primatem,
980 3260 1015 3303 aa
1039 3259 1120 3303 sum·

101 3351 184 3396 mum
196 3335 369 3396 Pontificem
387 3355 393 3394 :
410 3351 497 3395 secus
518 3335 683 3394 vere-facta
702 3334 860 3411 appellatio
878 3339 980 3410 posset
1000 3348 1055 3407 par
1068 3348 1121 3390 ex·

104 3425 272 3502 ceptionem
284 3423 428 3484 infirmari
439 3422 631 3496 (tiliiximus
641 3429 740 3484 tamen
748 3423 935 3500 regularitas,
947 3437 1017 3480 nam
1025 3420 1123 3481 valida

104 3520 152 3574 est.
169 3513 326 3591 appellatio
349 3514 386 3573 ab
406 3513 592 3574 inferioribus
606 3513 754 3590 judicibus
775 3513 814 3572 ad
833 3527 982 3571 summum
1002 3509 1123 3570 Pontifi-

107 3619 182 3680 κω,
206 3602 296 3670 edam
315 3602 433 3673 omissis
463 3602 583 3679 medis,
610 3601 718 3680 etipse
737 3600 965 3679 appellationem
990 3597 1123 3676 recipiat,
