<?xml version="1.0" encoding="UTF-8"?>
<!DOCTYPE html PUBLIC "-//W3C//DTD XHTML 1.0 Transitional//EN"
    "http://www.w3.org/TR/xhtml1/DTD/xhtml1-transitional.dtd">
<html xmlns="http://www.w3.org/1999/xhtml" xml:lang="en" lang="en">
 <head>
  <title>
</title>
<meta http-equiv="Content-Type" content="text/html;charset=utf-8" />
  <meta name='ocr-system' content='tesseract 3.04.00' />
  <meta name='ocr-capabilities' content='ocr_page ocr_carea ocr_par ocr_line ocrx_word'/>
</head>
<body>
  <div class='ocr_page' id='page_1' title='image "./summainstitutio01ferrgoog_0267.png"; bbox 0 0 2410 4068; ppageno 0'>
   <div class='ocr_carea' id='block_1_1' title="bbox 130 179 1150 394">
    <p class='ocr_par' dir='ltr' id='par_1_1' title="bbox 130 179 1150 394">
     <span class='ocr_line' id='line_1_1' title="bbox 567 179 729 247; baseline -0.025 -11"><span class='ocrx_word' id='word_1_1' title='bbox 567 219 604 236; x_wconf 87' lang='lat'><strong>..</strong></span> <span class='ocrx_word' id='word_1_2' title='bbox 620 179 675 247; x_wconf 64' lang='lat'><strong>²236</strong></span> <span class='ocrx_word' id='word_1_3' title='bbox 693 217 729 232; x_wconf 80' lang='lat'><strong>.-</strong></span> 
     </span>
     <span class='ocr_line' id='line_1_2' title="bbox 130 297 1150 394; baseline -0.014 -17"><span class='ocrx_word' id='word_1_4' title='bbox 130 316 217 394; x_wconf 73' lang='lat' dir='ltr'><strong>&#39;quit,</strong></span> <span class='ocrx_word' id='word_1_5' title='bbox 230 321 265 376; x_wconf 88' lang='lat' dir='ltr'><strong>ut</strong></span> <span class='ocrx_word' id='word_1_6' title='bbox 278 315 307 374; x_wconf 90' lang='lat' dir='ltr'><strong>ln</strong></span> <span class='ocrx_word' id='word_1_7' title='bbox 322 329 395 375; x_wconf 87' lang='lat' dir='ltr'><strong>casu</strong></span> <span class='ocrx_word' id='word_1_8' title='bbox 409 297 603 390; x_wconf 83' lang='lat' dir='ltr'><strong>proieasionis</strong></span> <span class='ocrx_word' id='word_1_9' title='bbox 620 308 778 386; x_wconf 78' lang='lat' dir='ltr'><strong>religiose,</strong></span> <span class='ocrx_word' id='word_1_10' title='bbox 797 304 975 368; x_wconf 77' lang='lat' dir='ltr'><strong>matrimonii</strong></span> <span class='ocrx_word' id='word_1_11' title='bbox 989 305 1039 378; x_wconf 79' lang='lat'><strong>(3),</strong></span> <span class='ocrx_word' id='word_1_12' title='bbox 1053 303 1150 364; x_wconf 84' lang='lat' dir='ltr'><strong>militie</strong></span> 
     </span>
    </p>
   </div>
   <div class='ocr_carea' id='block_1_2' title="bbox 143 393 1156 1188">
    <p class='ocr_par' dir='ltr' id='par_1_2' title="bbox 143 393 1156 1188">
     <span class='ocr_line' id='line_1_3' title="bbox 143 393 1152 477; baseline -0.013 -13"><span class='ocrx_word' id='word_1_13' title='bbox 143 403 304 477; x_wconf 69' lang='lat' dir='ltr'><strong>secularis,</strong></span> <span class='ocrx_word' id='word_1_14' title='bbox 318 408 349 463; x_wconf 89' lang='lat' dir='ltr'><strong>et</strong></span> <span class='ocrx_word' id='word_1_15' title='bbox 361 401 391 462; x_wconf 92' lang='lat' dir='ltr'><strong>in</strong></span> <span class='ocrx_word' id='word_1_16' title='bbox 406 419 478 463; x_wconf 90' lang='lat' dir='ltr'><strong>casu</strong></span> <span class='ocrx_word' id='word_1_17' title='bbox 495 401 582 474; x_wconf 89' lang='lat' dir='ltr'><strong>illius,</strong></span> <span class='ocrx_word' id='word_1_18' title='bbox 603 400 654 477; x_wconf 90' lang='lat' dir='ltr'><strong>qui</strong></span> <span class='ocrx_word' id='word_1_19' title='bbox 667 397 827 471; x_wconf 76' lang='lat' dir='ltr'>consentit,</span> <span class='ocrx_word' id='word_1_20' title='bbox 842 401 875 456; x_wconf 92' lang='lat' dir='ltr'><strong>ut</strong></span> <span class='ocrx_word' id='word_1_21' title='bbox 887 393 1063 456; x_wconf 82' lang='lat' dir='ltr'><strong>beneficium</strong></span> <span class='ocrx_word' id='word_1_22' title='bbox 1076 409 1152 452; x_wconf 85' lang='lat' dir='ltr'><strong>suum</strong></span> 
     </span>
     <span class='ocr_line' id='line_1_4' title="bbox 144 484 1152 564; baseline -0.01 -12"><span class='ocrx_word' id='word_1_23' title='bbox 144 492 229 552; x_wconf 87' lang='lat' dir='ltr'><strong>alteri</strong></span> <span class='ocrx_word' id='word_1_24' title='bbox 246 493 474 564; x_wconf 60' lang='lat' dir='ltr'><strong>conferaturfl).</strong></span> <span class='ocrx_word' id='word_1_25' title='bbox 488 495 558 551; x_wconf 85' lang='lat' dir='ltr'><strong>liaec</strong></span> <span class='ocrx_word' id='word_1_26' title='bbox 570 497 671 554; x_wconf 83' lang='lat' dir='ltr'><strong>tamen</strong></span> <span class='ocrx_word' id='word_1_27' title='bbox 686 503 747 548; x_wconf 87' lang='lat' dir='ltr'><strong>non</strong></span> <span class='ocrx_word' id='word_1_28' title='bbox 761 492 806 547; x_wconf 87' lang='lat' dir='ltr'><strong>est</strong></span> <span class='ocrx_word' id='word_1_29' title='bbox 820 484 991 546; x_wconf 85' lang='lat' dir='ltr'><strong>necessario</strong></span> <span class='ocrx_word' id='word_1_30' title='bbox 1005 498 1057 560; x_wconf 91' lang='lat' dir='ltr'><strong>per</strong></span> <span class='ocrx_word' id='word_1_31' title='bbox 1075 498 1152 558; x_wconf 91' lang='lat' dir='ltr'><strong>supe-</strong></span> 
     </span>
     <span class='ocr_line' id='line_1_5' title="bbox 144 573 1151 657; baseline -0.012 -16"><span class='ocrx_word' id='word_1_32' title='bbox 144 582 256 642; x_wconf 86' lang='lat' dir='ltr'><strong>riorem</strong></span> <span class='ocrx_word' id='word_1_33' title='bbox 270 580 464 657; x_wconf 85' lang='lat' dir='ltr'><strong>acceptanda,</strong></span> <span class='ocrx_word' id='word_1_34' title='bbox 488 580 558 655; x_wconf 88' lang='lat' dir='ltr'><strong>quia</strong></span> <span class='ocrx_word' id='word_1_35' title='bbox 579 583 751 655; x_wconf 79' lang='lat' dir='ltr'><strong>acceptatur</strong></span> <span class='ocrx_word' id='word_1_36' title='bbox 771 575 809 635; x_wconf 90' lang='lat' dir='ltr'><strong>ab</strong></span> <span class='ocrx_word' id='word_1_37' title='bbox 831 575 898 650; x_wconf 90' lang='lat' dir='ltr'><strong>ipso</strong></span> <span class='ocrx_word' id='word_1_38' title='bbox 918 573 996 650; x_wconf 78' lang='lat' dir='ltr'><strong>jura</strong></span> <span class='ocrx_word' id='word_1_39' title='bbox 1021 577 1151 648; x_wconf 84' lang='lat' dir='ltr'><strong>Expressa</strong></span> 
     </span>
     <span class='ocr_line' id='line_1_6' title="bbox 150 661 1155 744; baseline -0.009 -15"><span class='ocrx_word' id='word_1_40' title='bbox 150 670 257 730; x_wconf 91' lang='lat' dir='ltr'><strong>deinde</strong></span> <span class='ocrx_word' id='word_1_41' title='bbox 267 675 322 740; x_wconf 85' lang='lat' dir='ltr'><strong>eat,</strong></span> <span class='ocrx_word' id='word_1_42' title='bbox 337 686 404 744; x_wconf 88' lang='lat' dir='ltr'><strong>quae</strong></span> <span class='ocrx_word' id='word_1_43' title='bbox 413 669 447 728; x_wconf 89' lang='lat' dir='ltr'><strong>iit</strong></span> <span class='ocrx_word' id='word_1_44' title='bbox 459 667 587 743; x_wconf 86' lang='lat' dir='ltr'><strong>scriptis,</strong></span> <span class='ocrx_word' id='word_1_45' title='bbox 599 673 651 727; x_wconf 87' lang='lat' dir='ltr'><strong>aut</strong></span> <span class='ocrx_word' id='word_1_46' title='bbox 663 665 763 726; x_wconf 86' lang='lat' dir='ltr'><strong>verbis</strong></span> <span class='ocrx_word' id='word_1_47' title='bbox 777 680 881 726; x_wconf 91' lang='lat' dir='ltr'><strong>coram</strong></span> <span class='ocrx_word' id='word_1_48' title='bbox 888 661 1043 740; x_wconf 81' lang='lat' dir='ltr'>superiore</span> <span class='ocrx_word' id='word_1_49' title='bbox 1052 677 1155 738; x_wconf 82' lang='lat' dir='ltr'><strong>expres·</strong></span> 
     </span>
     <span class='ocr_line' id='line_1_7' title="bbox 147 751 1154 834; baseline -0.01 -16"><span class='ocrx_word' id='word_1_50' title='bbox 147 758 199 832; x_wconf 90' lang='lat' dir='ltr'><strong>sis,</strong></span> <span class='ocrx_word' id='word_1_51' title='bbox 214 775 281 834; x_wconf 88' lang='lat' dir='ltr'><strong>quae</strong></span> <span class='ocrx_word' id='word_1_52' title='bbox 294 757 461 818; x_wconf 91' lang='lat' dir='ltr'><strong>subviditur</strong></span> <span class='ocrx_word' id='word_1_53' title='bbox 474 757 504 816; x_wconf 93' lang='lat' dir='ltr'><strong>in</strong></span> <span class='ocrx_word' id='word_1_54' title='bbox 518 773 642 832; x_wconf 82' lang='lat' dir='ltr'><strong>purum,</strong></span> <span class='ocrx_word' id='word_1_55' title='bbox 657 762 688 816; x_wconf 88' lang='lat' dir='ltr'><strong>et</strong></span> <span class='ocrx_word' id='word_1_56' title='bbox 701 753 937 816; x_wconf 80' lang='lat' dir='ltr'><strong>conditionalem.</strong></span> <span class='ocrx_word' id='word_1_57' title='bbox 955 756 1027 824; x_wconf 84' lang='lat' dir='ltr'><strong>Quae</strong></span> <span class='ocrx_word' id='word_1_58' title='bbox 1046 751 1081 810; x_wconf 91' lang='lat' dir='ltr'><strong>sit</strong></span> <span class='ocrx_word' id='word_1_59' title='bbox 1091 765 1154 825; x_wconf 87' lang='lat' dir='ltr'><strong>pura</strong></span> 
     </span>
     <span class='ocr_line' id='line_1_8' title="bbox 149 835 1155 921; baseline -0.01 -15"><span class='ocrx_word' id='word_1_60' title='bbox 149 863 254 907; x_wconf 89' lang='lat' dir='ltr'><strong>omnes</strong></span> <span class='ocrx_word' id='word_1_61' title='bbox 267 847 453 921; x_wconf 74' lang='lat' dir='ltr'><strong>intelligunt,</strong></span> <span class='ocrx_word' id='word_1_62' title='bbox 470 844 677 906; x_wconf 89' lang='lat' dir='ltr'><strong>conditionalis</strong></span> <span class='ocrx_word' id='word_1_63' title='bbox 697 860 770 904; x_wconf 88' lang='lat' dir='ltr'><strong>vero</strong></span> <span class='ocrx_word' id='word_1_64' title='bbox 783 849 829 902; x_wconf 90' lang='lat' dir='ltr'><strong>est</strong></span> <span class='ocrx_word' id='word_1_65' title='bbox 842 841 902 914; x_wconf 90' lang='lat' dir='ltr'><strong>illa,</strong></span> <span class='ocrx_word' id='word_1_66' title='bbox 916 857 984 917; x_wconf 71' lang='lat' dir='ltr'><strong>quae</strong></span> <span class='ocrx_word' id='word_1_67' title='bbox 1003 840 1036 898; x_wconf 87' lang='lat' dir='ltr'><strong>lit</strong></span> <span class='ocrx_word' id='word_1_68' title='bbox 1048 839 1099 898; x_wconf 87' lang='lat' dir='ltr'><strong>sub</strong></span> <span class='ocrx_word' id='word_1_69' title='bbox 1111 835 1155 896; x_wconf 90' lang='lat' dir='ltr'><strong>ali·</strong></span> 
     </span>
     <span class='ocr_line' id='line_1_9' title="bbox 148 929 1156 1010; baseline -0.009 -17"><span class='ocrx_word' id='word_1_70' title='bbox 148 951 208 1010; x_wconf 92' lang='lat' dir='ltr'><strong>qua</strong></span> <span class='ocrx_word' id='word_1_71' title='bbox 220 933 400 1008; x_wconf 88' lang='lat' dir='ltr'><strong>conditione,</strong></span> <span class='ocrx_word' id='word_1_72' title='bbox 413 940 464 994; x_wconf 92' lang='lat' dir='ltr'><strong>aut</strong></span> <span class='ocrx_word' id='word_1_73' title='bbox 476 933 577 1006; x_wconf 91' lang='lat' dir='ltr'><strong>modo,</strong></span> <span class='ocrx_word' id='word_1_74' title='bbox 593 938 644 992; x_wconf 92' lang='lat' dir='ltr'><strong>aut</strong></span> <span class='ocrx_word' id='word_1_75' title='bbox 658 938 757 1010; x_wconf 89' lang='lat' dir='ltr'><strong>pacto,</strong></span> <span class='ocrx_word' id='word_1_76' title='bbox 772 937 805 989; x_wconf 89' lang='lat' dir='ltr'><strong>ut</strong></span> <span class='ocrx_word' id='word_1_77' title='bbox 819 929 908 990; x_wconf 85' lang='lat' dir='ltr'><strong>sitiat</strong></span> <span class='ocrx_word' id='word_1_78' title='bbox 922 929 952 987; x_wconf 93' lang='lat' dir='ltr'><strong>in</strong></span> <span class='ocrx_word' id='word_1_79' title='bbox 968 929 1096 987; x_wconf 82' lang='lat' dir='ltr'><strong>favorem</strong></span> <span class='ocrx_word' id='word_1_80' title='bbox 1107 932 1156 984; x_wconf 86' lang='lat' dir='ltr'><strong>ter·</strong></span> 
     </span>
     <span class='ocr_line' id='line_1_10' title="bbox 148 1015 1156 1098; baseline -0.011 -16"><span class='ocrx_word' id='word_1_81' title='bbox 148 1022 191 1093; x_wconf 90' lang='lat' dir='ltr'><strong>tii,</strong></span> <span class='ocrx_word' id='word_1_82' title='bbox 202 1028 254 1082; x_wconf 92' lang='lat' dir='ltr'><strong>aut</strong></span> <span class='ocrx_word' id='word_1_83' title='bbox 268 1023 324 1082; x_wconf 88' lang='lat' dir='ltr'><strong>suh</strong></span> <span class='ocrx_word' id='word_1_84' title='bbox 335 1021 538 1082; x_wconf 73' lang='lat' dir='ltr'><strong>reservatione</strong></span> <span class='ocrx_word' id='word_1_85' title='bbox 548 1021 771 1098; x_wconf 90' lang='lat' dir='ltr'><strong>pensionis,aut</strong></span> <span class='ocrx_word' id='word_1_86' title='bbox 780 1034 870 1078; x_wconf 89' lang='lat' dir='ltr'><strong>causa</strong></span> <span class='ocrx_word' id='word_1_87' title='bbox 879 1015 1106 1094; x_wconf 77' lang='lat' dir='ltr'><strong>permutationis,</strong></span> <span class='ocrx_word' id='word_1_88' title='bbox 1115 1018 1156 1072; x_wconf 87' lang='lat' dir='ltr'><strong>aut</strong></span> 
     </span>
     <span class='ocr_line' id='line_1_11' title="bbox 148 1107 1001 1188; baseline -0.007 -17"><span class='ocrx_word' id='word_1_89' title='bbox 148 1128 219 1172; x_wconf 90' lang='lat' dir='ltr'><strong>cum</strong></span> <span class='ocrx_word' id='word_1_90' title='bbox 227 1112 296 1188; x_wconf 84' lang='lat' dir='ltr'><strong>J&#39;ure</strong></span> <span class='ocrx_word' id='word_1_91' title='bbox 313 1128 479 1188; x_wconf 80' lang='lat' dir='ltr'><strong>regressus,</strong></span> <span class='ocrx_word' id='word_1_92' title='bbox 493 1111 542 1172; x_wconf 88' lang='lat' dir='ltr'><strong>vel</strong></span> <span class='ocrx_word' id='word_1_93' title='bbox 554 1111 717 1186; x_wconf 83' lang='lat' dir='ltr'><strong>ingressus,</strong></span> <span class='ocrx_word' id='word_1_94' title='bbox 730 1107 778 1170; x_wconf 91' lang='lat' dir='ltr'><strong>vel</strong></span> <span class='ocrx_word' id='word_1_95' title='bbox 792 1123 932 1169; x_wconf 87' lang='lat' dir='ltr'><strong>accessus</strong></span> <span class='ocrx_word' id='word_1_96' title='bbox 946 1110 958 1178; x_wconf 88' lang='lat'>(</span> <span class='ocrx_word' id='word_1_97' title='bbox 979 1112 1001 1180; x_wconf 89' lang='lat'><strong>).</strong></span> 
     </span>
    </p>
   </div>
   <div class='ocr_carea' id='block_1_3' title="bbox 141 1247 1199 2370">
    <p class='ocr_par' dir='ltr' id='par_1_3' title="bbox 141 1247 1199 2370">
     <span class='ocr_line' id='line_1_12' title="bbox 177 1247 1152 1323; baseline -0.009 -15"><span class='ocrx_word' id='word_1_98' title='bbox 177 1257 212 1321; x_wconf 91' lang='lat' dir='ltr'><strong>(l)</strong></span> <span class='ocrx_word' id='word_1_99' title='bbox 226 1257 308 1309; x_wconf 82' lang='lat' dir='ltr'><strong>Clam.</strong></span> <span class='ocrx_word' id='word_1_100' title='bbox 326 1255 473 1310; x_wconf 77' lang='lat' dir='ltr'><strong>Multorum</strong></span> <span class='ocrx_word' id='word_1_101' title='bbox 492 1256 526 1308; x_wconf 88' lang='lat' dir='ltr'><strong>de</strong></span> <span class='ocrx_word' id='word_1_102' title='bbox 538 1264 611 1323; x_wconf 75' lang='lat' dir='ltr'><strong>paon.</strong></span> <span class='ocrx_word' id='word_1_103' title='bbox 626 1283 657 1294; x_wconf 91' lang='lat'>—</span> <span class='ocrx_word' id='word_1_104' title='bbox 670 1255 705 1320; x_wconf 82' lang='lat' dir='ltr'><strong>(t)</strong></span> <span class='ocrx_word' id='word_1_105' title='bbox 720 1254 855 1319; x_wconf 86' lang='lat' dir='ltr'><strong>Zallingar</strong></span> <span class='ocrx_word' id='word_1_106' title='bbox 869 1253 902 1306; x_wconf 86' lang='lat' dir='ltr'><strong>de</strong></span> <span class='ocrx_word' id='word_1_107' title='bbox 914 1251 1054 1320; x_wconf 80' lang='lat' dir='ltr'><strong>praebend.</strong></span> <span class='ocrx_word' id='word_1_108' title='bbox 1070 1265 1096 1302; x_wconf 92' lang='lat' dir='ltr'><strong>n.</strong></span> <span class='ocrx_word' id='word_1_109' title='bbox 1109 1247 1152 1302; x_wconf 80' lang='lat' dir='ltr'><strong>sti.</strong></span> 
     </span>
     <span class='ocr_line' id='line_1_13' title="bbox 145 1324 1156 1394; baseline -0.008 -15"><span class='ocrx_word' id='word_1_110' title='bbox 145 1355 178 1366; x_wconf 93' lang='lat'>—</span> <span class='ocrx_word' id='word_1_111' title='bbox 195 1329 231 1394; x_wconf 83' lang='lat'><strong>(3)</strong></span> <span class='ocrx_word' id='word_1_112' title='bbox 245 1329 358 1380; x_wconf 77' lang='lat' dir='ltr'><strong>Etiamsi</strong></span> <span class='ocrx_word' id='word_1_113' title='bbox 372 1328 574 1379; x_wconf 77' lang='lat' dir='ltr'><strong>matrimonium</strong></span> <span class='ocrx_word' id='word_1_114' title='bbox 597 1331 670 1380; x_wconf 88' lang='lat' dir='ltr'><strong>asset</strong></span> <span class='ocrx_word' id='word_1_115' title='bbox 691 1326 850 1378; x_wconf 87' lang='lat' dir='ltr'><strong>invalidum.</strong></span> <span class='ocrx_word' id='word_1_116' title='bbox 872 1325 936 1390; x_wconf 80' lang='lat' dir='ltr'><strong>Gap.</strong></span> <span class='ocrx_word' id='word_1_117' title='bbox 960 1325 986 1384; x_wconf 82' lang='lat'><strong>4,</strong></span> <span class='ocrx_word' id='word_1_118' title='bbox 1004 1324 1037 1376; x_wconf 89' lang='lat' dir='ltr'><strong>da</strong></span> <span class='ocrx_word' id='word_1_119' title='bbox 1050 1325 1101 1388; x_wconf 87' lang='lat' dir='ltr'><strong>big.</strong></span> <span class='ocrx_word' id='word_1_120' title='bbox 1112 1335 1156 1372; x_wconf 89' lang='lat' dir='ltr'><strong>non</strong></span> 
     </span>
     <span class='ocr_line' id='line_1_14' title="bbox 148 1391 1199 1466; baseline -0.009 -16"><span class='ocrx_word' id='word_1_121' title='bbox 148 1399 206 1450; x_wconf 89' lang='lat' dir='ltr'><strong>ord.</strong></span> <span class='ocrx_word' id='word_1_122' title='bbox 222 1426 251 1438; x_wconf 92' lang='lat'>-</span> <span class='ocrx_word' id='word_1_123' title='bbox 266 1399 301 1464; x_wconf 86' lang='lat' dir='ltr'><strong>(i)</strong></span> <span class='ocrx_word' id='word_1_124' title='bbox 314 1399 416 1451; x_wconf 79' lang='lat' dir='ltr'><strong>Taliter</strong></span> <span class='ocrx_word' id='word_1_125' title='bbox 431 1399 514 1452; x_wconf 89' lang='lat' dir='ltr'><strong>etiam</strong></span> <span class='ocrx_word' id='word_1_126' title='bbox 526 1399 680 1453; x_wconf 85' lang='lat' dir='ltr'><strong>consentire</strong></span> <span class='ocrx_word' id='word_1_127' title='bbox 701 1397 818 1460; x_wconf 87' lang='lat' dir='ltr'><strong>videtur,</strong></span> <span class='ocrx_word' id='word_1_128' title='bbox 837 1397 885 1462; x_wconf 83' lang='lat' dir='ltr'><strong>qui</strong></span> <span class='ocrx_word' id='word_1_129' title='bbox 903 1396 1045 1461; x_wconf 88' lang='lat' dir='ltr'><strong>pacificam</strong></span> <span class='ocrx_word' id='word_1_130' title='bbox 1063 1391 1157 1446; x_wconf 86' lang='lat' dir='ltr'><strong>secundi</strong></span> <span class='ocrx_word' id='word_1_131' title='bbox 1198 1429 1199 1466; x_wconf 51' lang='lat'><strong>,</strong></span> 
     </span>
     <span class='ocr_line' id='line_1_15' title="bbox 149 1463 1199 1535; baseline -0.008 -14"><span class='ocrx_word' id='word_1_132' title='bbox 149 1469 275 1522; x_wconf 80' lang='lat' dir='ltr'><strong>beneficii</strong></span> <span class='ocrx_word' id='word_1_133' title='bbox 288 1469 498 1534; x_wconf 88' lang='lat' dir='ltr'><strong>incompatibilis</strong></span> <span class='ocrx_word' id='word_1_134' title='bbox 507 1470 706 1535; x_wconf 85' lang='lat' dir='ltr'><strong>possessionem</strong></span> <span class='ocrx_word' id='word_1_135' title='bbox 716 1468 899 1533; x_wconf 89' lang='lat' dir='ltr'><strong>consequitur.</strong></span> <span class='ocrx_word' id='word_1_136' title='bbox 914 1467 981 1532; x_wconf 84' lang='lat' dir='ltr'><strong>Gap.</strong></span> <span class='ocrx_word' id='word_1_137' title='bbox 989 1467 1030 1531; x_wconf 72' lang='grc'><strong>18,</strong></span> <span class='ocrx_word' id='word_1_138' title='bbox 1040 1465 1072 1517; x_wconf 91' lang='lat' dir='ltr'><strong>de</strong></span> <span class='ocrx_word' id='word_1_139' title='bbox 1079 1463 1158 1530; x_wconf 69' lang='lat' dir='ltr'><strong>praba</strong></span> <span class='ocrx_word' id='word_1_140' title='bbox 1198 1519 1199 1522; x_wconf 8' lang='grc' dir='ltr'><strong>Ἴ</strong></span> 
     </span>
     <span class='ocr_line' id='line_1_16' title="bbox 149 1533 1199 1608; baseline -0.01 -16"><span class='ocrx_word' id='word_1_141' title='bbox 149 1544 227 1592; x_wconf 83' lang='lat' dir='ltr'><strong>extra</strong></span> <span class='ocrx_word' id='word_1_142' title='bbox 247 1554 327 1592; x_wconf 86' lang='lat' dir='ltr'><strong>casus</strong></span> <span class='ocrx_word' id='word_1_143' title='bbox 343 1541 474 1592; x_wconf 88' lang='lat' dir='ltr'><strong>tamenin</strong></span> <span class='ocrx_word' id='word_1_144' title='bbox 485 1543 548 1608; x_wconf 85' lang='lat' dir='ltr'><strong>jure</strong></span> <span class='ocrx_word' id='word_1_145' title='bbox 562 1553 704 1606; x_wconf 84' lang='lat' dir='ltr'><strong>expressos</strong></span> <span class='ocrx_word' id='word_1_146' title='bbox 718 1540 799 1591; x_wconf 82' lang='lat' dir='ltr'><strong>tacita</strong></span> <span class='ocrx_word' id='word_1_147' title='bbox 812 1537 980 1593; x_wconf 79' lang='lat' dir='ltr'><strong>renunciatio</strong></span> <span class='ocrx_word' id='word_1_148' title='bbox 994 1551 1048 1588; x_wconf 90' lang='lat' dir='ltr'><strong>non</strong></span> <span class='ocrx_word' id='word_1_149' title='bbox 1060 1533 1159 1586; x_wconf 90' lang='lat' dir='ltr'><strong>admitti·</strong></span> <span class='ocrx_word' id='word_1_150' title='bbox 1198 1533 1199 1536; x_wconf 75' lang='grc'>’</span> 
     </span>
     <span class='ocr_line' id='line_1_17' title="bbox 150 1603 1199 1674; baseline -0.008 -14"><span class='ocrx_word' id='word_1_151' title='bbox 150 1615 214 1660; x_wconf 88' lang='lat' dir='ltr'><strong>tur:</strong></span> <span class='ocrx_word' id='word_1_152' title='bbox 228 1609 287 1662; x_wconf 89' lang='lat' dir='ltr'><strong>ideo</strong></span> <span class='ocrx_word' id='word_1_153' title='bbox 305 1611 442 1662; x_wconf 87' lang='lat' dir='ltr'><strong>Honorius</strong></span> <span class='ocrx_word' id='word_1_154' title='bbox 456 1611 506 1670; x_wconf 86' lang='lat' dir='ltr'><strong>ill,</strong></span> <span class='ocrx_word' id='word_1_155' title='bbox 522 1611 679 1671; x_wconf 84' lang='lat' dir='ltr'><strong>declaravit,</strong></span> <span class='ocrx_word' id='word_1_156' title='bbox 696 1623 729 1661; x_wconf 84' lang='lat' dir='ltr'><strong>ex</strong></span> <span class='ocrx_word' id='word_1_157' title='bbox 742 1611 822 1664; x_wconf 82' lang='lat' dir='ltr'><strong>facto.</strong></span> <span class='ocrx_word' id='word_1_158' title='bbox 838 1621 890 1674; x_wconf 87' lang='lat' dir='ltr'><strong>quo</strong></span> <span class='ocrx_word' id='word_1_159' title='bbox 905 1605 1041 1660; x_wconf 80' lang='lat' dir='ltr'><strong>Praelatus</strong></span> <span class='ocrx_word' id='word_1_160' title='bbox 1054 1605 1156 1658; x_wconf 82' lang='lat' dir='ltr'><strong>subditos</strong></span> <span class='ocrx_word' id='word_1_161' title='bbox 1198 1603 1199 1608; x_wconf 77' lang='grc'>’</span> 
     </span>
     <span class='ocr_line' id='line_1_18' title="bbox 151 1674 1157 1747; baseline -0.009 -16"><span class='ocrx_word' id='word_1_162' title='bbox 151 1693 216 1732; x_wconf 86' lang='lat' dir='ltr'><strong>suos</strong></span> <span class='ocrx_word' id='word_1_163' title='bbox 229 1681 264 1731; x_wconf 91' lang='lat' dir='ltr'><strong>ab</strong></span> <span class='ocrx_word' id='word_1_164' title='bbox 279 1679 433 1732; x_wconf 86' lang='lat' dir='ltr'><strong>obedientia</strong></span> <span class='ocrx_word' id='word_1_165' title='bbox 447 1681 573 1744; x_wconf 86' lang='lat' dir='ltr'><strong>absolvit,</strong></span> <span class='ocrx_word' id='word_1_166' title='bbox 590 1684 650 1747; x_wconf 87' lang='lat' dir='ltr'><strong>ejus</strong></span> <span class='ocrx_word' id='word_1_167' title='bbox 665 1681 895 1734; x_wconf 87' lang='lat' dir='ltr'><strong>renunciationem</strong></span> <span class='ocrx_word' id='word_1_168' title='bbox 909 1693 964 1730; x_wconf 91' lang='lat' dir='ltr'><strong>non</strong></span> <span class='ocrx_word' id='word_1_169' title='bbox 979 1690 1058 1744; x_wconf 89' lang='lat' dir='ltr'><strong>posse</strong></span> <span class='ocrx_word' id='word_1_170' title='bbox 1071 1674 1157 1728; x_wconf 88' lang='lat' dir='ltr'><strong>deduci.</strong></span> 
     </span>
     <span class='ocr_line' id='line_1_19' title="bbox 153 1751 1158 1815; baseline -0.008 -13"><span class='ocrx_word' id='word_1_171' title='bbox 153 1751 218 1814; x_wconf 87' lang='lat' dir='ltr'><strong>Cap.</strong></span> <span class='ocrx_word' id='word_1_172' title='bbox 232 1751 269 1813; x_wconf 84' lang='lat' dir='ltr'><strong>li,</strong></span> <span class='ocrx_word' id='word_1_173' title='bbox 280 1751 313 1802; x_wconf 87' lang='lat' dir='ltr'><strong>da</strong></span> <span class='ocrx_word' id='word_1_174' title='bbox 328 1754 433 1802; x_wconf 88' lang='lat' dir='ltr'><strong>renunt.</strong></span> <span class='ocrx_word' id='word_1_175' title='bbox 448 1779 479 1790; x_wconf 86' lang='lat'><strong>--</strong></span> <span class='ocrx_word' id='word_1_176' title='bbox 493 1753 528 1815; x_wconf 89' lang='lat'><strong>(5)</strong></span> <span class='ocrx_word' id='word_1_177' title='bbox 541 1753 703 1804; x_wconf 85' lang='lat' dir='ltr'><strong>Beneficium</strong></span> <span class='ocrx_word' id='word_1_178' title='bbox 719 1752 864 1802; x_wconf 85' lang='lat' dir='ltr'><strong>dimittitur</strong></span> <span class='ocrx_word' id='word_1_179' title='bbox 877 1764 939 1802; x_wconf 89' lang='lat' dir='ltr'><strong>cum</strong></span> <span class='ocrx_word' id='word_1_180' title='bbox 950 1752 1016 1814; x_wconf 84' lang='lat' dir='ltr'><strong>jure</strong></span> <span class='ocrx_word' id='word_1_181' title='bbox 1030 1757 1158 1813; x_wconf 85' lang='lat' dir='ltr'><strong>regressus,</strong></span> 
     </span>
     <span class='ocr_line' id='line_1_20' title="bbox 153 1815 1160 1890; baseline -0.01 -16"><span class='ocrx_word' id='word_1_182' title='bbox 153 1823 177 1874; x_wconf 82' lang='lat' dir='ltr'><strong>si</strong></span> <span class='ocrx_word' id='word_1_183' title='bbox 192 1821 225 1884; x_wconf 89' lang='lat' dir='ltr'><strong>is,</strong></span> <span class='ocrx_word' id='word_1_184' title='bbox 239 1823 286 1888; x_wconf 83' lang='lat' dir='ltr'><strong>qui</strong></span> <span class='ocrx_word' id='word_1_185' title='bbox 298 1821 417 1884; x_wconf 86' lang='lat' dir='ltr'><strong>dimittit,</strong></span> <span class='ocrx_word' id='word_1_186' title='bbox 425 1824 472 1887; x_wconf 85' lang='lat' dir='ltr'><strong>jus</strong></span> <span class='ocrx_word' id='word_1_187' title='bbox 489 1823 541 1874; x_wconf 88' lang='lat' dir='ltr'><strong>sibi</strong></span> <span class='ocrx_word' id='word_1_188' title='bbox 556 1828 677 1876; x_wconf 84' lang='lat' dir='ltr'><strong>reservet</strong></span> <span class='ocrx_word' id='word_1_189' title='bbox 692 1821 726 1874; x_wconf 91' lang='lat' dir='ltr'><strong>ad</strong></span> <span class='ocrx_word' id='word_1_190' title='bbox 741 1823 829 1890; x_wconf 88' lang='lat' dir='ltr'><strong>ipsum</strong></span> <span class='ocrx_word' id='word_1_191' title='bbox 847 1821 990 1880; x_wconf 84' lang='lat' dir='ltr'><strong>redeundi,</strong></span> <span class='ocrx_word' id='word_1_192' title='bbox 1003 1820 1051 1872; x_wconf 88' lang='lat' dir='ltr'><strong>uhi</strong></span> <span class='ocrx_word' id='word_1_193' title='bbox 1061 1819 1112 1880; x_wconf 90' lang='lat' dir='ltr'><strong>ille,</strong></span> <span class='ocrx_word' id='word_1_194' title='bbox 1124 1815 1160 1866; x_wconf 87' lang='lat' dir='ltr'><strong>cui</strong></span> 
     </span>
     <span class='ocr_line' id='line_1_21' title="bbox 155 1889 1199 1960; baseline -0.008 -16"><span class='ocrx_word' id='word_1_195' title='bbox 155 1893 300 1956; x_wconf 83' lang='lat' dir='ltr'><strong>confertur,</strong></span> <span class='ocrx_word' id='word_1_196' title='bbox 315 1894 505 1958; x_wconf 79' lang='lat' dir='ltr'><strong>praemoriatur</strong></span> <span class='ocrx_word' id='word_1_197' title='bbox 523 1912 530 1953; x_wconf 71' lang='grc' dir='ltr'>ι</span> <span class='ocrx_word' id='word_1_198' title='bbox 546 1909 606 1945; x_wconf 88' lang='lat' dir='ltr'><strong>cum</strong></span> <span class='ocrx_word' id='word_1_199' title='bbox 621 1897 684 1960; x_wconf 86' lang='lat' dir='ltr'><strong>jure</strong></span> <span class='ocrx_word' id='word_1_200' title='bbox 706 1896 854 1958; x_wconf 76' lang='lat' dir='ltr'><strong>ingressus¹</strong></span> <span class='ocrx_word' id='word_1_201' title='bbox 870 1893 893 1943; x_wconf 91' lang='lat' dir='ltr'><strong>si</strong></span> <span class='ocrx_word' id='word_1_202' title='bbox 907 1893 940 1960; x_wconf 84' lang='lat' dir='ltr'><strong>is,</strong></span> <span class='ocrx_word' id='word_1_203' title='bbox 955 1893 1005 1957; x_wconf 85' lang='lat' dir='ltr'><strong>qui</strong></span> <span class='ocrx_word' id='word_1_204' title='bbox 1020 1891 1097 1942; x_wconf 90' lang='lat' dir='ltr'><strong>habet</strong></span> <span class='ocrx_word' id='word_1_205' title='bbox 1107 1889 1159 1938; x_wconf 90' lang='lat' dir='ltr'><strong>titu-</strong></span> <span class='ocrx_word' id='word_1_206' title='bbox 1198 1891 1199 1894; x_wconf 75' lang='grc'>’</span> 
     </span>
     <span class='ocr_line' id='line_1_22' title="bbox 154 1959 1199 2028; baseline -0.006 -14"><span class='ocrx_word' id='word_1_207' title='bbox 154 1963 220 2022; x_wconf 89' lang='lat' dir='ltr'><strong>lum,</strong></span> <span class='ocrx_word' id='word_1_208' title='bbox 231 1967 293 2014; x_wconf 87' lang='lat' dir='ltr'><strong>anta</strong></span> <span class='ocrx_word' id='word_1_209' title='bbox 308 1963 432 2026; x_wconf 85' lang='lat' dir='ltr'><strong>adeptam</strong></span> <span class='ocrx_word' id='word_1_210' title='bbox 445 1965 644 2028; x_wconf 86' lang='lat' dir='ltr'><strong>possessionem</strong></span> <span class='ocrx_word' id='word_1_211' title='bbox 654 1964 815 2016; x_wconf 85' lang='lat' dir='ltr'><strong>beneficium</strong></span> <span class='ocrx_word' id='word_1_212' title='bbox 826 1963 969 2015; x_wconf 87' lang='lat' dir='ltr'><strong>renunciat</strong></span> <span class='ocrx_word' id='word_1_213' title='bbox 979 1963 1057 2014; x_wconf 88' lang='lat' dir='ltr'><strong>alteri</strong></span> <span class='ocrx_word' id='word_1_214' title='bbox 1067 1974 1095 2012; x_wconf 89' lang='lat' dir='ltr'><strong>aa</strong></span> <span class='ocrx_word' id='word_1_215' title='bbox 1106 1959 1159 2021; x_wconf 86' lang='lat' dir='ltr'><strong>lage,</strong></span> <span class='ocrx_word' id='word_1_216' title='bbox 1198 1961 1199 1968; x_wconf 78' lang='grc'>’</span> 
     </span>
     <span class='ocr_line' id='line_1_23' title="bbox 153 2031 1159 2098; baseline -0.009 -13"><span class='ocrx_word' id='word_1_217' title='bbox 153 2040 193 2098; x_wconf 89' lang='lat' dir='ltr'><strong>ut,</strong></span> <span class='ocrx_word' id='word_1_218' title='bbox 207 2047 239 2085; x_wconf 90' lang='lat' dir='ltr'><strong>eo</strong></span> <span class='ocrx_word' id='word_1_219' title='bbox 252 2040 367 2092; x_wconf 89' lang='lat' dir='ltr'><strong>mortuo,</strong></span> <span class='ocrx_word' id='word_1_220' title='bbox 390 2035 476 2098; x_wconf 87' lang='lat' dir='ltr'><strong>possit</strong></span> <span class='ocrx_word' id='word_1_221' title='bbox 498 2048 548 2086; x_wconf 85' lang='lat' dir='ltr'><strong>sua</strong></span> <span class='ocrx_word' id='word_1_222' title='bbox 570 2037 729 2086; x_wconf 87' lang='lat' dir='ltr'><strong>auctoritate</strong></span> <span class='ocrx_word' id='word_1_223' title='bbox 749 2035 911 2086; x_wconf 84' lang='lat' dir='ltr'><strong>heneficium</strong></span> <span class='ocrx_word' id='word_1_224' title='bbox 925 2033 1035 2098; x_wconf 87' lang='lat' dir='ltr'><strong>ingredi</strong></span> <span class='ocrx_word' id='word_1_225' title='bbox 1049 2049 1056 2093; x_wconf 81' lang='lat'>3</span> <span class='ocrx_word' id='word_1_226' title='bbox 1071 2031 1159 2082; x_wconf 89' lang='lat' dir='ltr'><strong>demun</strong></span> 
     </span>
     <span class='ocr_line' id='line_1_24' title="bbox 154 2100 1160 2172; baseline -0.004 -18"><span class='ocrx_word' id='word_1_227' title='bbox 154 2117 215 2156; x_wconf 86' lang='lat' dir='ltr'><strong>com</strong></span> <span class='ocrx_word' id='word_1_228' title='bbox 228 2106 291 2168; x_wconf 84' lang='lat' dir='ltr'><strong>jure</strong></span> <span class='ocrx_word' id='word_1_229' title='bbox 305 2117 440 2164; x_wconf 84' lang='lat' dir='ltr'><strong>accessus,</strong></span> <span class='ocrx_word' id='word_1_230' title='bbox 460 2105 484 2156; x_wconf 88' lang='lat' dir='ltr'><strong>si</strong></span> <span class='ocrx_word' id='word_1_231' title='bbox 507 2106 569 2172; x_wconf 89' lang='lat' dir='ltr'><strong>quis</strong></span> <span class='ocrx_word' id='word_1_232' title='bbox 591 2107 753 2161; x_wconf 79' lang='lat' dir='ltr'><strong>beneficium</strong></span> <span class='ocrx_word' id='word_1_233' title='bbox 776 2106 897 2157; x_wconf 86' lang='lat' dir='ltr'><strong>obtineat</strong></span> <span class='ocrx_word' id='word_1_234' title='bbox 915 2119 966 2170; x_wconf 91' lang='lat' dir='ltr'><strong>pro</strong></span> <span class='ocrx_word' id='word_1_235' title='bbox 981 2105 1034 2156; x_wconf 88' lang='lat' dir='ltr'><strong>alio</strong></span> <span class='ocrx_word' id='word_1_236' title='bbox 1048 2100 1160 2154; x_wconf 80' lang='lat' dir='ltr'><strong>abaetis</strong></span> 
     </span>
     <span class='ocr_line' id='line_1_25' title="bbox 141 2168 1160 2242; baseline -0.003 -16"><span class='ocrx_word' id='word_1_237' title='bbox 141 2175 377 2240; x_wconf 85' lang='lat' dir='ltr'><strong>&#39;impedimentum</strong></span> <span class='ocrx_word' id='word_1_238' title='bbox 401 2177 529 2241; x_wconf 87' lang='lat' dir='ltr'><strong>incapaca</strong></span> <span class='ocrx_word' id='word_1_239' title='bbox 546 2191 578 2229; x_wconf 87' lang='lat' dir='ltr'><strong>oa</strong></span> <span class='ocrx_word' id='word_1_240' title='bbox 595 2177 664 2242; x_wconf 88' lang='lat' dir='ltr'><strong>lege,</strong></span> <span class='ocrx_word' id='word_1_241' title='bbox 679 2181 710 2228; x_wconf 89' lang='lat' dir='ltr'><strong>ut</strong></span> <span class='ocrx_word' id='word_1_242' title='bbox 723 2176 923 2242; x_wconf 87' lang='lat' dir='ltr'><strong>quamprimum</strong></span> <span class='ocrx_word' id='word_1_243' title='bbox 943 2175 990 2227; x_wconf 91' lang='lat' dir='ltr'><strong>hic</strong></span> <span class='ocrx_word' id='word_1_244' title='bbox 1012 2179 1092 2240; x_wconf 76' lang='lat' dir='ltr'><strong>capax</strong></span> <span class='ocrx_word' id='word_1_245' title='bbox 1109 2168 1160 2222; x_wconf 75' lang='lat' dir='ltr'><strong>eiia-</strong></span> 
     </span>
     <span class='ocr_line' id='line_1_26' title="bbox 141 2241 1199 2368; baseline -0.008 -70"><span class='ocrx_word' id='word_1_246' title='bbox 141 2250 213 2298; x_wconf 86' lang='lat' dir='ltr'><strong>&#39;otus</strong></span> <span class='ocrx_word' id='word_1_247' title='bbox 227 2245 317 2368; x_wconf 50' lang='lat' dir='ltr'><strong>lueriis</strong></span> <span class='ocrx_word' id='word_1_248' title='bbox 331 2247 417 2312; x_wconf 78' lang='lat' dir='ltr'><strong>possit</strong></span> <span class='ocrx_word' id='word_1_249' title='bbox 432 2247 564 2300; x_wconf 85' lang='lat' dir='ltr'><strong>beneficio</strong></span> <span class='ocrx_word' id='word_1_250' title='bbox 578 2248 716 2307; x_wconf 85' lang='lat' dir='ltr'><strong>accedere,</strong></span> <span class='ocrx_word' id='word_1_251' title='bbox 733 2251 761 2300; x_wconf 89' lang='lat' dir='ltr'><strong>et</strong></span> <span class='ocrx_word' id='word_1_252' title='bbox 774 2247 828 2299; x_wconf 83' lang='lat' dir='ltr'><strong>sibi</strong></span> <span class='ocrx_word' id='word_1_253' title='bbox 844 2247 952 2299; x_wconf 82' lang='lat' dir='ltr'><strong>habere.</strong></span> <span class='ocrx_word' id='word_1_254' title='bbox 964 2247 1078 2310; x_wconf 88' lang='lat' dir='ltr'><strong>Ptrhing</strong></span> <span class='ocrx_word' id='word_1_255' title='bbox 1087 2242 1116 2296; x_wconf 86' lang='lat' dir='ltr'><strong>de</strong></span> <span class='ocrx_word' id='word_1_256' title='bbox 1128 2253 1160 2291; x_wconf 88' lang='lat' dir='ltr'><strong>ra·</strong></span> <span class='ocrx_word' id='word_1_257' title='bbox 1198 2241 1199 2244; x_wconf 76' lang='grc'>’</span> 
     </span>
     <span class='ocr_line' id='line_1_27' title="bbox 153 2319 1041 2370; baseline -0.003 -2"><span class='ocrx_word' id='word_1_258' title='bbox 153 2321 272 2370; x_wconf 76' lang='lat' dir='ltr'><strong>nuato.</strong></span> <span class='ocrx_word' id='word_1_259' title='bbox 290 2319 326 2369; x_wconf 64' lang='lat' dir='ltr'><strong>l‘.</strong></span> <span class='ocrx_word' id='word_1_260' title='bbox 486 2352 491 2359; x_wconf 79' lang='lat'>·</span> <span class='ocrx_word' id='word_1_261' title='bbox 1040 2351 1041 2354; x_wconf 22' lang='grc' dir='ltr'>ι</span> 
     </span>
    </p>
   </div>
   <div class='ocr_carea' id='block_1_4' title="bbox 79 2495 1199 3639">
    <p class='ocr_par' dir='ltr' id='par_1_4' title="bbox 142 2495 1199 3190">
     <span class='ocr_line' id='line_1_28' title="bbox 191 2495 1162 2572; baseline -0.006 -16"><span class='ocrx_word' id='word_1_262' title='bbox 191 2501 253 2556; x_wconf 72' lang='lat' dir='ltr'><strong>ill.</strong></span> <span class='ocrx_word' id='word_1_263' title='bbox 268 2500 301 2560; x_wconf 92' lang='lat' dir='ltr'><strong>in</strong></span> <span class='ocrx_word' id='word_1_264' title='bbox 314 2495 445 2572; x_wconf 88' lang='lat' dir='ltr'><strong>qualibet</strong></span> <span class='ocrx_word' id='word_1_265' title='bbox 457 2495 689 2556; x_wconf 86' lang='lat' dir='ltr'><strong>renunciationis</strong></span> <span class='ocrx_word' id='word_1_266' title='bbox 704 2495 805 2571; x_wconf 90' lang='lat' dir='ltr'><strong>specie</strong></span> <span class='ocrx_word' id='word_1_267' title='bbox 815 2497 895 2571; x_wconf 75' lang='lat' dir='ltr'><strong>iusta</strong></span> <span class='ocrx_word' id='word_1_268' title='bbox 910 2496 1000 2557; x_wconf 85' lang='lat' dir='ltr'><strong>debet</strong></span> <span class='ocrx_word' id='word_1_269' title='bbox 1013 2509 1100 2556; x_wconf 86' lang='lat' dir='ltr'><strong>eausa</strong></span> <span class='ocrx_word' id='word_1_270' title='bbox 1108 2503 1162 2550; x_wconf 88' lang='lat' dir='ltr'><strong>oon·</strong></span> 
     </span>
     <span class='ocr_line' id='line_1_29' title="bbox 156 2579 1199 2662; baseline 0.003 -18"><span class='ocrx_word' id='word_1_271' title='bbox 156 2601 288 2659; x_wconf 86' lang='lat' dir='ltr'><strong>currere,</strong></span> <span class='ocrx_word' id='word_1_272' title='bbox 319 2603 357 2645; x_wconf 90' lang='lat' dir='ltr'><strong>ne</strong></span> <span class='ocrx_word' id='word_1_273' title='bbox 382 2592 495 2645; x_wconf 89' lang='lat' dir='ltr'><strong>temere</strong></span> <span class='ocrx_word' id='word_1_274' title='bbox 516 2585 612 2646; x_wconf 86' lang='lat' dir='ltr'><strong>solvat</strong></span> <span class='ocrx_word' id='word_1_275' title='bbox 638 2583 802 2662; x_wconf 80' lang='lat' dir='ltr'><strong>Episcopus</strong></span> <span class='ocrx_word' id='word_1_276' title='bbox 824 2583 977 2661; x_wconf 88' lang='lat' dir='ltr'><strong>spirituale</strong></span> <span class='ocrx_word' id='word_1_277' title='bbox 999 2579 1160 2658; x_wconf 59' lang='lat' dir='ltr'><strong>coniugium,</strong></span> <span class='ocrx_word' id='word_1_278' title='bbox 1198 2633 1199 2639; x_wconf 15' lang='grc' dir='ltr'>ι</span> 
     </span>
     <span class='ocr_line' id='line_1_30' title="bbox 157 2672 1199 2748; baseline -0.001 -16"><span class='ocrx_word' id='word_1_279' title='bbox 157 2673 237 2748; x_wconf 91' lang='lat' dir='ltr'><strong>quod</strong></span> <span class='ocrx_word' id='word_1_280' title='bbox 250 2690 321 2734; x_wconf 88' lang='lat' dir='ltr'><strong>cum</strong></span> <span class='ocrx_word' id='word_1_281' title='bbox 334 2690 389 2733; x_wconf 87' lang='lat' dir='ltr'><strong>sua</strong></span> <span class='ocrx_word' id='word_1_282' title='bbox 399 2673 483 2733; x_wconf 89' lang='lat' dir='ltr'><strong>inivit</strong></span> <span class='ocrx_word' id='word_1_283' title='bbox 492 2673 622 2736; x_wconf 82' lang='lat' dir='ltr'><strong>Ecclesia</strong></span> <span class='ocrx_word' id='word_1_284' title='bbox 632 2677 684 2745; x_wconf 86' lang='lat' dir='ltr'><strong>(t),</strong></span> <span class='ocrx_word' id='word_1_285' title='bbox 698 2678 749 2732; x_wconf 91' lang='lat' dir='ltr'><strong>aut</strong></span> <span class='ocrx_word' id='word_1_286' title='bbox 762 2673 885 2732; x_wconf 86' lang='lat' dir='ltr'><strong>inferior</strong></span> <span class='ocrx_word' id='word_1_287' title='bbox 898 2672 1089 2732; x_wconf 75' lang='lat' dir='ltr'><strong>beneficiatos</strong></span> <span class='ocrx_word' id='word_1_288' title='bbox 1097 2681 1162 2726; x_wconf 88' lang='lat' dir='ltr'><strong>mer·</strong></span> <span class='ocrx_word' id='word_1_289' title='bbox 1198 2727 1199 2731; x_wconf 75' lang='grc'>,</span> 
     </span>
     <span class='ocr_line' id='line_1_31' title="bbox 156 2755 1199 2837; baseline 0.001 -17"><span class='ocrx_word' id='word_1_290' title='bbox 156 2761 347 2822; x_wconf 85' lang='lat' dir='ltr'><strong>cenariorum</strong></span> <span class='ocrx_word' id='word_1_291' title='bbox 358 2778 445 2821; x_wconf 85' lang='lat' dir='ltr'><strong>more</strong></span> <span class='ocrx_word' id='word_1_292' title='bbox 463 2761 622 2822; x_wconf 90' lang='lat' dir='ltr'><strong>stationem</strong></span> <span class='ocrx_word' id='word_1_293' title='bbox 636 2761 691 2820; x_wconf 87' lang='lat' dir='ltr'><strong>sibi</strong></span> <span class='ocrx_word' id='word_1_294' title='bbox 710 2760 854 2822; x_wconf 87' lang='lat' dir='ltr'><strong>creditam</strong></span> <span class='ocrx_word' id='word_1_295' title='bbox 874 2761 1060 2837; x_wconf 83' lang='lat' dir='ltr'><strong>vilipendere</strong></span> <span class='ocrx_word' id='word_1_296' title='bbox 1080 2755 1162 2816; x_wconf 77' lang='lat' dir='ltr'><strong>videt·</strong></span> <span class='ocrx_word' id='word_1_297' title='bbox 1198 2781 1199 2821; x_wconf 64' lang='grc' dir='ltr'><em>ς</em></span> 
     </span>
     <span class='ocr_line' id='line_1_32' title="bbox 157 2839 1199 2926; baseline 0.002 -18"><span class='ocrx_word' id='word_1_298' title='bbox 157 2855 217 2908; x_wconf 85' lang='lat' dir='ltr'><strong>tur.</strong></span> <span class='ocrx_word' id='word_1_299' title='bbox 230 2849 403 2922; x_wconf 89' lang='lat' dir='ltr'><strong>ilujusmodi</strong></span> <span class='ocrx_word' id='word_1_300' title='bbox 420 2866 522 2909; x_wconf 85' lang='lat' dir='ltr'><strong>causae</strong></span> <span class='ocrx_word' id='word_1_301' title='bbox 541 2865 599 2925; x_wconf 92' lang='lat' dir='ltr'><strong>pro</strong></span> <span class='ocrx_word' id='word_1_302' title='bbox 619 2849 820 2926; x_wconf 75' lang='lat' dir='ltr'><strong>resignatione</strong></span> <span class='ocrx_word' id='word_1_303' title='bbox 841 2849 1058 2926; x_wconf 87' lang='lat' dir='ltr'><strong>Episcoporum</strong></span> <span class='ocrx_word' id='word_1_304' title='bbox 1070 2839 1163 2908; x_wconf 77' lang='lat' dir='ltr'><strong>deseri·</strong></span> <span class='ocrx_word' id='word_1_305' title='bbox 1198 2907 1199 2910; x_wconf 74' lang='grc'>,</span> 
     </span>
     <span class='ocr_line' id='line_1_33' title="bbox 157 2933 1196 3014; baseline 0.004 -20"><span class='ocrx_word' id='word_1_306' title='bbox 157 2935 270 2995; x_wconf 87' lang='lat' dir='ltr'><strong>buntur</strong></span> <span class='ocrx_word' id='word_1_307' title='bbox 287 2936 325 2994; x_wconf 89' lang='lat' dir='ltr'><strong>ab</strong></span> <span class='ocrx_word' id='word_1_308' title='bbox 338 2937 510 2997; x_wconf 89' lang='lat' dir='ltr'><strong>innocentio</strong></span> <span class='ocrx_word' id='word_1_309' title='bbox 524 2943 562 2998; x_wconf 97' lang='grc'><strong>111</strong></span> <span class='ocrx_word' id='word_1_310' title='bbox 577 2939 615 2998; x_wconf 91' lang='lat' dir='ltr'><strong>ad</strong></span> <span class='ocrx_word' id='word_1_311' title='bbox 629 2938 891 3014; x_wconf 73' lang='lat' dir='ltr'><strong>arehiepiscopum</strong></span> <span class='ocrx_word' id='word_1_312' title='bbox 906 2938 1100 2998; x_wconf 79' lang='lat' dir='ltr'><strong>calaritanum</strong></span> <span class='ocrx_word' id='word_1_313' title='bbox 1111 2933 1159 3005; x_wconf 77' lang='lat' dir='ltr'><strong>(l),</strong></span> <span class='ocrx_word' id='word_1_314' title='bbox 1194 2979 1196 2986; x_wconf 42' lang='grc' dir='ltr'>ι</span> 
     </span>
     <span class='ocr_line' id='line_1_34' title="bbox 158 3023 1199 3103; baseline 0 -21"><span class='ocrx_word' id='word_1_315' title='bbox 158 3023 209 3098; x_wconf 88' lang='lat' dir='ltr'><strong>qui</strong></span> <span class='ocrx_word' id='word_1_316' title='bbox 222 3023 360 3099; x_wconf 83' lang='lat' dir='ltr'><strong>Episcopi</strong></span> <span class='ocrx_word' id='word_1_317' title='bbox 374 3024 606 3100; x_wconf 81' lang='lat' dir='ltr'><strong>resignationem</strong></span> <span class='ocrx_word' id='word_1_318' title='bbox 618 3027 746 3088; x_wconf 87' lang='lat' dir='ltr'><strong>admittit</strong></span> <span class='ocrx_word' id='word_1_319' title='bbox 762 3032 903 3103; x_wconf 89' lang='lat' dir='ltr'><strong>:propter</strong></span> <span class='ocrx_word' id='word_1_320' title='bbox 918 3027 1097 3086; x_wconf 78' lang='lat' dir='ltr'><strong>debilitatem</strong></span> <span class='ocrx_word' id='word_1_321' title='bbox 1109 3033 1179 3080; x_wconf 84' lang='lat' dir='ltr'><strong>cor·¹</strong></span> <span class='ocrx_word' id='word_1_322' title='bbox 1198 3067 1199 3070; x_wconf 22' lang='grc' dir='ltr'>ι</span> 
     </span>
     <span class='ocr_line' id='line_1_35' title="bbox 142 3103 1164 3190; baseline -0.004 -16"><span class='ocrx_word' id='word_1_323' title='bbox 142 3110 250 3188; x_wconf 44' lang='lat' dir='ltr'><strong>&amp;poris</strong></span> <span class='ocrx_word' id='word_1_324' title='bbox 264 3119 388 3188; x_wconf 87' lang='lat' dir='ltr'><strong>propter</strong></span> <span class='ocrx_word' id='word_1_325' title='bbox 402 3114 551 3174; x_wconf 87' lang='lat' dir='ltr'><strong>deiectum</strong></span> <span class='ocrx_word' id='word_1_326' title='bbox 563 3115 846 3190; x_wconf 65' lang='lat' dir='ltr'><strong>scientim-propter</strong></span> <span class='ocrx_word' id='word_1_327' title='bbox 856 3114 1071 3176; x_wconf 88' lang='lat' dir='ltr'><strong>conscientiam</strong></span> <span class='ocrx_word' id='word_1_328' title='bbox 1083 3103 1164 3172; x_wconf 86' lang='lat' dir='ltr'><strong>orini-</strong></span> 
     </span>
    </p>

    <p class='ocr_par' dir='ltr' id='par_1_5' title="bbox 79 3201 1199 3542">
     <span class='ocr_line' id='line_1_36' title="bbox 79 3201 1199 3285; baseline -0.001 -24"><span class='ocrx_word' id='word_1_329' title='bbox 79 3265 84 3285; x_wconf 85' lang='lat'><strong>.</strong></span> <span class='ocrx_word' id='word_1_330' title='bbox 141 3201 498 3278; x_wconf 73' lang='lat' dir='ltr'><strong>-nisquodepiscopalis</strong></span> <span class='ocrx_word' id='word_1_331' title='bbox 511 3203 668 3278; x_wconf 86' lang='lat' dir='ltr'><strong>potestatis</strong></span> <span class='ocrx_word' id='word_1_332' title='bbox 691 3203 868 3264; x_wconf 83' lang='lat' dir='ltr'><strong>exercitium</strong></span> <span class='ocrx_word' id='word_1_333' title='bbox 890 3203 1042 3279; x_wconf 89' lang='lat' dir='ltr'><strong>impediat,</strong></span> <span class='ocrx_word' id='word_1_334' title='bbox 1059 3201 1164 3279; x_wconf 81' lang='lat' dir='ltr'><strong>propter</strong></span> <span class='ocrx_word' id='word_1_335' title='bbox 1198 3241 1199 3248; x_wconf 35' lang='grc' dir='ltr'>ι</span> 
     </span>
     <span class='ocr_line' id='line_1_37' title="bbox 157 3282 1163 3368; baseline -0.006 -18"><span class='ocrx_word' id='word_1_336' title='bbox 157 3288 403 3366; x_wconf 82' lang='lat' dir='ltr'><strong>irregularitatem</strong></span> <span class='ocrx_word' id='word_1_337' title='bbox 417 3305 565 3366; x_wconf 85' lang='lat' dir='ltr'><strong>personae,</strong></span> <span class='ocrx_word' id='word_1_338' title='bbox 580 3298 704 3367; x_wconf 87' lang='lat' dir='ltr'><strong>propter</strong></span> <span class='ocrx_word' id='word_1_339' title='bbox 727 3291 868 3352; x_wconf 88' lang='lat' dir='ltr'><strong>malitiam</strong></span> <span class='ocrx_word' id='word_1_340' title='bbox 889 3289 985 3368; x_wconf 90' lang='lat' dir='ltr'><strong>plebis</strong></span> <span class='ocrx_word' id='word_1_341' title='bbox 997 3282 1163 3352; x_wconf 78' lang='lat' dir='ltr'><strong>adversantis</strong></span> 
     </span>
     <span class='ocr_line' id='line_1_38' title="bbox 160 3380 1162 3456; baseline 0.001 -16"><span class='ocrx_word' id='word_1_342' title='bbox 160 3387 321 3456; x_wconf 88' lang='lat' dir='ltr'><strong>pastorem,</strong></span> <span class='ocrx_word' id='word_1_343' title='bbox 332 3386 365 3439; x_wconf 89' lang='lat' dir='ltr'><strong>et</strong></span> <span class='ocrx_word' id='word_1_344' title='bbox 374 3385 498 3456; x_wconf 86' lang='lat' dir='ltr'><strong>propter</strong></span> <span class='ocrx_word' id='word_1_345' title='bbox 511 3380 686 3440; x_wconf 87' lang='lat' dir='ltr'><strong>scandalum</strong></span> <span class='ocrx_word' id='word_1_346' title='bbox 699 3384 751 3454; x_wconf 82' lang='lat'><strong>(3).</strong></span> <span class='ocrx_word' id='word_1_347' title='bbox 767 3381 898 3456; x_wconf 73' lang='lat' dir='ltr'><strong>Reliquae</strong></span> <span class='ocrx_word' id='word_1_348' title='bbox 911 3395 985 3441; x_wconf 87' lang='lat' dir='ltr'><strong>vero</strong></span> <span class='ocrx_word' id='word_1_349' title='bbox 995 3395 1089 3442; x_wconf 82' lang='lat' dir='ltr'><strong>causae</strong></span> <span class='ocrx_word' id='word_1_350' title='bbox 1101 3388 1162 3451; x_wconf 67' lang='lat' dir='ltr'><strong>prae·</strong></span> 
     </span>
     <span class='ocr_line' id='line_1_39' title="bbox 161 3464 1199 3542; baseline 0.006 -16"><span class='ocrx_word' id='word_1_351' title='bbox 161 3475 206 3528; x_wconf 89' lang='lat' dir='ltr'><strong>ter</strong></span> <span class='ocrx_word' id='word_1_352' title='bbox 217 3468 288 3528; x_wconf 84' lang='lat' dir='ltr'><strong>istae</strong></span> <span class='ocrx_word' id='word_1_353' title='bbox 306 3484 362 3542; x_wconf 85' lang='lat' dir='ltr'><strong>pro</strong></span> <span class='ocrx_word' id='word_1_354' title='bbox 380 3467 554 3529; x_wconf 84' lang='lat' dir='ltr'><strong>inleriomm</strong></span> <span class='ocrx_word' id='word_1_355' title='bbox 565 3468 773 3529; x_wconf 86' lang='lat' dir='ltr'><strong>ministrorum</strong></span> <span class='ocrx_word' id='word_1_356' title='bbox 789 3467 1015 3531; x_wconf 86' lang='lat' dir='ltr'><strong>renunciatione</strong></span> <span class='ocrx_word' id='word_1_357' title='bbox 1038 3464 1163 3528; x_wconf 77' lang='lat' dir='ltr'><strong>exiiben·</strong></span> <span class='ocrx_word' id='word_1_358' title='bbox 1198 3491 1199 3532; x_wconf 77' lang='lat'>1</span> 
     </span>
    </p>

    <p class='ocr_par' dir='ltr' id='par_1_6' title="bbox 141 3555 1199 3639">
     <span class='ocr_line' id='line_1_40' title="bbox 141 3555 1199 3639; baseline 0.004 -25"><span class='ocrx_word' id='word_1_359' title='bbox 141 3560 210 3614; x_wconf 81' lang='lat' dir='ltr'><strong>--tm</strong></span> <span class='ocrx_word' id='word_1_360' title='bbox 222 3574 241 3614; x_wconf 88' lang='lat' dir='ltr'><strong>a</strong></span> <span class='ocrx_word' id='word_1_361' title='bbox 254 3560 283 3616; x_wconf 84' lang='lat' dir='ltr'><strong>S.</strong></span> <span class='ocrx_word' id='word_1_362' title='bbox 296 3557 347 3617; x_wconf 82' lang='lat' dir='ltr'><strong>Pio</strong></span> <span class='ocrx_word' id='word_1_363' title='bbox 360 3561 382 3618; x_wconf 87' lang='lat' dir='ltr'><strong>v</strong></span> <span class='ocrx_word' id='word_1_364' title='bbox 394 3557 442 3619; x_wconf 82' lang='lat' dir='ltr'><strong>nis</strong></span> <span class='ocrx_word' id='word_1_365' title='bbox 456 3555 555 3618; x_wconf 87' lang='lat' dir='ltr'><strong>verbis</strong></span> <span class='ocrx_word' id='word_1_366' title='bbox 568 3573 719 3634; x_wconf 84' lang='lat' dir='ltr'><strong>expressae</strong></span> <span class='ocrx_word' id='word_1_367' title='bbox 733 3576 741 3620; x_wconf 93' lang='lat'>:</span> <span class='ocrx_word' id='word_1_368' title='bbox 754 3557 920 3639; x_wconf 80' lang='lat' dir='ltr'><strong>Episcopi...</strong></span> <span class='ocrx_word' id='word_1_369' title='bbox 937 3555 1163 3621; x_wconf 72' lang='lat' dir='ltr'><strong>emundante</strong></span> <span class='ocrx_word' id='word_1_370' title='bbox 1198 3601 1199 3618; x_wconf 52' lang='grc' dir='ltr'>ι</span> 
     </span>
    </p>
   </div>
   <div class='ocr_carea' id='block_1_5' title="bbox 0 0 1227 4068">
    <p class='ocr_par' dir='ltr' id='par_1_7' title="bbox 0 0 1227 4068">
     <span class='ocr_line' id='line_1_41' title="bbox 0 0 1227 4068; baseline 0 0"><span class='ocrx_word' id='word_1_371' title='bbox 0 0 1227 4068; x_wconf 95' lang='lat' dir='ltr'><strong> </strong></span> 
     </span>
    </p>
   </div>
  </div>
 </body>
</html>
