2410 4068
493 707 699 792 nunnius
738 707 854 791 xxn.

455 967 491 1012 n!
505 967 710 1014 nmsslotonnn
723 967 886 1014 incisione.

161 1163 325 1216 suumomni:
346 1165 400 1218 565.
420 1166 482 1226 Quot
501 1165 576 1218 modia
587 1165 610 1216 ln
622 1164 818 1229 omerobeneioii
832 1167 921 1220 emutio
934 1166 1069 1231 continuati
1081 1193 1108 1202 —
1125 1165 1167 1216 ott.

193 1235 252 1294 chcl
265 1236 371 1301 importet
387 1237 465 1301 reputo
476 1237 619 1290 memiana
633 1236 662 1287 dc
679 1237 756 1288 annali
767 1239 919 1302 possessore?
929 1267 960 1276 —
972 1238 1030 1289 567.
1045 1235 1169 1300 outonepla
1195 1283 1196 1288 ,

195 1306 223 1358 de
237 1307 359 1360 incenati?
372 1335 403 1346 ·-
416 1309 471 1360 568.
489 1307 551 1368 Quot
568 1307 642 1360 modis
654 1309 772 1373 continget
785 1309 896 1373 inspecte
909 1309 1073 1362 beneficorum
1084 1305 1169 1358 meoet

193 1406 225 1416 —
245 1379 300 1430 569.
317 1379 413 1438 Quando
428 1381 466 1445 jus
487 1379 634 1443 privationem
654 1379 746 1431 inducat
758 1384 850 1446 propter
864 1375 964 1432 tamum?
979 1409 1012 1418 -
1026 1381 1079 1430 oto.
1092 1377 1169 1438 Quanto

195 1453 288 1514 propter
298 1449 422 1502 delictum?
433 1478 463 1488 -
476 1451 531 1502 571.
545 1451 694 1510 Quaolonam
702 1451 824 1516 episcopus
833 1456 901 1516 queat
913 1465 954 1518 per
966 1451 1100 1502 sententiam
1108 1461 1170 1515 quen·

79 1529 81 1533 '
192 1522 253 1588 piam
272 1520 383 1574 beneficio
396 1521 500 1587 privaret
517 1549 547 1562 -
560 1523 614 1574 ott.
634 1522 701 1581 omo
713 1523 744 1574 sit
757 1523 877 1575 mmmmm
891 1523 951 1575 inter
970 1523 1103 1576 sententiam
1114 1519 1170 1572 delle

194 1592 343 1658 ratoriamet
356 1593 580 1648 condemnationem?

1196 1709 1197 1742 l

199 1771 263 1830 565.
283 1767 400 1844 Triplici
415 1770 506 1829 modo
520 1769 550 1830 in
563 1786 674 1845 genere
685 1769 832 1832 beneficia
843 1787 951 1831 vacare
965 1771 1113 1840 dicuntur,
1126 1767 1172 1828 sei·

164 1857 234 1918 licet
246 1857 285 1917 de
297 1858 377 1920 iacto
389 1863 514 1931 tentum,
525 1859 563 1918 de
573 1861 639 1934 June
649 1865 773 1932 tantum,
787 1859 825 1918 de
835 1859 942 1934 juneet
955 1857 997 1918 de
1006 1853 1172 1926 iactosimnl,

164 1955 255 2022 prout
269 1952 373 2006 carent
386 1963 572 2022 possessore,
583 1953 635 2018 aut
646 1946 852 2024 proprietario,
868 1954 919 2008 aut
930 1955 1070 2024 utroque.
1081 1951 1173 2006 Revera

166 2035 307 2096 (licuntur
320 2051 428 2094 vacere
443 2035 480 2096 de
493 2036 571 2096 laeto
588 2043 712 2110 tontum,
729 2053 799 2098 oum
813 2053 902 2097 nemo
913 2043 972 2110 est,
994 2036 1046 2112 qui
1058 2041 1121 2096 actu
1131 2032 1173 2092 be·
1197 2038 1198 2110 l

164 2123 306 2186 neticium
319 2123 480 2197 possideat,
500 2125 548 2184 vel
559 2124 628 2200 quia
641 2119 885 2187 habens'titulum
903 2143 921 2184 a
937 2125 1123 2200 possessione
1135 2137 1173 2180 oe·
1197 2115 1198 2188 l

165 2209 246 2283 cidit,
263 2218 296 2270 ut
309 2210 455 2287 contingit
474 2211 504 2270 in
519 2229 565 2285 eo,
583 2213 633 2288 qui
646 2213 701 2272 tuit
720 2212 829 2290 injuste
846 2213 1028 2272 abeneticio
1042 2211 1173 2287 expulsos¹

166 2299 216 2357 vel
228 2295 298 2373 quia
311 2299 425 2358 habens
440 2300 555 2360 titulum
574 2301 798 2376 possessionem
818 2301 951 2360 nondum
968 2309 1174 2366 salutassemus,

167 2395 201 2446 nt
212 2386 358 2464 contingit
373 2387 403 2447 in
415 2391 522 2462 electo,
534 2395 566 2448 et
580 2389 768 2462 confirmato,
784 2389 879 2466 quiin
894 2391 1085 2466 corporalem
1102 2388 1175 2445 bene

168 2475 228 2536 ticli
243 2476 462 2556 possessionem
477 2479 611 2538 nondum
624 2477 774 2538 immissus
787 2479 850 2541 luit.
874 2483 943 2541 Haec
953 2478 1071 2538 vocato
1084 2477 1175 2550 impro-

169 2565 234 2640 prie
248 2573 309 2625 est:
325 2566 513 2642 nequeenim
527 2583 582 2642 per
592 2582 658 2626 eam
678 2566 856 2634 beneficium
874 2572 925 2626 aut
938 2566 1068 2626 ecclesia
1078 2563 1177 2623 viduato

169 2656 203 2713 tit
218 2671 226 2726 ;
245 2653 373 2730 ideoque
391 2655 551 2727 collationi,
570 2662 621 2714 ant
639 2653 816 2716 institutioni
831 2657 916 2718 locus
931 2671 999 2715 esse
1014 2672 1075 2714 non
1088 2657 1176 2729 potest.

170 2743 281 2802 Deinde
301 2743 446 2803 beiteticia
466 2743 605 2803 dicuntur
622 2759 731 2804 vacere
747 2743 785 2804 de
799 2745 1007 2819 inremotam,
1027 2759 1095 2802 cum
1111 2739 1178 2797 adest

170 2829 301 2906 quidem,
323 2831 374 2908 qui
393 2832 572 2892 heneficium
593 2831 735 2908 possidet,
751 2833 805 2894 sed
823 2850 884 2892 non
898 2831 989 2892 habet
1003 2832 1125 2898 titulum,
1140 2829 1179 2884 aut

165 2918 217 2992 jus
231 2917 411 2994 possidendi,
430 2921 511 2996 quod
534 2919 666 2996 contigit,
691 2921 716 2978 si
740 2923 863 2980 collator
885 2938 946 2980 non
967 2921 1077 2984 habeat
1096 2914 1178 2976 conse

171 3005 257 3064 rendi
280 3014 468 3081 potestatem,
488 3015 539 3068 ent
559 3016 716 3084 promotus
734 3009 898 3084 recipiendi
920 3007 1122 3085 capacitatem,
1141 3003 1180 3060 aut

173 3094 238 3166 ipse
254 3102 410 3168 promotus
424 3114 441 3155 a
456 3098 526 3173 jure,
537 3095 673 3159 beneficii
687 3097 787 3172 aliquo
799 3098 891 3157 modo
903 3096 1056 3156 ceciderit.
1067 3100 1130 3154 ltaec
1141 3105 1179 3146 va·

173 3180 250 3240 catio
266 3182 387 3258 propria
400 3197 446 3244 est
461 3205 467 3244 :
483 3202 622 3262 mamper
639 3204 706 3246 cem
725 3185 852 3245 ecclesia
865 3185 984 3246 viduata
997 3185 1041 3258 nt,
1062 3189 1092 3242 et
1107 3181 1180 3238 bent-

173 3268 275 3330 tioium
290 3279 389 3346 potest
402 3273 487 3333 alteri
501 3275 647 3347 conlerni3
664 3275 754 3334 immo
766 3273 823 3332 nisi
836 3273 913 3334 intra
926 3279 1071 3334 statutum
1083 3277 1182 3341 tempus

174 3359 354 3435 conseratur,
374 3360 412 3421 ad
433 3361 618 3437 superiorem
644 3361 795 3422 devolutio
815 3365 858 3422 tlt.
885 3361 1080 3422 Nihilominus
1104 3365 1183 3416 novus

175 3459 331 3522 promotus
348 3449 378 3509 in
397 3453 544 3510 actualem
562 3451 699 3512 beneficii
713 3447 935 3526 possessionem
956 3447 1072 3510 immitti
1086 3439 1181 3536 nequit

176 3535 234 3594 nisi
246 3537 329 3611 prins
346 3545 470 3598 vocatus
491 3539 539 3613 sit,
558 3545 588 3600 et
608 3540 727 3600 auditus
741 3542 916 3616 praecedens
933 3535 1131 3606 beneficiatus,
1143 3543 1182 3604 qm
