2432 4078
527 249 684 306 ..333-

88 373 124 434 tis
136 373 245 434 efficax
265 387 327 433 nou
347 372 391 445 ut,
409 370 466 431 nisi
487 375 613 447 sequuta
632 369 770 430 donantis
791 373 898 444 morte,
914 369 983 445 quia
1004 368 1109 446 quiite

88 463 190 536 donat,
209 461 303 538 magis
321 462 386 538 lpse
405 476 470 520 rem
490 460 601 521 habere
616 460 688 533 vult,
705 475 795 536 quam
807 458 979 519 donatarius
985 475 994 531 3
1014 475 1109 534 quaro

88 551 131 611 sic
143 551 262 610 donans
279 555 379 626 potest
397 548 588 609 donationem
606 563 795 624 quocumque
809 555 942 624 tempore
955 563 1109 622 revocare,

87 639 130 700 uti
143 655 335 715 quocumque
348 641 493 714 tempore,
509 637 580 696 dum
593 636 675 710 vivit,
690 641 788 712 potest
803 641 1010 696 testamentum
1023 650 1112 696 suum

89 735 218 801 mutare,
232 733 262 788 et
275 743 337 786 non
350 727 511 803 requiritur
524 725 580 785 alia
594 735 693 797 causa,
710 740 799 802 quam
811 723 950 784 donantis
961 726 1110 798 voluntas,

90 833 169 894 quae,
187 821 223 876 ut
244 815 348 876 dicunt
366 815 581 892 jurisconsulti,
602 813 802 874 ambulatoria
820 819 861 872 est
884 829 972 889 saper
1000 820 1112 872 terram

90 921 242 982 qwmqtae
254 905 334 965 viad.
349 909 391 965 lle
404 905 462 965 hac
476 903 637 964 donatione
650 918 773 980 agemus
785 902 872 976 inira,
886 901 937 961 ubi
955 899 1113 978 delegatis
1202 897 1207 910 “

92 1009 192 1054 sermo
204 992 271 1054 erit.
1057 1012 1059 1014 ·

127 1085 193 1142 659.
208 1079 333 1140 Donatio
346 1079 424 1140 inter
437 1079 521 1140 vivos
534 1079 643 1140 elllcax
656 1084 702 1140 est
715 1095 733 1138 a
746 1078 804 1152 die,
816 1095 876 1155 quo
884 1074 939 1138 init
948 1083 1113 1154 acceptata,

93 1187 133 1230 ex
141 1187 204 1247 quo
215 1169 392 1246 regulariter
401 1187 462 1228 non
472 1167 1017 1246 potestampliusrevocari:nndehaec
1026 1169 1115 1227 dona·

72 1307 77 1318 .
92 1257 134 1320 tio
145 1257 265 1318 definiri
275 1264 385 1335 potest,
395 1257 510 1318 collatio
523 1258 568 1318 rei
577 1257 660 1317 licita
672 1257 761 1318 elteri
773 1273 809 1318 aar
823 1256 996 1318 iiberalitate
1005 1258 1115 1318 irrevo-

93 1345 226 1408 cabiliter
234 1349 314 1422 secta
322 1351 373 1418 (l).
382 1352 452 1407 ltuae
461 1353 530 1408 sunt
538 1346 697 1422 praecipuae
706 1347 795 1422 huius
808 1345 975 1406 donationis
988 1345 1117 1421 species.

92 1435 239 1496 Dividitur
250 1433 329 1495 enim
340 1435 437 1511 primo
450 1433 480 1494 in
493 1434 615 1506 realem,
630 1434 946 1509 conresuscitaret
960 1433 1117 1495 manentia

93 1524 210 1598 colera
224 1540 294 1584 cum
312 1540 374 1582 nou
393 1523 478 1583 adest
496 1524 541 1584 rei
558 1522 686 1598 traditio,
701 1523 755 1584 sed
774 1529 889 1584 tantum
902 1523 1031 1599 partium
1044 1537 1118 1583 con·

92 1613 209 1687 ventio,
225 1612 337 1672 scilicet
349 1611 508 1688 promissio
522 1612 621 1688 nnius,
635 1618 666 1673 et
679 1613 845 1689 acceptatio
859 1612 993 1675 alterius:
1006 1611 1055 1673 illa
1068 1611 1120 1672 dat

90 1704 143 1779 jus
152 1701 184 1760 iu
194 1717 240 1775 re,
250 1701 335 1762 atrei
346 1700 510 1763 dominium
520 1719 559 1762 ex
569 1702 714 1764 donatore
727 1701 757 1762 in
769 1702 957 1764 donatarium
966 1703 1117 1776 tmnsfertt

93 1792 163 1852 haec
178 1796 280 1851 autem
294 1790 346 1850 dat
358 1791 455 1850 solmn
475 1792 524 1868 jus
545 1790 584 1850 ad
603 1807 678 1866 rem,
693 1809 748 1852 seu
772 1791 919 1852 actionem
934 1791 1121 1867 personalem

94 1879 257 1941 donatario
269 1886 373 1940 contra
382 1880 557 1941 donatorem
571 1881 609 1940 ad
621 1880 718 1957 ipsam
730 1897 806 1955 rem,
815 1882 863 1941 vel
875 1881 939 1956 eius
951 1879 1122 1940 aestimatio·

95 1985 171 2030 nem
189 1968 392 2028 obtinendam.
419 1968 562 2029 Dividitur
582 1971 726 2043 secundo,
742 1969 774 2029 in
794 1969 983 2030 donationem
1006 1969 1123 2046 proprie

96 2059 223 2132 dictam,
232 2058 399 2134 quaudoex
408 2075 492 2118 mera
500 2058 674 2118 liberalitate
685 2057 921 2119 etmuniflcentia
928 2059 1063 2135 procedit
1069 2060 1121 2132 (2);

96 2148 129 2208 in
149 2145 346 2207 donationem
365 2147 644 2217 remuneratorium,
664 2147 784 2224 quando
804 2147 838 2206 fit
858 2164 914 2222 pro
937 2145 1061 2222 metilia,
1077 2145 1124 2206 rel

98 2233 259 2300 beneflciis
276 2236 407 2312 acceptis
428 2239 485 2310 (3);
501 2242 531 2296 et
546 2235 577 2294 in
592 2236 784 2296 donatiouem
801 2235 989 2312 reciprocant,
1004 2235 1124 2312 quando

98 2331 209 2405 partes
222 2319 333 2402 aliquid
346 2323 476 2386 vicissim
489 2324 546 2384 sibi
558 2325 671 2384 donant
685 2327 736 2398 (l).

128 2515 171 2583 (l)
186 2513 291 2566 Dicitur
304 2513 421 2586 collatio,
435 2515 514 2568 idest
527 2516 674 2580 concessio,
688 2529 750 2582 qum
766 2529 798 2568 ex
812 2518 889 2582 parte
904 2516 1041 2570 donatoris
1058 2529 1124 2570 con·

97 2588 178 2641 sistit
191 2585 220 2636 in
233 2587 419 2651 promissione,
435 2588 462 2638 et
473 2601 506 2640 ex
518 2591 595 2654 parto
616 2587 750 2640 donatarii
764 2587 792 2638 in
811 2589 1012 2654 acceptatione;
1028 2587 1127 2640 dicitur

96 2659 144 2712 rei
157 2655 250 2717 licite,
260 2658 324 2722 qnia
336 2657 431 2710 illicita
443 2671 494 2710 nec
506 2659 655 2724 sardinea
668 2659 763 2711 donari
775 2665 889 2725 possunt
902 2679 909 2722 t
924 2659 1023 2710 dicitur
1035 2659 1126 2723 altat,

96 2729 171 2796 quia
189 2727 316 2792 importat
333 2731 373 2782 rei
386 2730 588 2782 translationem
604 2730 638 2782 do
652 2744 707 2782 uno
723 2731 751 2782 in
765 2730 897 2792 alterum3
921 2730 1021 2783 dicitur
1039 2745 1071 2784 aa
1091 2729 1126 2782 li·

96 2797 260 2858 beralitate,
282 2799 347 2864 quia
364 2804 405 2852 est
422 2801 499 2852 actus
518 2801 661 2866 gratuitus,
678 2806 706 2852 et
718 2803 790 2868 quod
807 2801 921 2854 debetur
932 2805 995 2868 jure
1008 2801 1128 2868 perlecto

98 2885 163 2925 non
181 2871 271 2934 potest
289 2871 405 2936 amplius
427 2872 543 2933 donari;
564 2871 661 2923 dicitur
682 2873 791 2926 domum
810 2872 1022 2926 immorabiliter
1043 2873 1128 2939 saeta,

97 2943 175 3012 quia
191 2942 311 2992 rovocari
323 2943 440 3008 amplius
454 2943 556 3009 nequit,
569 2943 622 2994 nisi
635 2957 668 2996 ax
682 2958 764 2996 causa
773 2941 793 2994 ‘a
806 2944 865 3010 lega
882 2946 1005 3011 probata,
1015 2950 1045 2996 ut
1058 2945 1130 2996 infra

96 3012 273 3071 videbimus.
288 3040 319 3050 -
335 3015 370 3078 (t)
383 3015 449 3066 Haec
461 3016 519 3066 sola
534 3013 617 3065 habet
632 3028 724 3066 veram
740 3015 870 3068 rationem
885 3015 1050 3078 donationis;
1067 3027 1131 3066 uam

94 3084 185 3157 qnod
200 3081 317 3136 debatur
332 3085 482 3136 liberalitas
502 3099 556 3136 non
569 3089 619 3137 est.
632 3111 664 3124 -
684 3086 719 3150 (3)
737 3085 804 3138 Haec
821 3087 902 3138 etiam
914 3088 1067 3154 appellatur
1083 3085 1131 3136 do·

95 3157 196 3216 natio,
210 3154 276 3219 quia
287 3157 392 3214 merita,
407 3161 434 3208 et
446 3156 577 3208 beneficia
591 3157 738 3222 rigorosam
751 3157 942 3222 obligationem
957 3173 1012 3211 non
1029 3156 1132 3225 produ·

96 3233 187 3288 mint,
212 3227 261 3281 sed
287 3231 401 3292 mutum,
432 3227 473 3278 uti
498 3226 600 3286 dicunt,
623 3227 813 3292 obligationem
839 3229 1027 3283 antidoralcm.
1055 3227 1133 3289 Quod

96 3303 186 3359 enim
203 3301 244 3353 sic
263 3296 387 3357 debetur,
410 3311 464 3350 non
486 3297 572 3350 oritur
587 3311 620 3350 ex
639 3299 702 3363 jure
717 3299 852 3366 perlecto,
867 3303 894 3351 et
907 3301 966 3352 ideo
988 3298 1059 3362 exigi
1077 3311 1133 3349 non

96 3377 220 3444 potem
236 3370 285 3423 sed
298 3383 347 3437 por
362 3369 533 3421 donationem
550 3367 580 3419 fit
596 3368 717 3420 debitum
733 3371 796 3435 jure
814 3371 941 3436 perlecto,
961 3372 988 3422 et
1007 3367 1134 3434 exigibile

98 3445 251 3502 redditur.
262 3469 295 3480 -
311 3440 348 3506 (l)
361 3442 394 3493 ln
407 3440 458 3494 hac
473 3441 615 3492 donatiana
626 3441 695 3492 illud
707 3441 974 3493 animadvertendum
995 3444 1045 3501 est,
1062 3439 1135 3506 qnod

98 3533 145 3574 ea
157 3529 217 3569 non
232 3512 346 3579 requirit
359 3525 450 3564 rerum
461 3511 674 3572 estimationem,
688 3516 716 3567 et
730 3513 920 3580 equalitatem,
935 3527 969 3564 ne
983 3511 1136 3564 substantia

92 3583 284 3648 liberalitatis
302 3586 330 3637 et
342 3581 493 3638 donationis
506 3582 671 3638 excludatur.

970 3696 1009 3750 ta.
