2494 4062
553 219 695 276 ..43-

118 333 171 396 rius
189 336 303 412 citatus,
316 337 445 413 clausus,
461 345 491 400 et
505 339 616 418 'sigillis
636 340 810 420 obsignatus
823 339 854 404 in
869 339 953 407 caris
966 355 1126 404 asservan-

118 419 175 500 dns,
188 432 217 492 ci
230 427 444 496 custodiendus
459 434 585 506 esitii).
651 413 663 432 ⁶

139 609 170 676 lli
186 609 308 662 Ecclesia
322 610 429 677 quidem
448 613 708 678 sem-perexcptavit,
724 616 751 666 et
766 613 943 678 prescripsit,
957 613 1129 669 matrimonia

118 680 212 744 publica
225 683 361 734 celebrari
375 701 382 744 ;
397 683 443 735 sed
456 686 560 736 occulte
573 687 708 737 celebrata
724 687 893 738 matrimonia
909 686 1069 752 quandoque
1080 685 1129 738 nd·

120 753 188 804 nisit.
204 756 350 804 nteruitur
362 769 392 806 es
405 769 465 824 cap.
482 758 493 807 i
509 756 568 816 eti,
583 757 617 809 de
627 755 716 808 claud.
727 757 802 822 desp.
818 770 871 822 quo
884 760 947 819 jure
961 758 1042 808 etiam
1058 771 1130 810 nunc

119 822 285 875 admittuntur
307 825 490 877 matrimonia
501 829 681 879 conscientie.
705 828 757 879 Sed
771 829 916 879 notandum
931 829 1003 892 quod
1022 829 1056 880 cd
1072 841 1130 880 rem

117 895 198 946 scribit
219 895 385 948 Benedictus
401 897 475 960 xlv,
491 899 517 948 in
536 899 591 950 bul.
609 896 684 951 Sulis
699 899 780 958 nobb,
800 899 849 950 ubi
869 898 975 952 asserit.
988 903 1018 950 nt
1041 899 1130 964 pluri-

117 978 179 1015 num
192 967 342 1020 abhorrere
355 981 373 1020 a
387 963 558 1021 momenti
572 970 715 1034 diqnitcie,
729 973 754 1023 cl
777 969 810 1020 ab
837 968 1076 1024 ecclesiasticarum
1093 969 1131 1022 lew

118 1047 172 1100 ram
183 1038 341 1103 prescripto
363 1039 466 1091 occulta
488 1038 541 1092 bec
562 1040 742 1094 matrimonia
761 1039 935 1092 consecutio.
952 1067 979 1081 -
994 1042 1030 1106 (i)
1043 1043 1132 1094 ccum

118 1109 219 1171 probata
234 1123 250 1160 a
265 1109 412 1162 Benedicto
429 1111 502 1170 xiv,
521 1113 548 1162 in
561 1112 606 1163 cit.
622 1112 680 1164 bul.
693 1107 767 1164 Setis
779 1110 860 1172 vobis,
876 1111 904 1160 in
915 1125 969 1176 quc
983 1110 1065 1177 hujus
1075 1125 1130 1164 ma*

117 1179 224 1230 trimonii
238 1181 343 1246 regule
358 1182 510 1241 traduntur,
524 1196 557 1234 ea
567 1187 619 1242 est.
636 1197 696 1234 cnm
710 1183 787 1234 viret
798 1181 909 1234 loemina
930 1182 959 1232 in
971 1181 1058 1246 ligura
1073 1195 1132 1234 nia·

114 1250 222 1302 trimonii
239 1253 352 1317 publice
377 1252 487 1317 degunt,
509 1259 537 1305 ei
557 1255 666 1320 publice
690 1256 820 1321 putantur
838 1254 976 1318 conjuges,
995 1267 1055 1304 cnm
1074 1252 1133 1309 veri

116 1324 291 1374 concubinarii
305 1325 368 1376 sint.
381 1325 470 1378 Nimis
482 1326 555 1376 enim
570 1326 669 1377 durum
689 1331 761 1377 esset
774 1326 829 1375 illis
844 1324 1038 1388 turpitudinem
1060 1337 1133 1390 prn-

63 1421 67 1432 ·
115 1395 211 1444 terirem
222 1395 361 1459 delegere,
376 1400 404 1446 et
423 1397 531 1462 publice
550 1398 751 1450 matrimonium
772 1395 940 1448 contrahere.
957 1397 993 1446 At
1009 1395 1133 1448 Pontiiex

117 1462 313 1525 Ordiuuriorum
322 1467 474 1519 fucultatem
485 1469 723 1534 hmcpermitiendi
731 1467 901 1518 matrimonia
908 1467 942 1518 ed
956 1467 1028 1521 hunc
1040 1480 1134 1520 casnm

115 1549 163 1587 non
181 1540 332 1603 restringit,
348 1553 409 1591 mon
431 1546 460 1590 nt
479 1543 517 1590 eit
534 1543 599 1603 ipsc,
616 1539 666 1592 elii
679 1539 800 1606 ,similem
816 1542 841 1592 ct
863 1539 976 1604 sortasse
997 1537 1134 1603 arpentis·

115 1619 151 1672 rar
161 1621 212 1660 cccc
222 1611 338 1676 possint.
353 1638 380 1648 -
397 1610 433 1675 (3)
447 1613 583 1664 Praeterea
598 1612 788 1677 inquirendum
799 1619 849 1671 est,
860 1625 895 1662 en
909 1612 1001 1674 sponsi
1015 1611 1069 1661 sint
1082 1608 1134 1670 sul.

115 1678 153 1730 rel
164 1680 244 1732 alieni
253 1681 337 1746 jnris,
346 1695 380 1734 en
392 1682 440 1732 ilii
455 1682 581 1741 familiis,
594 1695 712 1748 qricrum
722 1683 824 1748 nuptiis
835 1689 910 1746 peter·
918 1683 992 1745 juste
1003 1681 1134 1732 resistet..

116 1748 145 1799 ln
160 1750 207 1802 boc
227 1766 297 1804 casu
314 1753 474 1804 Ordinarius
498 1754 699 1804 matrimonium
720 1753 884 1804 admittendo
906 1752 1022 1804 liliorum
1040 1752 1135 1803 inobeu

117 1819 236 1873 dienticm
249 1824 389 1890 probaret.
405 1823 454 1875 Cli.
482 1825 567 1891 bulg
593 1826 617 1877 7.
631 1825 825 1890 Inquirendum
846 1825 978 1884 similiter,
994 1837 1030 1874 an
1044 1826 1137 1888 percas

117 1895 313 1946 matrimonium
336 1896 517 1957 conscientie,
532 1896 703 1954 heneficium,
717 1896 760 1946 vel
773 1896 939 1960 pensionem,
954 1894 996 1946 uel
1020 1895 1138 1958 legatum

118 1964 254 2028 possideat,
269 1966 341 2032 quod
355 1967 454 2018 hebeat
467 1981 515 2034 pro
524 1967 675 2022 conditione
690 1971 790 2018 statum
805 1967 955 2024 celibem,
968 1965 1010 2015 vel
1021 1963 1137 2016 viduit·-

118 2035 162 2086 tlsr
175 2036 238 2088 binc
249 2044 359 2088 nocetur
371 2037 486 2089 clericus
500 2039 529 2088 in
544 2039 704 2097 minoribus,
717 2039 772 2088 nisi
784 2038 954 2098 benetlcinm,
968 2037 1011 2087 vel
1029 2035 1137 2100 pensio·

119 2118 173 2157 nem
186 2108 399 2159 ecclesiasticum
413 2109 556 2160 dimiserit.
569 2111 619 2160 iiiii
641 2109 698 2160 bul.
710 2109 786 2168 ibid.;
802 2114 830 2160 et
843 2110 937 2160 euclem
947 2111 1010 2172 jnre
1023 2105 1141 2164 arcenda

121 2177 220 2230 ridetur
231 2179 325 2240 vidua,
338 2193 400 2244 quse
414 2193 431 2230 e
445 2193 493 2230 sno
505 2181 591 2246 primo
606 2181 702 2230 marito
720 2180 838 2244 legatum
851 2179 933 2229 babet
942 2179 993 2230 sub
1010 2177 1140 2229 conditio·

120 2260 150 2298 ne
163 2250 310 2310 viduitatis,
325 2251 378 2300 nisi
394 2251 511 2314 legatum
529 2251 643 2302 liberum
665 2252 820 2303 haeredibus
835 2252 978 2316 relinquet.
995 2278 1025 2288 -
1037 2251 1073 2314 (i)
1088 2251 1140 2302 lte·

121 2319 243 2384 guluritcr
257 2321 293 2372 ad
310 2321 360 2372 hoc
382 2322 552 2388 deputandus
575 2326 615 2374 est
629 2323 697 2374 alter
720 2337 753 2374 ex
770 2323 896 2388 parochis
909 2335 1078 2386 sponsorum.
1092 2319 1141 2386 qui

122 2391 209 2443 notitia
226 2405 416 2459 personarum,
432 2399 459 2442 et
472 2393 639 2462 experientia
658 2395 763 2445 caeteris
778 2394 866 2459 optior
878 2393 1018 2453 videntum
1030 2391 1077 2442 sed
1093 2388 1142 2442 ubi

122 2461 169 2513 alis
182 2462 319 2528 simplicis
343 2463 491 2516 sacerdotis
504 2464 640 2529 deputatio
655 2465 890 2516 acircumstantlis
904 2464 1065 2528 requiratur,
1083 2462 1142 2534 benc

120 2531 171 2584 deri
184 2549 239 2594 nep
250 2538 340 2601 potest
353 2548 370 2585 e
384 2535 515 2597 Perochc,
530 2535 578 2586 sed
592 2538 696 2587 tentum
707 2536 741 2587 eb
756 2535 898 2588 ordinario
909 2535 942 2586 de
952 2547 1069 2600 persons
1079 2546 1141 2598 pro·

121 2603 206 2665 libate,
216 2612 244 2656 et
260 2607 382 2658 doctrina
392 2607 606 2658 commendabili.
615 2607 804 2668 Quilibctvero
815 2607 958 2672 deputatus
968 2604 1048 2656 debet
1058 2618 1142 2670 spon·

122 2688 161 2728 scs
174 2691 295 2736 monere,
306 2683 336 2727 ut
348 2691 425 2730 sucro
438 2678 504 2728 iunii
524 2691 618 2730 eornm
632 2679 734 2742 prolem
749 2677 870 2735 offerant,
885 2682 915 2728 ut
931 2689 991 2728 eam
1005 2681 1143 2742 tamquam

122 2745 264 2812 legitimam
272 2753 426 2814 agnoscant,
438 2763 554 2818 eumque
569 2751 678 2813 pietate,
688 2750 822 2814 bonisque
839 2749 960 2799 moribus
971 2748 1102 2808 imbuent,
1114 2747 1144 2798 et

124 2817 155 2868 ad
165 2820 278 2870 iumiliae
293 2819 365 2870 bona
381 2820 506 2872 habende
521 2819 672 2871 admittent.
687 2820 829 2884 (bibuli
846 2821 860 2870 8
877 2821 936 2880 cib,
951 2823 1015 2870 elut
1027 2819 1154 2884 denique.

123 2895 272 2958 mscepiam
293 2891 398 2956 prolem
414 2892 580 2956 bsptismete
600 2897 784 2956 regeneratam
809 2889 951 2942 ordinario
974 2889 1143 2949 denuncient,

123 2973 179 3018 cnm
191 2969 255 3015 ncta
265 2963 315 3014 loci
326 2966 352 3013 et
367 2965 497 3027 temporis
510 2962 688 3014 administrati
703 2962 883 3026 baptismatis,
893 2965 920 3012 et
932 2961 1037 3014 sincere
1045 2961 1146 3014 indica»

124 3032 190 3084 tione
206 3037 360 3100 parentum.
378 3033 418 3085 ib.
435 3035 448 3098 ξ
465 3033 501 3090 13,
517 3059 548 3072 -
561 3035 598 3097 (5)
612 3033 669 3087 Hoc
688 3033 825 3085 silentium
842 3032 997 3097 impositum
1009 3033 1145 3088 suberete

123 3100 227 3168 legent
240 3106 377 3172 sapienter
397 3103 739 3162 demonsireiFranciscns
763 3104 886 3158 climens
903 3105 932 3155 in
952 3118 1000 3155 suo
1024 3105 1093 3158 libro
1113 3101 1146 3154 dc

124 3175 294 3228 matrimonio
308 3175 483 3232 cenomantico.
503 3175 537 3226 de
551 3177 593 3227 sui
616 3177 714 3226 natura
735 3175 816 3227 debet
830 3189 888 3226 esse
911 3180 1081 3243 perpetuum,
1095 3175 1146 3226 hcc

125 3248 354 3313 obduratusque
377 3247 409 3297 ed
431 3250 544 3298 mortem
558 3249 712 3312 conjugum,
729 3248 756 3297 in
771 3260 887 3312 quorum
901 3247 1018 3298 savorem
1032 3245 1144 3310 imposi-

126 3319 177 3371 tum
191 3319 249 3384 luit,
265 3318 311 3386 qui
331 3327 476 3385 propterea
496 3324 610 3382 possunt
622 3331 792 3384 quocumque
807 3322 927 3382 tempure
941 3318 1075 3370 voluerint
1097 3331 1144 3370 ec-

127 3399 181 3444 rnur
203 3390 405 3448 matrimonium
430 3390 564 3454 evulgare.
589 3389 661 3454 qnod
684 3390 839 3442 conceliiur
862 3390 942 3440 eiiam
970 3389 1147 3446 uiritantem

127 3462 273 3528 conjugum,
300 3461 383 3512 altero
405 3467 582 3526 repugnante.
599 3461 678 3512 Unde
700 3465 762 3530 post
777 3460 917 3526 utriusque
938 3459 1061 3524 conjugis
1074 3471 1147 3516 mor·

127 3532 176 3582 tam
190 3529 353 3586 ordinarius
369 3546 401 3584 ex
414 3531 500 3584 officio
514 3532 596 3584 debet
608 3535 742 3586 secretum
751 3531 950 3583 matrimonium
961 3530 1101 3594 publicum
1112 3531 1149 3582 ia·

129 3615 195 3666 nere,
208 3608 239 3659 nt
256 3607 361 3662 constet
370 3604 441 3658 illics
454 3617 515 3658 esse
529 3604 672 3671 legitimos,
687 3607 714 3657 ei
726 3602 909 3669 legitimorum
919 3601 1029 3667 juribus
1038 3601 1101 3654 inii.
1116 3624 1148 3644 -

1023 3690 1047 3742 i.
