2426 4070
492 169 651 226 ..135-

65 291 184 343 dabantur
197 289 309 355 quidam
331 287 426 342 Gallia
448 289 585 358 episcopi;
600 291 646 342 sed
663 304 735 343 nunc
751 291 786 344 ob
808 291 997 345 concordatum
1010 305 1075 345 aunt

64 364 108 416 tat
122 377 174 428 quo
188 361 307 427 auoque
322 375 477 428 suppressa
491 368 554 414 sunt
567 364 699 416 dioeceses
711 377 771 415 oum
785 364 910 416 omuibus
918 365 1037 430 juribus,
1048 368 1076 418 et

60 435 193 500 privilegiis
206 433 273 493 suis,
289 447 322 484 ao
336 447 413 484 uovae
436 435 597 498 simpliciter
618 439 725 498 arectae,
742 437 848 486 veteres
867 436 1075 487 consuetudines

59 505 234 556 illevidentur
248 505 396 570 abrogata,
410 507 437 556 et
452 519 495 557 ros
511 506 544 557 ad
557 508 602 570 jus
613 520 754 558 commune
766 509 896 558 restituta.
910 536 940 545 -
950 508 984 572 (⁴2)
995 505 1074 560 Unde

58 577 80 628 S.
93 575 263 641 congregatio
277 577 460 640 interrogata:
476 577 540 626 i·an
551 577 700 644 Episcopus
712 576 869 644 dispensare
879 579 966 644 possit
976 579 1004 630 in
1017 579 1074 630 loro

60 647 215 700 conscientiae
228 649 333 697 tantum
350 648 379 698 in
394 647 593 711 impedimentis
610 648 800 699 dirimentibus
821 649 1031 710 matrimonium,
1047 657 1075 700 et

61 724 110 783 post
120 721 179 782 ejus
198 717 421 782 publicationem,
439 731 470 768 ao
492 717 722 770 confirmationem
740 720 868 778 detectis;
890 721 916 771 i·
929 735 962 771 an
978 721 1073 786 possit,

61 789 154 855 quando
171 787 323 852 ignorantia
339 789 522 854 impedimenti
535 792 671 841 concurrit
686 790 713 842 in
727 803 780 841 uno
795 794 899 842 tantum
914 791 1074 842 contrairen-

59 861 129 911 tiuml
154 861 188 912 ad
205 864 353 924 utrumque
372 859 525 927 respondit:
548 861 608 912 Non
627 874 715 926 posse,
731 861 1071 923 seclusoscanda103ideo

57 936 139 998 potest,
148 933 171 982 si
181 930 340 982 scandalum
350 931 428 982 adsit.
440 930 571 982 Similiter
581 932 760 996 interrogata:
776 935 802 980 i·
812 947 847 984 au
860 936 954 998 possit,
965 933 1073 998 quaudo

58 1003 85 1053 ob
96 1015 193 1054 moram
207 1002 341 1054 habendae
355 999 564 1066 dispensationis
584 1007 693 1069 propter
712 1003 868 1056 distantiam
882 1003 1001 1056 locorum
1013 1017 1069 1054 ma·

58 1087 126 1138 gnum
144 1074 254 1125 daretur
278 1073 428 1140 periculum
453 1073 655 1125 incontinentias
679 1077 706 1124 et
729 1075 869 1135 scandali;
888 1076 915 1126 2⁰
930 1088 964 1126 an
980 1075 1074 1139 possit,

57 1147 152 1210 quando
165 1144 386 1210 impedimentum
402 1144 524 1209 provenit
537 1158 570 1195 ex
584 1151 661 1210 parta
676 1145 794 1197 loeminae
803 1158 926 1212 passurae
937 1147 1070 1211 jacturam

25 1273 28 1282 ,
56 1217 117 1279 rite,
132 1217 218 1274 samm,
236 1218 263 1266 et
277 1215 407 1273 scandali,
422 1215 445 1264 si
459 1214 527 1266 illud
546 1215 738 1280 detegeretur?
751 1217 784 1267 ad
799 1219 944 1282 utrumque
961 1229 1072 1281 raspon-

57 1287 106 1337 dit:
121 1287 295 1346 Affirmatire,
311 1286 358 1338 scd
373 1287 460 1352 quoad
475 1287 562 1337 lorum
585 1287 755 1338 conscientias
772 1292 886 1338 tantum.
910 1287 951 1338 lta
972 1287 1001 1337 in
1014 1301 1070 1338 una

57 1357 211 1423 lepitanian.
230 1360 259 1410 ta
273 1358 352 1423 april.
370 1358 438 1410 l69‘2.
453 1358 566 1410 Riothar
587 1358 638 1411 loo.
658 1360 701 1410 cit.
718 1373 744 1410 n.
763 1358 815 1410 iit.
829 1386 857 1398 -
875 1359 910 1424 (3)
925 1359 952 1410 S.
971 1359 1010 1409 Da
1023 1358 1070 1410 Li·

57 1430 120 1492 gorio
133 1430 150 1480 l.
164 1429 187 1492 6,
201 1444 229 1480 n.
245 1430 291 1480 613
306 1435 333 1481 at
350 1429 416 1480 liat.
431 1455 462 1466 ·-
476 1430 511 1494 (l)
526 1429 634 1481 Similes
651 1431 792 1482 facultates
807 1443 942 1482 coracessae
957 1430 1067 1481 luerunt

58 1501 84 1550 de
95 1502 206 1552 triennio
223 1501 251 1550 in
273 1501 417 1552 triennium
439 1500 550 1551 Placido
571 1501 664 1552 llariae
686 1501 782 1552 ladini
800 1501 1003 1567 archiepiscopo
1018 1500 1070 1552 Ge·

57 1573 171 1623 ouensia
190 1573 216 1623 S.
234 1571 448 1632 Poenitentiaria,
466 1571 642 1636 dispensandi
653 1585 732 1638 saper
756 1571 858 1625 occulta
879 1571 1072 1638 impedimenta

58 1643 140 1706 primi,
152 1657 201 1696 nec
217 1655 272 1708 nan
286 1642 371 1708 primi
387 1647 412 1697 et
429 1643 540 1695 secandi
562 1647 673 1696 tantum
689 1643 952 1709 pradasasfinitatis
966 1657 999 1695 aa
1015 1641 1072 1695 itti-

58 1714 103 1766 cita
115 1714 219 1766 carnali
232 1713 326 1778 capula
339 1714 530 1780 provenientis,
543 1713 651 1780 quando
665 1718 764 1780 anatur
777 1715 809 1765 de
822 1714 998 1767 matrimonio
1010 1728 1072 1766 cnm

59 1783 117 1838 diota
129 1783 318 1850 impedimento
336 1787 399 1850 jam
422 1789 599 1838 contracta...
621 1783 690 1838 ltem
707 1784 881 1849 dispensandi
901 1798 982 1849 saper
1000 1785 1072 1838 dioto

59 1855 142 1908 occulta
156 1855 358 1921 lanpedimcnto,
377 1867 422 1906 sen
435 1855 636 1921 impedimentis
656 1853 803 1920 affinitatis
817 1869 849 1907 ea
860 1855 956 1920 copula
970 1855 1070 1907 illicita

59 1926 128 1978 ctiam
141 1927 172 1980 in
192 1925 378 1980 matrimoniis
399 1926 597 1984 contrahendis,
612 1925 721 1992 qnando
744 1930 836 1979 tamen
855 1927 949 1979 amnia
967 1929 1069 1991 parata

59 1997 143 2052 datad
155 1997 276 2064 nuptias,
293 2010 340 2050 neo
359 1997 569 2050 matrimonium
585 1997 683 2063 absque
699 1997 818 2063 pericula
839 1997 930 2062 pranis
945 1995 1069 2049 scandali

59 2068 150 2133 differri
161 2069 284 2134 possit...
305 2066 484 2132 dispensanda·
502 2082 582 2136 saper
601 2067 701 2121 aconito
717 2066 843 2121 criminis
869 2067 1070 2133 impedimento,

60 2139 184 2192 domanda
198 2142 233 2194 sit
243 2139 403 2206 absqaeaila
413 2138 623 2203 machinatione,
633 2144 657 2192 et
669 2143 769 2205 apator
779 2139 811 2190 da
825 2139 1071 2205 matrimoniojam

60 2216 215 2264 contracta...
232 2208 413 2274 dispensandi
429 2211 542 2276 deniqne
560 2224 639 2276 saper
649 2210 839 2275 impedimento
850 2210 926 2263 tertii
937 2215 983 2262 aut
995 2211 1072 2263 tertii

61 2283 181 2347 statarii,
196 2282 237 2334 aet
250 2282 346 2347 quarti
355 2281 486 2347 sintptiois
495 2280 667 2346 productiva
680 2280 817 2346 preducta
827 2281 1071 2346 cansanpninitatis

61 2352 93 2402 orl
109 2353 260 2418 affinitatis,
277 2365 358 2418 snper
373 2365 434 2416 aaa,
455 2351 496 2404 ael
518 2352 613 2417 quiem
632 2353 739 2405 obtenta
760 2351 847 2418 faerit
870 2351 1069 2415 dispensativa

62 2419 324 2489 natanaapostottca,
333 2426 357 2475 at
367 2423 398 2474 ia
408 2422 506 2477 litteris
522 2423 678 2488 hujusmodi
686 2421 893 2488 dispensationis
908 2423 1016 2474 reticita
1026 2422 1069 2488 sa·

64 2494 247 2549 tritincastaosa
259 2494 361 2559 copula,
373 2508 429 2559 aaa
440 2505 531 2547 tamen
545 2494 647 2548 occulta
661 2498 815 2558 remaneat;
825 2508 857 2546 aa
865 2493 950 2546 etiam
958 2492 1068 2557 dispen-

64 2565 133 2626 tandi,
141 2581 183 2618 seu
192 2565 367 2619 renatidaadi
375 2565 480 2619 litteras
490 2565 653 2625 apostaticae
660 2561 816 2631 ltrtjasmodi
826 2564 931 2622 irritas,
941 2577 972 2614 aa
982 2561 1071 2614 nallas

64 2635 163 2689 redditas
176 2653 208 2690 aa
220 2638 326 2690 incesta
339 2638 394 2690 riae
404 2641 462 2702 post
478 2636 592 2700 petitam
608 2635 844 2699 dispensationem,
859 2634 914 2686 sine
926 2633 1069 2699 pestilitas

65 2709 246 2772 repedationem,
261 2714 285 2763 et
305 2713 369 2762 ante
389 2708 566 2773 respectionem
579 2707 762 2760 eacmtianam
779 2709 898 2770 patrato.
920 2717 953 2758 ac
970 2703 1069 2758 iterata

66 2787 129 2842 aspa
140 2779 175 2831 ad
186 2780 310 2832 eamdem
325 2781 508 2834 sacrationem
524 2779 556 2830 in
572 2778 675 2832 casinas
688 2791 792 2844 sempor
806 2775 923 2837 occultis,
935 2775 989 2828 siaa
1005 2789 1069 2842 aaa·

67 2849 135 2902 tarde
143 2851 318 2906 matrimonio
329 2849 521 2912 contrahendo,
533 2849 588 2904 siae
598 2849 630 2902 de
643 2847 891 2915 matrimoniojam
901 2849 1068 2902 contracta...
