2426 4070
622 191 654 204 ..
674 160 727 219 m
745 188 781 202 ..

180 286 300 364 plicanti
316 285 409 361 juset
427 282 578 344 licentiam
598 283 637 342 ad
657 288 774 359 tempus
791 281 909 343 vivendi
935 299 1085 344 seorsum
1112 283 1167 342 ab

180 375 323 449 conjuge3
345 379 375 431 et
390 372 417 431 si
435 372 473 432 de
493 377 725 446 onomagulum
745 389 811 447 quae
833 372 977 432 saevitiam
996 371 1143 448 patitur,
1173 401 1177 426 t

175 463 261 538 jubet
274 461 331 520 sub
348 459 483 522 custodia
494 459 564 535 poni
584 465 636 518 aut
646 459 677 518 in
690 459 790 535 aliquo
800 460 991 522 foeminarum
1003 461 1174 533 claustro,

179 567 272 626 penes
296 550 462 622 honestam,
490 555 520 608 et
536 548 662 626 probam
681 554 860 622 matronam,
886 549 927 608 ita
946 555 980 608 ut
1001 549 1160 608 subsidio

178 653 350 714 pensarum,
365 644 396 697 et
414 637 622 697 alimentorum
647 635 886 697 exhibendorum
907 655 924 696 a
943 637 1058 696 marito
1084 643 1177 696 tenea

179 725 210 786 in
229 726 361 802 legitimo
381 725 494 802 judicio
512 725 663 802 usquead
680 724 862 786 definitivam
884 725 1070 786 sententiam
1098 743 1177 786 raus

179 823 346 901 prosequi(
367 828 388 896 ).

210 981 246 1046 (t)
263 981 331 1034 Post
344 981 482 1034 obtentam
495 981 530 1034 ab
544 983 690 1036 Ordinatio
705 982 867 1035 sententiam
880 981 1125 1034 interlocutoriam
1145 994 1177 1033 se

177 1054 289 1106 rationis
305 1057 394 1118 potest
408 1066 477 1104 uxor
491 1054 620 1106 alimenta
634 1058 725 1120 petora
739 1068 756 1104 a
773 1054 870 1105 marito
887 1066 978 1105 coram
991 1052 1170 1117 magistratu

176 1126 233 1178 vili.
252 1124 318 1176 Post
331 1125 469 1176 obtentam
483 1138 546 1177 varo
563 1125 730 1176 definitivam
747 1124 927 1189 separationis
941 1125 1112 1176 senteutiam
1131 1126 1177 1188 pot

175 1209 245 1248 uxor
267 1207 358 1248 coram
379 1195 474 1248 eodem
490 1196 651 1272 magistratu
671 1200 764 1260 patera
783 1196 982 1261 separationem
995 1195 1081 1253 dotis,
1098 1200 1129 1245 ct
1145 1208 1177 1244 as

175 1267 224 1333 qui
243 1267 377 1320 bonorum
395 1267 638 1333 paraphernalium
663 1267 923 1319 administrationem
945 1267 980 1318 ad
1000 1267 1125 1318 formam
1148 1266 1177 1330 ju

176 1338 274 1390 civilis.

211 1510 274 1566 438.
297 1509 385 1564 Facta
412 1505 532 1565 demum
555 1508 717 1582 conjugum
744 1507 942 1582 separatione,
967 1523 1006 1565 ex
1030 1505 1177 1581 praesorip

173 1596 276 1670 legum
290 1598 500 1666 Romanarum,
515 1593 553 1654 ad
567 1611 642 1670 quas
656 1611 689 1654 se
701 1595 834 1655 referunt
857 1594 1056 1654 communiter
1081 1599 1177 1654 canor

175 1689 240 1754 sta,
256 1682 356 1758 proles
378 1698 415 1741 ex
430 1681 620 1743 matrimonio
635 1689 775 1758 suscepta
788 1683 945 1742 educanda
964 1682 1146 1758 regulariter
1165 1701 1177 1741 c

176 1787 271 1846 penes
283 1775 411 1830 matrem
429 1771 571 1846 expensis
590 1771 694 1848 patris,
709 1772 735 1830 si
747 1771 812 1846 ipse
825 1771 1003 1848 separationi
1015 1787 1142 1832 causam
1156 1773 1177 1830 d.

174 1859 271 1931 derit3
294 1857 320 1918 si
341 1875 415 1919 vero
438 1875 560 1920 causam
583 1860 699 1920 dederit
716 1866 824 1935 mater,
842 1877 936 1937 penes
955 1865 1073 1936 patrem
1092 1869 1124 1920 et
1145 1878 1177 1920 su

174 1947 340 2024 expensis(
362 1953 383 2020 ).

203 2073 237 2138 (l)
256 2073 349 2126 Norel.
365 2072 418 2135 107,
439 2073 492 2124 ci
512 2073 654 2138 Excipitur
665 2079 758 2126 tamen
772 2089 852 2127 casus
871 2076 1015 2127 infantium
1031 2075 1101 2126 inira
1115 2077 1176 2126 trler

170 2144 256 2204 nium,
269 2144 297 2194 in
311 2157 365 2208 quo
379 2144 515 2196 admissus
534 2145 586 2195 luit
598 2145 665 2196 illud
680 2147 808 2210 adagium
824 2167 829 2197 :
845 2145 932 2198 Mater
950 2146 1000 2198 alit
1014 2146 1136 2211 trimum,
1147 2149 1176 2199 tn

170 2227 267 2280 meque
279 2214 420 2267 minorem.
434 2214 566 2280 najaram
579 2230 641 2268 vcro
654 2231 763 2282 parcere
772 2217 860 2282 patus
871 2217 933 2270 crit.
948 2217 1001 2268 Sed
1013 2231 1083 2269 nuno
1093 2231 1125 2268 ax
1135 2221 1176 2282 jur

173 2285 247 2336 civili
262 2285 381 2350 plurium
396 2285 534 2337 nationum
545 2286 695 2338 admissum
703 2291 753 2350 est,
766 2292 796 2339 ut
806 2289 897 2354 proles
909 2301 996 2353 usque
1007 2288 1040 2338 ad
1054 2289 1175 2354 quadrien

170 2357 248 2406 nium
263 2360 402 2408 remaneat
414 2371 498 2421 penes
511 2361 644 2419 matrem;
669 2363 731 2423 post
752 2358 824 2410 hanc
843 2373 907 2410 vero
930 2360 1036 2410 aetatem
1053 2373 1132 2423 penes
1145 2373 1175 2423 pa

169 2430 251 2486 trem,
266 2428 309 2478 vel
323 2432 446 2486 matrem,
461 2433 540 2494 prout
556 2444 589 2480 ex
604 2430 687 2482 variis
702 2430 914 2482 circumstantiis
928 2431 1024 2492 aetatis,
1037 2444 1123 2494 sexus,
1133 2444 1175 2494 per

170 2510 309 2561 sonarum,
325 2505 352 2550 et
367 2513 511 2550 causarum
525 2501 704 2565 separationis
720 2501 870 2553 decreverit
875 2501 960 2566 judex
971 2518 978 2563 ;
989 2502 1034 2566 qui
1047 2505 1132 2553 tamen
1143 2515 1175 2552 ne

170 2569 231 2634 quit
248 2570 352 2635 prolem
372 2570 526 2634 relinquere
546 2585 629 2637 penes
654 2571 821 2635 baereticum,
836 2573 880 2623 vel
899 2573 932 2623 da
952 2573 1047 2623 baeresi
1061 2575 1174 2638 suspecto

169 2640 211 2690 vel
230 2641 321 2706 pravis
343 2641 466 2691 moribus
484 2641 587 2693 imbuto
606 2656 668 2693 cum
690 2642 850 2707 praeJudicio
869 2644 965 2694 salutis
980 2643 1131 2708 spiritualis,
1144 2657 1173 2693 au

169 2711 328 2776 temporalis
342 2711 430 2776 ipsius
447 2712 539 2776 prolis.
556 2713 690 2779 Expensae
716 2713 882 2766 educationis
900 2715 1000 2778 imponi
1018 2716 1100 2766 solent
1112 2713 1174 2781 patri

169 2783 198 2830 et
210 2780 239 2830 in
254 2781 407 2832 subsidium
430 2781 459 2832 in
480 2785 544 2846 tcto,
559 2784 603 2834 vel
625 2785 654 2834 in
676 2787 754 2850 parte
775 2785 856 2836 etiarn
869 2786 958 2845 matri.
976 2789 1020 2837 aut
1034 2785 1173 2838 aliisascen

170 2849 299 2903 dentibus
313 2852 433 2918 paternis
446 2854 490 2905 vel
505 2855 645 2907 maternis
