2560 4080
520 180 680 240 ...323-

119 305 183 368 eta.
201 303 301 366 Altera
313 301 517 382 congregatio,
532 320 600 380 quae
612 304 651 365 de
664 301 858 365 contentiosis
870 303 1036 380 cognoscit,
1060 307 1110 366 ost

83 392 278 470 congregatio
302 392 609 456 Eminentissimorum
638 392 836 455 cardinalium
864 409 957 470 super
984 393 1113 469 negotiis

83 483 299 560 cpiscoporum
315 489 346 543 et
368 482 577 558 Regulerium,
601 499 668 558 quae
691 480 823 542 instituta
844 482 899 542 fuit
921 483 960 542 ad
978 482 1060 556 lites,
1082 485 1113 543 ct
1157 517 1159 521 -

85 570 206 648 negotia
216 570 295 632 inter
307 569 471 647 Episcopos
492 577 522 630 et
536 572 705 648 negatares,
718 571 766 631 vel
776 569 853 631 inter
865 571 1029 648 Episcopos
1042 585 1113 634 cum

86 659 253 737 Episcopis,
274 666 326 720 aut
345 659 506 736 lleguleres'
525 675 595 720 cum
614 658 808 737 Regularibus
829 659 1038 736 componenda
1058 663 1069 730 (
1087 661 1110 726 l.

87 753 163 810 cum
188 755 288 809 tamen
307 749 372 809 haec
396 749 581 826 compositio,
609 756 643 809 ut
668 748 841 825 plurimum,
860 747 924 808 lieri
946 749 1054 808 debeat
1076 748 1115 808 ad

85 837 220 900 tramites
231 837 349 898 concilii
361 837 536 910 Tridentium
557 837 629 898 hinc
642 837 776 915 sequitur
789 837 820 896 in
834 838 968 915 pluribus
982 853 1110 898 concur·

86 942 156 987 sum
166 925 280 986 admitti
292 927 370 988 inter
382 928 460 988 hane
474 926 749 1004 congregationem,
769 934 800 988 et
812 927 900 988 aliam
916 943 1010 1003 supra
1023 943 1113 1001 expo

84 1014 175 1076 sitam
181 1015 303 1076 concilii
315 1015 485 1090 Tridentini,
494 1015 535 1076 ita
548 1024 581 1078 ut
595 1016 732 1092 quaedam
746 1032 845 1076 oeusae
859 1016 1031 1090 abutraque
1043 1029 1114 1088 cog·

85 1104 173 1165 nosci
200 1110 320 1181 queant,
343 1111 374 1166 ct
389 1105 442 1165 flat
459 1105 654 1182 praeventioni
678 1107 773 1166 locus.
795 1109 868 1165 cum
885 1105 1021 1180 proiecto
1038 1107 1114 1163 con-

86 1193 223 1270 gregatio
236 1192 286 1254 illa
296 1193 430 1255 instituta
441 1195 530 1256 fuerit
547 1211 603 1272 pro
624 1194 751 1271 negotiis
768 1194 983 1271 cpiscoporum
1015 1200 1045 1252 et
1057 1196 1114 1252 Re·

88 1280 248 1358 gularium,
275 1283 389 1344 ethaeo
414 1301 470 1360 pro
493 1282 670 1345 executione
691 1289 721 1344 et
741 1281 985 1361 interpretatione
998 1278 1120 1342 concilii

49 1445 52 1452 ,
84 1371 246 1433 Tridentini
257 1372 321 1434 lieri
334 1372 455 1449 quidem
468 1379 579 1450 potest,
599 1380 633 1434 ut
647 1390 727 1450 saepe
740 1374 784 1447 tit,
805 1373 887 1449 quod
901 1371 1008 1432 eadem
1022 1385 1116 1442 causa

84 1461 168 1522 hunc
179 1461 332 1537 duplicem
351 1457 459 1523 habeat
480 1471 660 1540 respectum,
684 1468 714 1524 et
733 1464 788 1523 sub
803 1479 864 1523 uno
882 1461 921 1521 ad
943 1465 1115 1536 congrega-

87 1549 201 1611 tionem
214 1549 345 1626 concilii,
354 1558 384 1612 et
393 1552 450 1612 sub
463 1551 521 1612 alio
530 1553 568 1612 ad
578 1550 845 1628 congregationem
857 1551 1074 1627 cpiscoporum
1083 1553 1113 1608 et

83 1637 275 1714 Regularium
294 1640 450 1715 pertineat.
466 1645 546 1701 inter
560 1658 666 1701 causas
679 1658 746 1718 quae
756 1641 794 1700 ad
807 1641 886 1701 hanc
900 1637 1115 1715 congregatio-

83 1727 337 1790 nemdeieruntur
348 1737 509 1805 sequentes
521 1726 1119 1804 recensentur,nimiru1n:controversiae

89 1815 169 1876 inter
181 1816 318 1893 clericos,
329 1857 334 1870 .
344 1823 373 1878 ct
384 1818 461 1879 inter
474 1820 649 1893 monachos,
665 1819 743 1878 inter
757 1818 907 1890 Praelatos,
920 1824 951 1878 et
964 1815 1041 1876 inter
1055 1815 1122 1892 Epi«

89 1921 211 1982 scopos,
223 1905 301 1966 iuter
316 1906 584 1982 confraternitates,
604 1913 634 1968 et
649 1907 801 1980 ecclesias,
817 1905 1025 1983 deputatioues
1038 1903 1121 1964 vica·

88 1993 461 2071 riommlpostolicorum,
472 2002 501 2056 et
512 1995 728 2073 capitularium,
740 1995 924 2056 visitationes
933 1993 1120 2068 dioecesium,

90 2087 122 2144 ct
142 2081 411 2144 administrationes
431 2084 590 2158 bonorum,
613 2084 775 2146 electiones
798 2082 987 2160 superiorum
999 2083 1119 2158 regula·

13 2183 17 2192 ’
92 2169 171 2231 rium
190 2170 221 2232 in
236 2172 400 2248 monacbis,
420 2179 451 2234 et
466 2173 655 2246 monialibus,
675 2172 818 2234 transitus
843 2171 1052 2248 religiosorum
1074 2170 1113 2231 de

88 2276 151 2321 uuo
162 2259 193 2320 in
211 2261 302 2322 alium
320 2261 467 2337 ordinem,
483 2270 513 2324 et
528 2261 804 2336 saecularisationes,
819 2261 985 2322 soliditates
1004 2261 1121 2338 profes·

87 2349 209 2411 sionum
234 2349 450 2427 religiosarum,
478 2358 679 2428 votorumque
706 2349 913 2427 obligationes,
943 2349 1119 2426 erectiones,
1151 2373 1153 2388 ·

87 2437 225 2514 uniones,
247 2445 278 2500 ct
291 2439 519 2518 suppressiones
537 2447 749 2513 conventuum,
770 2446 801 2500 et
813 2439 1076 2514 monasteriorum,
1091 2445 1122 2500 et

89 2521 214 2604 relique
233 2527 343 2590 similes
361 2544 466 2591 omnes
486 2546 603 2605 eausae,
626 2528 688 2590 sive
700 2528 813 2589 *civiles
834 2527 908 2603 sint,
937 2528 1000 2588 sive
1029 2526 1122 2588 onmi-

91 2617 176 2676 nales
186 2619 217 2679 et
236 2617 394 2678 ordinaria
409 2618 496 2696 juxta
509 2635 664 2679 sacromm
681 2634 831 2679 canonum
846 2614 1056 2693 dispositiones
1069 2619 1123 2688 (t).

92 2709 136 2765 lte
149 2705 309 2781 postremis
328 2707 376 2768 his
397 2707 494 2767 causis
509 2707 709 2768 criminalibus
722 2707 807 2768 adest
820 2722 927 2768 recens
945 2707 1122 2783 prescriptio

89 2793 132 2854 Pii
143 2799 200 2870 vll,
212 2795 263 2872 qni
271 2796 485 2874 appellationes
498 2795 530 2856 in
543 2795 745 2857 criminalibus
756 2796 794 2856 ab
807 2793 968 2857 ordinariis
982 2795 1064 2856 orbis
1076 2812 1124 2856 ca·

90 2883 195 2946 tholici
208 2884 247 2944 ad
259 2885 619 2963 hanccougregatiouem
632 2885 810 2946 deferendas
824 2901 892 2946 esse
904 2884 1056 2946 mandavit
1069 2887 1121 2960 (3).

98 3009 102 3016 ’
118 3013 155 3080 (l)
166 3011 234 3067 lieo
253 3013 429 3078 congregatio
445 3027 477 3065 ex
496 3012 603 3064 duabus
614 3012 783 3078 componitur
800 3031 808 3062 ι
823 3014 881 3064 erat
896 3013 969 3065 euim
982 3013 1060 3079 prius
1077 3011 1118 3066 al-

88 3088 149 3138 ters
164 3099 212 3152 pro
228 3085 344 3151 negotiis
358 3084 542 3150 Regularium,
558 3088 586 3137 et
607 3085 693 3136 altero
705 3098 755 3152 pro
779 3084 893 3148 negotiis
907 3085 1117 3152 Episcoporum.

88 3155 151 3208 Bul.
169 3154 307 3210 immenso
324 3155 418 3210 almi
436 3157 505 3209 Sixti
518 3157 551 3210 V.
566 3155 620 3209 Sed
641 3169 713 3208 nuno
726 3155 788 3208 duae
811 3155 840 3207 iu
863 3153 954 3208 uuam*
966 3162 1030 3207 sunt
1052 3169 1118 3208 cou-

88 3228 177 3288 flatae,
192 3223 228 3280 'et
248 3227 358 3294 quidem
384 3229 480 3280 merito
505 3247 512 3280 a
536 3242 599 3299 nam
625 3228 755 3280 connexio
780 3240 892 3290 rerum,
915 3231 943 3280 et
965 3226 1119 3278 attributio·

91 3314 159 3355 num
178 3313 253 3365 saepe
272 3300 455 3353 contusionem
474 3300 625 3366 ingerebat.
651 3298 834 3350 Nihilominus
857 3298 939 3364 hujus
964 3298 1118 3364 congrega·

92 3370 173 3422 tionis
186 3371 248 3422 due)
270 3371 425 3423 etiamnunc
442 3377 505 3423 suut
518 3370 603 3424 veluti
619 3370 763 3434 sessiones,
780 3373 807 3421 et
821 3369 874 3422 duo
889 3368 1038 3431 secretarii,
1052 3381 1120 3434 quo·

95 3457 157 3496 rum
168 3455 241 3495 unus
265 3442 332 3495 cleri
354 3443 502 3502 secularis,
528 3447 555 3494 et
577 3442 647 3493 alius
661 3441 726 3494 cleri
740 3441 873 3508 regularis
894 3453 989 3491 causas
1003 3439 1069 3506 agit.
1091 3465 1123 3477 -

97 3515 135 3582 (2)
164 3514 243 3568 Unda
270 3513 348 3567 card.
377 3516 416 3567 lie
444 3513 517 3566 Luca
539 3513 694 3566 eieciebat.
717 3531 729 3561 ι
752 3513 842 3565 Habet
864 3512 917 3564 ista
947 3510 1122 3578 Congregatio

100 3606 115 3632 α
131 3585 201 3640 latas
213 3585 335 3638 habenas
358 3584 456 3651 agendi
472 3585 554 3638 etiam
569 3584 604 3638 de
619 3583 675 3636 illis
696 3583 822 3650 negotiis,
843 3595 906 3650 que
926 3582 1041 3636 aliarum
1054 3581 1121 3636 con·
