2432 4078
429 181 586 238 -281-

22 310 67 358 erat
76 307 228 360 constituta.
244 304 405 356 Heineccius
420 305 448 354 iu
461 303 546 355 Recit.
558 304 571 368 ξ
584 303 638 354 315.
654 301 711 353 Sub
725 301 819 354 ecdem
833 305 957 365 respectu
967 313 1026 351 ma-

19 381 60 444 jori
68 382 125 444 jure
136 378 242 430 babitae
254 390 360 442 semper
373 376 484 426 fuerunt
492 388 510 425 a
520 374 665 426 Catholicis
679 387 722 424 res
736 373 927 426 ecclesiastice
937 391 945 432 t
955 370 1028 423 unde

22 449 42 499 S.
53 451 160 500 Thomas
176 449 214 499 ait
230 445 290 499 :En
304 445 353 499 hoc
368 446 438 512 quod
451 443 561 510 aliquod
574 443 721 510 deputatur
733 442 770 495 od
783 443 886 497 cultum
900 440 957 506 Dei,
968 439 1029 506 afti-

22 520 78 572 n'iur
92 518 229 586 quoddam
243 517 378 579 divinum,
389 520 413 568 ct
427 516 466 568 sic
485 515 510 566 ei
527 514 649 579 quadam
663 513 815 566 reuerentia
834 513 953 576 debetur,
968 525 1029 584 quae

20 591 121 654 refertur
137 589 176 641 ad
193 588 287 640 Deum.
303 587 377 638 Sum.
391 587 416 646 2,
431 586 456 646 2,
471 599 497 649 q.
515 585 555 643 99,
575 589 625 635 art.
649 585 671 636 i.
688 611 718 621 -
731 583 766 648 (i)
783 585 929 650 Dispositio
945 585 1029 652 hujus

21 661 97 724 synodi
109 661 151 712 sic
161 664 239 712 sonat
249 675 257 708 :
269 656 331 710 Non
346 657 426 710 liceat
441 655 519 720 Papa
531 655 665 720 predium
677 653 797 708 Ecclesia
808 655 929 709 alienare
938 657 1029 724 aliquo

20 731 81 782 nodo
94 744 144 796 pro
162 729 258 796 atiquo
275 727 441 780 necmsitatc.
456 727 522 785 Can,
534 725 575 784 ao,
590 739 612 778 c.
634 725 672 784 ta,
688 741 715 792 q.
728 725 757 790 ,2.
779 753 811 764 -
823 726 859 792 (³)
870 727 944 780 Sum.
958 729 983 793 2,
1002 729 1028 790 2,

21 816 40 866 q.
50 802 94 863 100,
107 803 160 853 art.
180 802 201 860 t,
216 801 251 852 ad
262 797 287 850 i.
300 825 331 836 -
344 797 379 864 (t)
394 797 445 850 (tit.
460 796 510 848 litt.
523 793 611 850 Notia's
627 799 705 850 carte.

48 998 102 1054 602.
118 991 317 1056 Nihilominus
330 991 465 1065 boetici,
483 990 547 1051 sire
557 994 627 1050 iesu
641 989 746 1062 christi
765 989 930 1052 dominium
951 1009 1030 1054 com·

21 1083 173 1142 nunicatur
189 1099 246 1141 suo
268 1080 388 1156 corpori
409 1079 549 1156 mystico,
569 1073 659 1140 idest
677 1078 834 1152 Ecclesiae3
850 1097 887 1140 ac
900 1079 970 1140 inde
982 1082 1027 1155 flt,

20 1171 187 1232 utticciesiae
209 1176 309 1247 caput,
328 1167 582 1246 nimius-Christi
604 1167 733 1227 vicarius
753 1166 812 1226 hoc
831 1169 882 1243 jus
904 1168 1026 1228 dominii

19 1258 40 1316 in
55 1261 200 1320 universis
224 1257 435 1320 ecciesiasticis
457 1255 567 1330 bonis,
591 1261 621 1316 et
645 1254 782 1330 Episcopi
803 1273 840 1316 ec
862 1257 1028 1318 beneficiati

19 1347 42 1405 in
51 1355 132 1424 parte
144 1349 297 1408 bonorum
310 1346 426 1408 ratione
439 1344 589 1418 dioecesis,
602 1345 651 1404 vel
661 1344 829 1420 praebendae
842 1347 898 1405 sub
914 1347 1028 1421 depen-

19 1437 98 1496 dentia
110 1456 129 1497 a
140 1451 261 1497 summo
275 1436 416 1496 Pontifloa
430 1439 600 1496 exerceant.
616 1432 815 1504 Quamobrem
828 1440 949 1495 sanctus
960 1436 1027 1496 ttie·

19 1539 148 1600 ronymus
162 1525 261 1584 aiebat
278 1525 369 1584 licere
382 1523 518 1582 fidelibus
532 1537 637 1582 eorum
651 1521 740 1595 bona,
753 1529 784 1582 et
803 1523 871 1597 jura
887 1523 919 1583 in
940 1525 1026 1585 cleri-

20 1628 103 1674 corum
120 1613 291 1672 dominium
303 1613 468 1686 transferre
483 1614 534 1682 (t).
549 1609 712 1670 concilium
725 1609 927 1673 tridentinum
938 1614 1028 1674 domi·

21 1700 89 1760 nium
102 1699 348 1760 distributionum
363 1697 601 1774 quotidianarum
609 1697 741 1758 attribuit
750 1698 901 1759 canonicis
912 1701 943 1761 in
953 1703 1026 1762 cho·
1069 1729 1071 1734 ·

19 1802 44 1843 ro
53 1787 257 1862 presentibus,
273 1794 303 1846 et
316 1787 448 1855 mandat,
458 1786 538 1844 bona
551 1795 582 1844 et
600 1785 669 1860 iura
682 1787 817 1848 ecclesiis
829 1793 860 1848 et
873 1788 1027 1850 beneficia·

20 1871 148 1936 isabtata
171 1889 239 1935 esse
257 1875 362 1934 iisdem
389 1875 445 1933 sub
468 1872 784 1934 excommunicationis
807 1893 900 1951 poena
912 1872 1026 1954 integre

18 1963 185 2024 restituenda
199 1965 253 2035 (ὣς
265 1963 346 2040 quod
360 1961 501 2037 supponit
514 1961 545 2019 in
554 1961 627 2036 ipsis
640 1961 788 2037 Emissis,
802 1970 832 2024 et
844 1964 1028 2027 beneficiatis

19 2053 176 2112 eonrmdcm
197 2050 347 2111 bonorum
359 2050 532 2110 dominium.
548 2049 680 2124 benique
694 2051 775 2125 leges
789 2051 941 2112 canonicae
954 2054 1027 2128 ipsis

18 2139 145 2212 ecclesiis,
160 2145 192 2198 et
213 2137 396 2198 beneficiatis
409 2154 486 2197 onus
508 2137 665 2213 imponunt
680 2137 789 2210 tuendi,
805 2138 982 2213 vindicandi,
997 2149 1028 2202 et

19 2223 61 2282 aia
69 2226 181 2285 domiui
188 2227 256 2300 jura
265 2226 436 2297 exercendi,
447 2225 527 2299 quod
538 2225 603 2285 tieri
612 2241 673 2284 non
684 2231 795 2298 posset,
808 2227 833 2284 si
853 2229 988 2288 ecclesiae
997 2236 1027 2290 et

18 2309 169 2375 beneficiati
184 2331 256 2374 vere
269 2330 392 2374 suorum
405 2315 554 2374 bonorum
567 2312 730 2373 dominium
745 2330 806 2372 non
819 2315 985 2390 heberent(
1006 2326 1026 2390 ).

41 2463 145 2530 (ticon.
160 2468 211 2520 ult.
227 2483 251 2520 c.
265 2469 305 2529 to,
321 2483 348 2534 q.
365 2469 466 2533 t.-(t)
478 2468 551 2519 Trid.
563 2481 630 2519 sess.
639 2467 678 2532 Ὦ,
694 2484 716 2522 e.
731 2470 747 2520 2
762 2473 789 2520 et
805 2471 842 2532 11,
852 2470 885 2522 de
896 2472 979 2524 rei-
990 2470 1026 2536 (3)

17 2537 49 2586 tc
59 2538 107 2590 boc
120 2541 238 2592 refertur
253 2540 334 2592 etiam
349 2540 509 2591 donatorum
522 2540 657 2599 voluntas
666 2541 712 2606 qui
722 2539 829 2606 quidem
846 2555 964 2594 ressuas
973 2557 1027 2596 non

18 2609 131 2665 Ecclesiae
145 2615 174 2664 in
193 2627 291 2677 genere
308 2613 470 2680 regulariter
493 2612 635 2663 intendunt
652 2613 762 2675 donare,
782 2612 829 2664 sed
848 2612 976 2664 Ecclesia
999 2615 1027 2666 in

18 2683 103 2745 specie,
117 2687 164 2735 aut
174 2684 319 2749 beneficio,
328 2688 358 2735 ut
372 2684 578 2750 Episcopus‚vel
588 2685 765 2738 beneficiatus
777 2696 870 2734 earum
880 2682 1028 2736 dominium

18 2750 66 2803 loco
80 2754 238 2807 donatorum
251 2755 374 2818 retineat,
389 2757 416 2806 et
431 2755 483 2806 sibi
498 2755 623 2806 vindicet.
639 2755 710 2806 Hinc
724 2755 846 2818 sequitur
859 2753 1027 2807 diversarum

18 2823 188 2888 omissionum,
206 2829 254 2876 aut
270 2824 464 2876 beneficiorum
485 2825 666 2890 proprietates
686 2838 747 2878 essa
766 2825 897 2885 diversas,
910 2829 938 2878 et
954 2827 1027 2892 quod

19 2889 88 2943 datur
99 2896 154 2955 uni,
170 2909 222 2947 uon
238 2909 315 2960 posse
329 2894 407 2946 atteri
421 2896 541 2946 attribui.

47 3096 108 3152 603.
124 3099 168 3154 Ex
182 3095 344 3170 praemissis
358 3096 513 3156 manifeste
534 3095 637 3172 liquet,
658 3113 747 3172 quam
764 3099 838 3158 falsa
854 3101 892 3159 sit
909 3100 1028 3161 illorum

21 3179 122 3254 opinio,
136 3182 186 3258 qui
206 3185 286 3243 bona
304 3185 506 3244 ecclesiastica
518 3185 557 3244 ad
574 3185 669 3246 civilis
689 3185 866 3262 Reipublicae
885 3191 1027 3264 patrimo-

20 3266 106 3340 uiurn,
127 3279 157 3330 et
180 3275 218 3330 ad
241 3272 392 3332 saecularis
410 3272 552 3348 principis
574 3273 826 3348 dispensationem
846 3295 900 3336 sua
922 3287 1029 3339 natura

21 3355 160 3426 pertinere
173 3361 359 3420 contendunt
379 3364 430 3432 (t).
455 3366 524 3420 iiaec
544 3361 664 3436 quidem
683 3363 794 3439 opinio,
818 3365 887 3423 licet
904 3366 1028 3425 nimiunn

21 3439 167 3505 infeliciter
178 3447 225 3506 his
240 3448 424 3522 temporibus
447 3449 655 3524 aquibusdam
682 3449 811 3510 admissa
832 3456 884 3525 (Ξ),
903 3469 962 3512 non
982 3459 1029 3512 est

24 3537 116 3590 tamen
141 3534 347 3612 probatorum⁴
364 3535 589 3608 canonistarum
620 3536 736 3614 opiui03
766 3540 834 3612 sed,
868 3545 901 3600 ut
926 3539 1032 3600 scribit

864 3637 895 3688 to
