2432 4078
443 197 603 254 ...343-

37 307 189 390 stauratlone;
200 324 259 380 cunr
276 314 438 382 relinquitur
451 316 577 383 religioso
591 317 791 384 conservatoria
809 319 970 388 puellarum,
984 323 1032 379 cut

36 379 196 435 aeclesiasticae
210 385 420 440 confraternitati
442 389 524 440 etiem
549 389 731 452 saeoularium,
755 404 805 456 pro
824 392 961 458 virgiuum
982 406 1029 448 cu·

36 449 109 530 obdia,
123 457 165 504 aut
178 469 225 520 pro
237 457 388 509 animarum
401 459 485 521 bono;
501 474 562 512 oum
579 460 741 527 relinquitur
760 461 900 530 hospitali,
917 477 1029 517 nosoco-

35 533 81 580 nro,
93 528 133 574 ant
143 525 365 595 orphanotrophio
379 543 429 594 pro
442 531 621 590 intirmorum,
639 536 666 584 et
687 546 837 598 pauperum
858 547 934 599 cura,
951 535 1030 588 modo

35 591 77 644 lec
91 593 143 647 loca
155 597 208 649 aiut
219 599 344 665 Episcopi
364 602 524 654 auctoritate
538 604 694 666 eructaret
713 605 810 656 saltem
832 605 887 656 sint
904 606 1031 675 publica3

35 675 79 720 tum
90 665 189 722 domum
202 671 363 738 relinquitur
377 686 426 737 pro
448 671 633 738 redemptione
646 675 823 740 captiuorum,
841 689 891 741 pro
904 679 1033 744 pauperi·

33 732 77 793 lor.
89 736 125 788 vel
138 752 185 804 pro
198 741 284 794 salute
297 743 403 794 anima.
415 743 517 796 Ultimo
531 743 584 797 duo
610 749 674 798 sunt
686 747 821 797 notanda:
839 748 868 798 l¹²¹
881 747 953 812 quod
966 749 1032 816 Epi-

3 849 4 854 ,
32 816 93 870 scopo
105 813 161 872 post
172 811 230 877 ejus
247 815 474 867 consecrationem
495 815 667 881 relinquitur,
687 818 862 882 praesumitur
875 820 965 883 potius
979 821 1029 872 ltc-

34 873 103 929 clasiae
115 879 243 949 relietum,
257 898 337 949 quam
356 898 487 950 personae.
504 885 572 953 Arg.
590 887 655 953 Gap.
677 889 705 939 15
726 887 760 938 de
781 893 892 949 testam
912 890 945 940 i·
959 891 1032 955 quod

32 951 202 1014 annuariam
222 956 335 1021 pauperi
359 956 530 1022 relinquitur.
547 957 654 1010 videtur
682 958 770 1024 potius
792 959 894 1011 ratione
914 960 1033 1028 pietatis,

32 1029 94 1081 quem
108 1025 343 1090 consanguinitatis
366 1028 498 1086 relictum.
515 1031 542 1080 et
556 1028 616 1082 ideo
630 1029 717 1096 magis
737 1029 822 1095 pium,
842 1043 923 1096 quam
945 1033 1035 1096 prola·

31 1101 79 1212 611υὲ
90 1094 278 1214 2aestimandum
298 1099 348 1150 est.¹
371 1097 395 1150 A
412 1099 529 1152 llostazo
551 1099 585 1154 de
608 1113 683 1153 caus.
702 1099 742 1166 pi.
760 1105 827 1154 toru.
850 1101 871 1160 l.
887 1101 908 1154 l.
927 1102 949 1162 1,
966 1115 1029 1170 cap.

56 1349 108 1408 666.
129 1353 347 1414 insumentum
370 1355 408 1414 ad
427 1369 550 1416 causam
565 1355 648 1434 piam
667 1372 706 1416 ex
727 1356 795 1432 jure
816 1354 961 1416 canonico
989 1363 1035 1418 est

32 1432 239 1516 privilegiatum,
253 1448 287 1502 ut
305 1443 384 1504 clare
406 1443 540 1505 delinivit
559 1445 726 1506 Alexander
738 1449 785 1518 lll,
802 1444 853 1522 qui
870 1461 961 1522 super
973 1444 1034 1508 bra·

30 1525 180 1590 reditatibus
193 1531 335 1592 Ecclesiae
352 1533 462 1592 relictis
475 1533 598 1594 mandat
616 1532 762 1610 judicium
774 1533 840 1595 lieri
853 1551 915 1594 non
927 1551 1037 1596 secun·

30 1611 84 1674 dum
95 1617 173 1693 leges
186 1620 300 1694 saeoulb
314 1621 367 1681 sed
388 1621 554 1682 secundnm
574 1622 673 1699 legem
687 1622 827 1698 diuinam,
842 1629 872 1684 et
886 1639 1037 1684 canonum

27 1705 180 1780 semimitas
191 1709 276 1770 ntad
286 1710 351 1784 ejus
365 1709 548 1773 validitatem
564 1711 713 1772 sufficiant
726 1712 797 1786 duo,
812 1719 863 1773 aut
875 1718 937 1772 tres
946 1719 1037 1772 testas

30 1787 107 1853 idonei
117 1799 166 1868 (l).
183 1801 255 1858 llaec
265 1794 397 1858 theorica
413 1798 469 1858 sub
484 1799 674 1876 antiquarum
687 1803 785 1878 legum
799 1801 929 1863 civilium
941 1800 1036 1878 impe-

28 1877 61 1938 rio
72 1883 278 1946 admittebatur
289 1887 327 1947 ab
342 1886 480 1948 omnibus
493 1887 556 1948 iere
562 1889 637 1964 juris
647 1889 743 1951 civilis
753 1890 931 1952 Ductoribus
945 1889 1035 1950 etiam

29 1982 70 2040 pro
90 1973 152 2036 loro
171 1974 264 2049 civili,
287 1975 356 2052 quia
373 1978 477 2053 regula
497 1977 664 2038 communis
685 1985 759 2053 erat,
773 1977 804 2038 in
822 1977 868 2053 iis,
888 1995 955 2055 quae
967 1995 1036 2054 spe·

31 2061 93 2120 ctam
106 2061 144 2122 ad
157 2064 331 2140 spiritualia,
348 2071 398 2125 aut
412 2065 450 2124 ad
464 2065 631 2126 animarum
645 2065 767 2140 bonum,
783 2066 813 2127 in
826 2072 955 2144 utroque
968 2067 1035 2128 foro
1123 2100 1127 2111 ·

30 2151 189 2212 arvandum
207 2169 274 2212 esse
287 2154 336 2228 ius
350 2153 545 2226 canonicum3
560 2160 590 2214 el
608 2153 676 2214 ideo
690 2171 729 2213 ex
744 2154 843 2229 praxi,
858 2171 894 2214 ao
908 2169 1036 2214 consue-

31 2235 112 2299 tudine
137 2241 299 2301 universali
327 2241 417 2302 etiam
434 2242 465 2301 in
488 2243 555 2302 loro
574 2241 651 2302 civili
674 2247 883 2302 testamentum
904 2241 942 2302 ad
956 2241 1037 2318 piam

29 2337 132 2388 cosam
149 2333 304 2406 tamquam
317 2329 534 2408 privilegiatum
548 2329 663 2406 absque
684 2329 890 2390 controversia
907 2329 1036 2390 hebeba-

28 2415 76 2487 tor3
90 2419 140 2478 sed
153 2435 243 2480 novae
259 2419 347 2495 hujus
362 2419 463 2480 saeculi
477 2418 579 2479 civiles
599 2421 681 2495 leges
700 2419 759 2478 hoc
773 2417 951 2494 principium
973 2419 1037 2480 aire

26 2501 195 2582 rivlegium
208 2522 278 2567 cum
292 2507 357 2566 aliis
370 2507 505 2584 plurimis
515 2507 654 2568 Ecclesiae
667 2507 798 2568 adimere
806 2523 862 2582 pro
876 2507 942 2566 loro
957 2505 1037 2567 civili
1128 2555 1134 2562 .

28 2597 202 2669 satagerunt,
221 2596 301 2672 quod
315 2603 415 2656 tamen
429 2596 528 2657 adhuc
541 2596 673 2656 subsistit
687 2611 742 2672 pro
754 2597 820 2656 loro
835 2594 1036 2670 conscientiae,

26 2685 49 2739 et
60 2683 86 2742 in
100 2685 171 2746 loro·
182 2685 324 2746 Ecclesiae
340 2691 398 2746 tam
414 2685 542 2759 interno,
557 2701 646 2762 quam
655 2692 782 2746 externo
797 2701 883 2744 :nam
898 2686 981 2762 leges
994 2683 1038 2745 ci-

26 2767 86 2830 tiles
97 2774 219 2835 elicere
229 2790 290 2834 uon
305 2779 442 2849 possunt,
457 2774 615 2849 quominus
629 2773 658 2836 iu
681 2775 747 2834 foro
760 2773 900 2834 Ecclesiae
915 2776 972 2836 tale
991 2780 1038 2835 te·

25 2863 192 2925 rumentum
203 2862 241 2923 sit
255 2861 473 2940 privilegiatum
492 2869 502 2938 (
521 2866 542 2934 ).
865 2878 868 2884 ’

49 3013 79 3082 (l)
91 3017 156 3086 Gap.
172 3002 256 3084 ll,de
271 3021 378 3072 testam.
393 3045 420 3058 -
431 3019 468 3086 (t)
483 3019 510 3072 S.
526 3019 566 3073 De
580 3019 687 3086 Ligario
704 3019 752 3074 lib.
765 3019 790 3086 a,
803 3033 831 3072 n.
844 3019 900 3074 922.

52 3221 109 3280 670.
132 3225 198 3282 buo
216 3226 327 3296 autem,
346 3228 397 3281 aut
417 3227 479 3281 ires
499 3225 602 3294 testes,
622 3237 698 3298 quos
722 3223 828 3284 citatus
848 3227 985 3286 Pontifex
1005 3225 1037 3286 in

23 3309 191 3372 usamenta
215 3312 254 3371 ad
280 3311 360 3388 piam
388 3329 510 3372 causam
539 3311 676 3389 requirit,
701 3314 740 3372 ad
762 3315 826 3391 ejus
842 3315 979 3386 formam,
1008 3320 1038 3374 et

21 3396 208 3462 umunuam
218 3418 280 3462 uon
293 3401 452 3477 pertinent,
468 3401 521 3462 sed
533 3407 649 3461 tantum
663 3401 925 3478 adprobationem.
941 3405 1037 3473 Quare

24 3485 44 3541 ti
64 3489 119 3548 alia
144 3489 223 3551 adsit
235 3489 382 3568 probatio,
406 3506 455 3550 cx.
476 3506 521 3566 gr.
547 3488 572 3549 si
587 3495 711 3550 testator
725 3507 813 3552 suum
826 3495 1037 3552 testamentum

24 3585 102 3638 manu
124 3595 181 3642 rua
200 3577 360 3656 conplura,
381 3580 557 3656 aureatam
575 3578 777 3656 subscriptum
803 3577 965 3656 reliquerit,
987 3578 1037 3640 vel
