2524 4080
511 223 667 303 ..3η-

99 345 242 407 cuneatur,
264 342 372 410 quando
392 342 421 395 in
443 343 621 398 instrumento
648 343 801 396 contractus
822 344 972 412 apponitur
990 345 1113 400 clausule

98 411 235 467 iomtitnti
245 414 418 480 pammatii?
431 415 464 466 ln
483 413 567 481 hujus
581 415 740 482 questionis
757 416 923 469 resolutione
942 416 1112 484 adnotamus

98 485 259 536 constitutum
268 487 459 550 posessorium,
467 499 546 550 cujus
556 499 588 537 ex
598 485 849 552 stylollotariorum
857 489 985 553 irequens
995 492 1036 540 est
1046 501 1114 543 usus

96 559 121 610 ln
136 553 316 608 instrumentis
334 559 550 616 conventionum,
568 567 628 608 csse
648 561 747 616 actum,
765 571 818 623 quo
832 557 961 618 vendens,
976 560 1018 611 vel
1035 559 1114 612 aliter

96 625 247 678 oontmliens
269 627 398 687 declarat,
422 629 464 680 val
487 627 635 690 constituit,
656 641 685 679 sa
705 641 763 680 rem
781 627 921 694 possidere
938 630 1113 696 imposterum

94 709 142 747 non
153 699 258 750 nomina
269 711 318 750 suo
338 697 459 765 proptio,
487 699 533 751 sed
551 701 674 765 precario
692 699 801 751 nomina
817 699 901 762 illius,
917 701 963 766 qni
981 703 1055 766 emit,
1074 703 1112 754 ita

93 771 120 818 ut
137 767 178 820 hic
191 769 275 836 possit
286 779 457 836 quocumque
471 772 594 837 tempore
611 781 702 820 veram
719 771 759 822 rei
776 771 976 838 possessionem
992 773 1050 824 sola
1062 787 1112 826 sua

94 843 241 892 auctoritate
263 853 369 906 capere
395 842 466 894 Hine
484 855 533 926 per
559 839 717 906 hujusmodi
740 841 891 893 clausulam
916 843 1042 895 venditor
1061 859 1110 909 po-

93 909 129 960 nrt
140 914 283 975 emptorem
305 912 436 964 inlocum
457 917 484 964 et
503 915 550 977 jns
564 925 652 970 suum,
676 912 720 964 vel
738 927 801 964 eum
822 913 961 965 constituit
980 928 1110 980 procure-

92 983 189 1034 torem
182 996 210 1034 in
222 997 279 1035 rem
293 995 380 1034 suam.
403 983 461 1046 Quo
474 983 624 1050 praemissc,
647 982 842 1048 respondemus
866 998 926 1035 cnm
949 985 1109 1054 lentriglia,

91 1052 233 1106 nonvideri
248 1054 299 1105 hoc
312 1055 487 1106 constitutum
508 1068 603 1120 poenas
625 1053 696 1105 male
719 1054 896 1106 alienantium
922 1055 1031 1116 inferre,
1046 1056 1110 1138 quia

89 1122 206 1176 hannon
220 1129 263 1177 est
283 1137 357 1186 vera,
375 1125 424 1176 sed
442 1129 546 1176 tautum
566 1125 628 1177 tiata
645 1123 762 1185 traditio,
786 1127 813 1177 et
834 1126 981 1192 possessio,
1001 1129 1028 1177 et
1046 1127 1110 1193 qnia

89 1199 252 1248 antenorem
270 1196 395 1262 adeptam
422 1209 472 1262 per
490 1197 681 1262 acquisitorem
702 1197 902 1264 possessionem
924 1197 964 1249 rei
983 1198 1109 1251 alienatio

88 1267 198 1329 perlecta
212 1281 266 1319 non
282 1272 415 1320 censetur.
431 1269 470 1319 De
482 1267 562 1320 alien.
577 1268 642 1319 bon.
656 1268 723 1319 eccl.
736 1267 749 1334 fl
762 1267 785 1327 3,
799 1281 826 1318 n.
845 1267 929 1320 10.-
901 1269 981 1334 -til
995 1269 1035 1320 De
1050 1269 1107 1322 rab.

87 1337 144 1389 eccl.
158 1339 251 1392 tuend.
274 1341 339 1399 etc.;
352 1342 380 1390 et
403 1339 454 1391 hoa
477 1339 621 1391 concilium
640 1339 668 1388 in
688 1337 830 1406 isanparto
844 1339 990 1406 probatum
1005 1339 1057 1392 fnit
1073 1341 1108 1394 ab

85 1407 348 1470 Urhach111,nul.
362 1407 430 1464 iiam
442 1409 525 1464 nabis.
541 1437 573 1448 -
586 1410 622 1476 (3)
636 1410 687 1462 uit.
702 1408 753 1462 loc.
769 1423 798 1461 n.
811 1409 850 1461 li.

115 1573 174 1630 ne.
194 1566 527 1646 Beneplacitumautem
536 1569 738 1646 apostolicum
750 1568 878 1630 concedi
885 1569 999 1630 soletin
1010 1571 1107 1632 torma

83 1657 294 1733 commissoris,
312 1657 454 1718 nimirum
467 1658 584 1718 Dataria
597 1657 775 1734 Apostolica,
790 1657 853 1718 sive
865 1663 894 1719 s.
911 1659 1106 1736 congregatio

83 1747 206 1820 concilii,
232 1747 296 1808 sive
320 1746 377 1807 alia
405 1747 601 1824 congregatio
625 1747 840 1825 Episcoporum
866 1755 896 1809 et
916 1748 1107 1825 Regularium

82 1833 231 1896 ordinario
243 1835 415 1896 dioecesano
429 1836 583 1896 facultates
599 1844 784 1913 opportunas
798 1842 828 1898 et
837 1838 1020 1898 necessarias
1035 1855 1103 1899 con·

81 1922 164 1999 aedit,
176 1929 210 1984 ut
223 1929 377 2000 tamquam
390 1928 419 1984 S.
441 1923 525 1984 Sedis
545 1924 699 2000 delegatus
713 1924 920 1988 alienationem
936 1926 1106 2001 permittere

80 2017 107 2070 et
119 2014 248 2088 probare
263 2011 369 2089 possit3
386 2013 440 2072 sed
453 2018 486 2073 ut
497 2011 659 2088 plurimum
669 2014 840 2078 facultatem
853 2014 985 2076 continet
1000 2015 1105 2076 condi·

80 2098 215 2163 tionalem
229 2102 269 2161 ob
283 2101 433 2162 clausulas
444 2100 589 2177 rescripto
603 2100 740 2175 insertas,
754 2119 821 2178 quae
832 2119 887 2179 per
898 2107 1104 2178 executorem,

79 2205 164 2250 cause
184 2189 317 2266 cognita,
343 2188 533 2250 verificandae
557 2196 627 2250 suut
652 2193 702 2264 (l).
731 2193 824 2268 liujus
848 2208 947 2252 oausae
974 2189 1104 2268 cognitio

78 2279 149 2339 sumi
163 2285 265 2358 potest
275 2277 555 2354 extraJudieialiter3
580 2285 610 2338 at
623 2280 825 2340 necessarium
838 2285 894 2353 est,
916 2287 947 2340 ut
960 2286 1105 2342 executor

77 2363 153 2427 hona
166 2366 325 2429 alienanda
338 2365 482 2440 verifica,
507 2383 612 2426 causas
633 2367 818 2428 alienationis
840 2367 920 2428 serio
932 2374 963 2429 et
976 2368 1105 2430 sollicita

78 2456 234 2531 examinet,
256 2461 348 2518 testes
370 2461 401 2516 ct
421 2454 614 2531 probationes
637 2455 793 2529 diliuenter
809 2455 966 2517 discutiat:
990 2457 1103 2520 namsi

78 2545 306 2618 commissarius,
326 2543 389 2605 sive
403 2549 548 2605 executor
562 2545 602 2604 ob
615 2545 751 2622 gratiam,
774 2545 923 2619 umorem,
939 2561 1034 2621 spem,
1055 2547 1103 2607 vel

76 2631 190 2694 lucrum
206 2631 378 2694 alienationi
398 2632 515 2709 inJ'ustae
534 2632 729 2707 consenserit,
744 2632 870 2695 incurrit
882 2633 911 2694 in
931 2633 1102 2710 suspensio·

75 2736 140 2781 uem
153 2723 193 2784 ab
209 2721 309 2783 officio
317 2737 500 2798 perannum,
514 2721 585 2782 sisit
594 2722 844 2799 Episcopus,etin
858 2722 1101 2784 excommunica·

76 2808 230 2886 tionem,si
246 2810 283 2870 sit
295 2810 422 2871 clericus
434 2810 546 2884 minam
561 2827 651 2887 quam
662 2810 1000 2872 excommunicationem
1009 2813 1103 2875 'etiam

76 2896 122 2958 ille
135 2899 295 2973 conuahit,
307 2899 358 2976 qui
371 2899 448 2970 dala,
462 2899 508 2958 ecl
519 2899 637 2975 frande,
648 2908 702 2960 ant
711 2901 835 2960 scienter
845 2901 879 2962 in
890 2901 1101 2964 detrimentum

75 2985 273 3049 Emicsiaman
287 2987 496 3048 altercationem
509 2988 575 3063 ieri
584 2989 767 3066 procuravit,
781 2997 836 3050 aut
852 3007 906 3068 per
923 2992 1034 3062 aaran,
1053 2991 1099 3052 vel

73 3071 293 3160 impressionem
307 3075 494 3137 alienationis
515 3077 663 3138 decretum
688 3079 857 3151 ιιιοιιιιιις
873 3079 1100 3156 atqueineuper

75 3179 176 3225 omnes
193 3172 334 3226 tenentur
347 3165 385 3224 ad
399 3165 542 3225 damnum
554 3166 694 3227 Ecclesia
709 3165 822 3228 illatum
834 3169 1044 3246 reparandum,
1060 3173 1094 3229 ut

73 3248 149 3314 idem
159 3255 269 3314 Paulus
281 3254 327 3314 il
320 3271 351 3314 ιιι
361 3253 419 3314 'alia
431 3254 513 3334 bulla
526 3254 693 3328 sancivit&
695 3259 717 3329 )

101 3455 136 3538 (l)
150 3456 296 3516 Glausulae,
313 3469 374 3524 quae
388 3471 438 3542 pro
452 3469 531 3510 casus
546 3457 675 3524 qualitate
697 3458 867 3546 beneplacito
882 3460 1039 3528 Apostolloo
1054 3461 1096 3514 lu·

74 3527 125 3578 seri
145 3529 244 3588 solent,
265 3533 329 3581 aunt
342 3530 488 3596 praecipua
510 3534 662 3596 sequentes,
684 3532 840 3584 nimirum:
863 3532 938 3585 bonis
959 3531 1096 3598 predictis

73 3596 146 3660 amaa
162 3611 257 3656 coram
273 3599 345 3700 notis
363 3600 539 3668 specificam
560 3601 584 3654 si
601 3601 633 3654 in
650 3603 799 3658 evidentem
817 3601 929 3656 ιιιὶιιιι
945 3602 1096 3660 utilitatem
