2426 4070
571 147 729 206 ..126-

131 274 277 334 sationem
296 285 364 330 esse
383 267 608 330 concedendam
625 268 655 328 in
671 269 737 345 ipso
752 267 935 344 poenitentia
949 268 1088 329 tribrmali
1106 287 1114 342 ;
1131 277 1199 331 et

129 364 266 439 injuncta
288 360 374 436 pravi
397 359 567 436 paenitentia
585 357 725 428 sutulari,
753 375 819 433 quae
832 359 880 416 vel
903 359 1194 418 aPoenitentiaria

130 451 353 520 determinatur,
381 449 430 508 vel
457 447 682 507 determinanda
709 446 765 522 ipsi
792 447 945 506 executori
970 447 1183 522 relinquitur.

130 543 227 610 Quare
241 537 266 595 si
279 536 458 612 rescriptum
472 535 510 595 sit
524 535 725 611 obreptitium,
741 537 787 595 vel
798 535 1016 611 subreptitium,
1031 536 1057 595 si
1071 545 1188 596 extra

130 626 349 688 contessionem
363 625 562 702 dispensetur,
577 631 628 684 aut
646 624 744 683 debita
756 623 930 699 poenitentia
943 641 1003 684 nou
1019 625 1184 700 impona-

129 721 227 788 natur,
240 714 422 789 dispensatio
436 713 469 772 flt
490 712 572 772 irrita
596 719 685 788 atque
708 713 797 771 nulla
814 717 888 772 dnte
904 713 1181 788 dispensationem

129 809 230 862 tamen
244 803 274 862 in
294 803 360 878 ipso
374 809 442 861 actu
464 800 660 862 consessionis
683 799 782 860 danda
796 808 845 860 est
856 802 1002 861 absolutio
1016 819 1034 860 a
1047 819 1176 861 censu-

128 891 171 952 ris
188 890 331 966 :expedit
360 908 490 966 quoque,
512 896 545 950 ut
573 891 659 949 detur
678 888 825 948 absolutio
846 907 864 948 a
884 890 1026 965 peccatis3
1056 890 1112 948 sed
1137 891 1175 950 si

75 1009 84 1016 ·
130 981 278 1055 poenitens
292 996 354 1038 non
368 987 447 1040 esset
468 977 640 1054 dispositus,
656 983 685 1036 et
704 993 789 1036 mora
805 978 942 1053 nequiret
955 978 1043 1050 neoti,
1065 978 1171 1038 etiam

128 1071 241 1146 absque
255 1068 366 1145 praevia
379 1069 566 1128 absolutione
581 1085 599 1126 a
612 1066 752 1142 peccatis,
763 1068 876 1127 valeret
888 1069 925 1126 ab
936 1067 1169 1142 impedimentis

128 1157 318 1234 dispensatio,
344 1158 429 1233 cujus
451 1158 610 1216 formulam
633 1155 753 1214 exbibet
775 1156 950 1216 Benedictus
968 1157 1103 1239 lllll,qui
1120 1158 1165 1218 de

127 1248 185 1308 hac
209 1247 332 1308 materia
351 1248 410 1306 late
434 1254 464 1305 et
483 1244 708 1322 sapientissime
728 1261 813 1304 more
841 1262 896 1305 suo
925 1251 1087 1320 pertractat
1101 1251 1161 1320 (3).

127 1342 200 1398 bata
212 1337 333 1396 demum
347 1335 578 1410 dispensatione,
594 1334 727 1394 litteraea
742 1339 770 1393 S.
788 1333 1009 1394 poenitentiario
1021 1343 1162 1410 aceeptae

127 1426 183 1485 sub
198 1443 289 1501 poena
303 1422 620 1485 excommunicationis
637 1425 704 1482 latae
723 1423 877 1482 sententiae
892 1430 962 1482 sunt
975 1423 1159 1497 lacerandae,

126 1515 175 1574 vel
189 1513 410 1586 comburendae,
425 1528 463 1570 ne
477 1512 570 1570 ullum
585 1527 689 1570 earum
704 1519 823 1570 maneat
836 1509 993 1586 vestigium
1007 1515 1047 1582 (a)
1061 1531 1068 1570 :
1084 1528 1161 1571 nam

127 1603 205 1664 dicta
219 1601 399 1678 dispensatio
411 1601 534 1677 prodest
547 1606 663 1659 tantum
676 1617 730 1675 pro
745 1601 811 1660 iero
822 1597 949 1659 interno.
967 1601 1049 1660 Unde
1059 1601 1084 1658 si
1097 1600 1159 1660 im·

126 1692 329 1768 pedimentum
354 1707 393 1749 ex
418 1689 537 1748 occulto
562 1689 614 1748 flat
627 1688 790 1764 publicum,
814 1705 870 1764 pro
885 1690 951 1748 toro
968 1696 1093 1750 externo
1108 1696 1162 1750 est

126 1781 234 1840 iterum
259 1780 297 1838 ad
315 1777 463 1838 batariam
487 1777 704 1837 recurrendum
732 1776 770 1837 ad
795 1777 1050 1853 dispensationem
1077 1778 1157 1838 obti-

127 1869 265 1929 nendam.

158 2044 195 2109 (l)
208 2043 369 2094 Benedictus
383 2042 458 2102 XIV,
474 2042 517 2094 cit.
530 2042 598 2093 Inst.
614 2043 654 2104 87,
668 2056 694 2092 n.
711 2043 749 2093 32.
760 2069 791 2080 -
809 2041 845 2106 (2)
861 2041 902 2094 Id.
918 2041 996 2093 ibn.
1015 2041 1054 2093 31.
1069 2069 1100 2080 -
1118 2044 1158 2110 (3)

127 2116 166 2167 Id.
182 2115 218 2165 ib.
234 2127 284 2178 per
297 2117 343 2165 tot.
362 2113 390 2166 Si
405 2113 494 2178 agitur
504 2115 537 2164 de
552 2113 668 2164 ineundo
679 2113 858 2176 matrimonio,
874 2118 1001 2164 executor
1015 2113 1157 2165 confessa-

127 2188 185 2238 rius
197 2189 258 2248 post
270 2188 398 2236 consueta
412 2185 496 2237 verba
508 2184 687 2236 absolutionis
701 2198 717 2234 a
731 2185 863 2242 censuris,
879 2184 921 2234 vel
936 2185 1016 2234 etiam
1029 2195 1156 2248 specea-

127 2258 171 2316 tis,
191 2255 250 2306 haec
264 2255 362 2306 addet:
378 2253 411 2309 lit
431 2256 541 2320 insuper
563 2255 725 2308 auctoritate
748 2254 897 2320 Apostolicc
917 2253 989 2306 mihi
1000 2255 1158 2317 specialiter

126 2329 256 2392 dctepatu,
272 2326 393 2392 dispenso
414 2331 500 2380 tecum
517 2340 598 2389 super
610 2325 801 2390 impedimento
816 2324 849 2376 N.
862 2327 917 2390 (hic
931 2325 1085 2376 nominatur
1098 2327 1155 2378 im-

126 2399 330 2466 pedimentum),
347 2402 376 2450 ut
390 2398 504 2464 pratulo
516 2397 712 2464 impedimento
727 2409 782 2448 nort
799 2397 927 2459 obstante,
941 2397 1156 2450 matrimonium

126 2481 189 2520 cum
201 2467 275 2521 dicta
295 2469 407 2522 muliere
428 2467 462 2520 N.
484 2469 595 2534 publice,
612 2473 720 2520 servata
740 2467 831 2532 fornic
854 2467 962 2520 concilii
983 2466 1153 2530 Tridentini,

125 2538 293 2598 contrahere,
308 2553 504 2604 coinanimari,
518 2553 550 2591 aa
563 2539 594 2590 in
610 2553 638 2590 eo
652 2538 847 2602 atcneredicite
860 2537 951 2603 possis,
964 2543 988 2592 ct
1004 2539 1101 2590 valeas.
1116 2538 1156 2592 In

125 2612 234 2674 nominc
249 2611 348 2676 Patris,
363 2615 412 2662 etc.
430 2613 529 2662 Slvere
543 2611 632 2676 agitur
643 2610 677 2661 de
691 2611 861 2662 matrimonio
872 2612 930 2675 jam
944 2613 1090 2670 contracto,
1103 2625 1155 2662 ea·

127 2684 189 2735 dem
206 2683 349 2734 adhibetur
363 2683 487 2745 formula,
499 2683 606 2733 omissis
620 2683 730 2734 verbis:
742 2681 854 2746 publice.
865 2685 972 2735 servata
985 2681 1076 2748 somna
1088 2696 1155 2736 con-

126 2755 183 2807 cilii
197 2752 353 2806 Tridentini
361 2753 526 2805 contrahere.
543 2753 577 2804 lit
590 2756 684 2817 postea
698 2753 726 2802 in
741 2757 856 2817 utroque
868 2767 932 2804 casu
946 2761 1072 2804 execrator
1085 2769 1155 2806 ecn-

125 2825 256 2877 lessarius
273 2824 412 2889 adjungit:
430 2823 545 2889 Insuper
567 2821 660 2876 eadem
682 2823 844 2877 auctoritate
865 2824 1016 2888 apostolica
1036 2825 1152 2890 protam,

125 2908 208 2962 quam
220 2907 253 2945 ea
263 2894 602 2961 matrimoniosasceperis.
616 2895 667 2959 (eet
686 2909 768 2960 quam
787 2895 934 2960 suscepisti,
953 2899 978 2948 et
995 2897 1153 2964 susceperis)

125 2967 275 3032 lepitimam
290 2965 349 3031 sore
363 2967 460 3018 nuntio
473 2970 497 3019 et
512 2967 626 3018 declaro.
639 2965 673 3018 ln
686 2966 793 3019 nominc
803 2966 903 3030 Putris,
916 2971 965 3020 etc.
976 2969 1040 3020 Haec
1054 2968 1154 3025 ultima

126 3039 248 3091 clausula
265 3038 293 3086 in
312 3037 512 3102 dispensatione
531 3037 564 3088 ad
580 3038 791 3088 contrahendum
808 3039 961 3104 apponitur,
975 3043 1005 3090 ut
1018 3040 1150 3104 salvetur,

126 3114 256 3174 quantum
270 3107 328 3158 tleri
340 3111 436 3173 potest,
453 3110 606 3174 legitimitas
621 3109 714 3174 prolis,
730 3110 753 3159 si
766 3116 859 3174 postea
869 3109 1089 3176 impedimentum
1103 3111 1153 3164 ilat

126 3179 274 3246 publicum.
286 3179 319 3228 ln
332 3179 534 3244 dispensatione
549 3194 611 3231 vero
627 3184 687 3246 post
698 3184 865 3232 contractum
879 3181 1080 3232 matrimonium
1095 3183 1154 3236 alia

126 3251 329 3316 subjunguntur
342 3263 433 3315 opera,
448 3255 479 3302 ut
493 3255 535 3302 est
548 3248 684 3302 renovatio
696 3265 843 3302 consensus
853 3252 888 3302 ad
900 3253 1110 3316 matrimonium,
1120 3257 1154 3306 ut

127 3323 197 3372 inlra
216 3321 376 3372 videbimus.
390 3349 422 3358 -
435 3324 470 3386 (l)
491 3323 567 3372 Hanc
581 3323 731 3374 clausulam
749 3323 782 3373 de
797 3323 893 3374 litteris
914 3323 1067 3376 lacerandis
1081 3325 1153 3378 solet

126 3381 332 3445 Poenitentiaria
346 3393 479 3453 omittere,
490 3389 597 3466 quando
611 3394 652 3443 vir
666 3398 693 3444 et
706 3393 804 3445 mulier
814 3394 894 3445 simul
909 3395 1045 3460 impudice
1059 3396 1152 3447 viren-

125 3469 167 3516 tes
180 3465 260 3528 vulgo
274 3477 323 3530 pro
344 3464 505 3530 conjugibus
524 3467 727 3530 potentumque
742 3477 807 3516 casu
825 3479 880 3516 non
896 3466 954 3532 ipse
968 3467 1150 3522 confessarius

126 3536 286 3600 rescriptum
301 3536 511 3602 anconitanam
525 3535 729 3602 peteshusani
743 3537 943 3590 matrimonium
965 3537 1047 3630 debe}
1061 3537 1148 3592 edno-
