<?xml version="1.0" encoding="UTF-8"?>
<!DOCTYPE html PUBLIC "-//W3C//DTD XHTML 1.0 Transitional//EN"
    "http://www.w3.org/TR/xhtml1/DTD/xhtml1-transitional.dtd">
<html xmlns="http://www.w3.org/1999/xhtml" xml:lang="en" lang="en">
 <head>
  <title>
</title>
<meta http-equiv="Content-Type" content="text/html;charset=utf-8" />
  <meta name='ocr-system' content='tesseract 3.04.00' />
  <meta name='ocr-capabilities' content='ocr_page ocr_carea ocr_par ocr_line ocrx_word'/>
</head>
<body>
  <div class='ocr_page' id='page_1' title='image "./summainstitutio01ferrgoog_0268.png"; bbox 0 0 2410 4068; ppageno 0'>
   <div class='ocr_carea' id='block_1_1' title="bbox 449 167 612 226">
    <p class='ocr_par' dir='ltr' id='par_1_1' title="bbox 449 167 612 226">
     <span class='ocr_line' id='line_1_1' title="bbox 449 167 612 226; baseline 0 -16"><span class='ocrx_word' id='word_1_1' title='bbox 449 167 612 226; x_wconf 72' lang='lat'>...257-</span> 
     </span>
    </p>
   </div>
   <div class='ocr_carea' id='block_1_2' title="bbox 39 286 1047 1070">
    <p class='ocr_par' dir='ltr' id='par_1_2' title="bbox 39 286 1047 1070">
     <span class='ocr_line' id='line_1_2' title="bbox 41 286 1046 366; baseline 0.007 -21"><span class='ocrx_word' id='word_1_2' title='bbox 41 292 81 345; x_wconf 84' lang='lat' dir='ltr'><strong>out</strong></span> <span class='ocrx_word' id='word_1_3' title='bbox 93 286 297 362; x_wconf 75' lang='lat' dir='ltr'><strong>resiptationer</strong></span> <span class='ocrx_word' id='word_1_4' title='bbox 313 287 471 350; x_wconf 74' lang='lat' dir='ltr'><em>admittere</em></span> <span class='ocrx_word' id='word_1_5' title='bbox 483 289 605 364; x_wconf 82' lang='lat' dir='ltr'><strong>possint,</strong></span> <span class='ocrx_word' id='word_1_6' title='bbox 621 289 672 366; x_wconf 78' lang='lat' dir='ltr'><strong>qui</strong></span> <span class='ocrx_word' id='word_1_7' title='bbox 684 295 738 350; x_wconf 86' lang='lat' dir='ltr'><strong>cut</strong></span> <span class='ocrx_word' id='word_1_8' title='bbox 751 289 831 350; x_wconf 83' lang='lat' dir='ltr'><strong>senio</strong></span> <span class='ocrx_word' id='word_1_9' title='bbox 845 291 1046 366; x_wconf 70' lang='lat' dir='ltr'><strong>coniectione</strong></span> 
     </span>
     <span class='ocr_line' id='line_1_3' title="bbox 41 375 1047 454; baseline 0.006 -20"><span class='ocrx_word' id='word_1_10' title='bbox 41 375 238 448; x_wconf 66' lang='lat' dir='ltr'><strong>mittudinarii</strong></span> <span class='ocrx_word' id='word_1_11' title='bbox 253 383 308 436; x_wconf 85' lang='lat' dir='ltr'><strong>aut</strong></span> <span class='ocrx_word' id='word_1_12' title='bbox 323 392 441 454; x_wconf 80' lang='lat' dir='ltr'><strong>corpore</strong></span> <span class='ocrx_word' id='word_1_13' title='bbox 454 377 597 454; x_wconf 83' lang='lat' dir='ltr'><strong>impediti,</strong></span> <span class='ocrx_word' id='word_1_14' title='bbox 611 375 659 438; x_wconf 84' lang='lat' dir='ltr'><strong>oet</strong></span> <span class='ocrx_word' id='word_1_15' title='bbox 672 378 779 450; x_wconf 83' lang='lat' dir='ltr'><strong>vitiati,</strong></span> <span class='ocrx_word' id='word_1_16' title='bbox 795 387 849 440; x_wconf 82' lang='lat' dir='ltr'><strong>cut</strong></span> <span class='ocrx_word' id='word_1_17' title='bbox 863 380 984 440; x_wconf 83' lang='lat' dir='ltr'><strong>crimini</strong></span> <span class='ocrx_word' id='word_1_18' title='bbox 997 381 1047 440; x_wconf 79' lang='lat' dir='ltr'><strong>ob-</strong></span> 
     </span>
     <span class='ocr_line' id='line_1_4' title="bbox 41 465 1044 546; baseline 0.006 -23"><span class='ocrx_word' id='word_1_19' title='bbox 41 465 313 542; x_wconf 68' lang='lat' dir='ltr'><strong>antemnisque</strong></span> <span class='ocrx_word' id='word_1_20' title='bbox 329 466 526 526; x_wconf 81' lang='lat' dir='ltr'><strong>ecclesiacticis</strong></span> <span class='ocrx_word' id='word_1_21' title='bbox 541 468 658 541; x_wconf 81' lang='lat' dir='ltr'><strong>irretiti,</strong></span> <span class='ocrx_word' id='word_1_22' title='bbox 671 475 725 527; x_wconf 86' lang='lat' dir='ltr'><strong>aut</strong></span> <span class='ocrx_word' id='word_1_23' title='bbox 736 476 895 546; x_wconf 83' lang='lat' dir='ltr'><strong>nequeunt,</strong></span> <span class='ocrx_word' id='word_1_24' title='bbox 910 476 966 529; x_wconf 87' lang='lat' dir='ltr'><strong>aut</strong></span> <span class='ocrx_word' id='word_1_25' title='bbox 982 485 1044 530; x_wconf 83' lang='lat' dir='ltr'><strong>non</strong></span> 
     </span>
     <span class='ocr_line' id='line_1_5' title="bbox 41 551 1046 629; baseline 0.004 -18"><span class='ocrx_word' id='word_1_26' title='bbox 41 551 120 612; x_wconf 71' lang='lat' dir='ltr'><strong>dotem</strong></span> <span class='ocrx_word' id='word_1_27' title='bbox 136 553 278 625; x_wconf 76' lang='lat' dir='ltr'><strong>Ecclesia,</strong></span> <span class='ocrx_word' id='word_1_28' title='bbox 297 554 343 614; x_wconf 84' lang='lat' dir='ltr'><strong>oet</strong></span> <span class='ocrx_word' id='word_1_29' title='bbox 357 553 490 629; x_wconf 74' lang='lat' dir='ltr'><strong>beneficio</strong></span> <span class='ocrx_word' id='word_1_30' title='bbox 503 555 647 616; x_wconf 78' lang='lat' dir='ltr'><strong>inservire</strong></span> <span class='ocrx_word' id='word_1_31' title='bbox 662 559 713 628; x_wconf 80' lang='lat' dir='ltr'><strong>(l).</strong></span> <span class='ocrx_word' id='word_1_32' title='bbox 729 555 840 628; x_wconf 85' lang='lat' dir='ltr'><strong>Quibus</strong></span> <span class='ocrx_word' id='word_1_33' title='bbox 854 555 961 616; x_wconf 88' lang='lat' dir='ltr'><strong>deinde</strong></span> <span class='ocrx_word' id='word_1_34' title='bbox 975 561 1046 618; x_wconf 87' lang='lat' dir='ltr'><strong>Pon-</strong></span> 
     </span>
     <span class='ocr_line' id='line_1_6' title="bbox 40 640 1047 720; baseline 0.007 -21"><span class='ocrx_word' id='word_1_35' title='bbox 40 640 95 700; x_wconf 83' lang='lat' dir='ltr'><strong>tiler</strong></span> <span class='ocrx_word' id='word_1_36' title='bbox 119 641 251 717; x_wconf 85' lang='lat' dir='ltr'><strong>adjungit</strong></span> <span class='ocrx_word' id='word_1_37' title='bbox 278 642 447 720; x_wconf 70' lang='lat' dir='ltr'><strong>obtinentes</strong></span> <span class='ocrx_word' id='word_1_38' title='bbox 475 643 561 718; x_wconf 88' lang='lat' dir='ltr'><strong>plura</strong></span> <span class='ocrx_word' id='word_1_39' title='bbox 585 643 741 716; x_wconf 84' lang='lat' dir='ltr'><strong>beneficia,</strong></span> <span class='ocrx_word' id='word_1_40' title='bbox 763 645 985 719; x_wconf 87' lang='lat' dir='ltr'><strong>promovendos</strong></span> <span class='ocrx_word' id='word_1_41' title='bbox 1008 646 1047 706; x_wconf 81' lang='lat' dir='ltr'><strong>eo</strong></span> 
     </span>
     <span class='ocr_line' id='line_1_7' title="bbox 41 729 1045 808; baseline 0.008 -20"><span class='ocrx_word' id='word_1_42' title='bbox 41 729 302 804; x_wconf 73' lang='lat' dir='ltr'><strong>dirumpendum,</strong></span> <span class='ocrx_word' id='word_1_43' title='bbox 317 731 452 790; x_wconf 88' lang='lat' dir='ltr'><strong>volentes</strong></span> <span class='ocrx_word' id='word_1_44' title='bbox 463 730 598 807; x_wconf 85' lang='lat' dir='ltr'><strong>profiteri</strong></span> <span class='ocrx_word' id='word_1_45' title='bbox 610 730 795 808; x_wconf 82' lang='lat' dir='ltr'>religionem,</span> <span class='ocrx_word' id='word_1_46' title='bbox 808 734 855 793; x_wconf 83' lang='lat' dir='ltr'><strong>vel</strong></span> <span class='ocrx_word' id='word_1_47' title='bbox 869 733 1045 796; x_wconf 81' lang='lat' dir='ltr'><strong>contrahere</strong></span> 
     </span>
     <span class='ocr_line' id='line_1_8' title="bbox 39 815 1045 898; baseline 0.006 -22"><span class='ocrx_word' id='word_1_48' title='bbox 39 818 253 892; x_wconf 73' lang='lat' dir='ltr'><strong>matrimonium,</strong></span> <span class='ocrx_word' id='word_1_49' title='bbox 265 820 313 880; x_wconf 90' lang='lat' dir='ltr'><strong>vel</strong></span> <span class='ocrx_word' id='word_1_50' title='bbox 325 815 488 881; x_wconf 84' lang='lat' dir='ltr'><strong>existentes</strong></span> <span class='ocrx_word' id='word_1_51' title='bbox 501 819 530 880; x_wconf 88' lang='lat' dir='ltr'><strong>in</strong></span> <span class='ocrx_word' id='word_1_52' title='bbox 544 821 614 881; x_wconf 83' lang='lat' dir='ltr'><strong>vitae</strong></span> <span class='ocrx_word' id='word_1_53' title='bbox 625 821 761 898; x_wconf 85' lang='lat' dir='ltr'><strong>periculo</strong></span> <span class='ocrx_word' id='word_1_54' title='bbox 776 821 817 882; x_wconf 91' lang='lat' dir='ltr'><strong>ob</strong></span> <span class='ocrx_word' id='word_1_55' title='bbox 830 822 970 898; x_wconf 81' lang='lat' dir='ltr'><strong>capitales</strong></span> <span class='ocrx_word' id='word_1_56' title='bbox 988 823 1045 882; x_wconf 91' lang='lat' dir='ltr'><strong>ini-</strong></span> 
     </span>
     <span class='ocr_line' id='line_1_9' title="bbox 39 905 1044 988; baseline 0.007 -23"><span class='ocrx_word' id='word_1_57' title='bbox 39 905 144 966; x_wconf 85' lang='lat' dir='ltr'><strong>micitias</strong></span> <span class='ocrx_word' id='word_1_58' title='bbox 156 906 187 966; x_wconf 91' lang='lat' dir='ltr'><strong>in</strong></span> <span class='ocrx_word' id='word_1_59' title='bbox 202 909 272 968; x_wconf 86' lang='lat' dir='ltr'><strong>loco</strong></span> <span class='ocrx_word' id='word_1_60' title='bbox 285 908 422 968; x_wconf 84' lang='lat' dir='ltr'><strong>beneficii</strong></span> <span class='ocrx_word' id='word_1_61' title='bbox 436 909 589 984; x_wconf 84' lang='lat' dir='ltr'><strong>excitatas,</strong></span> <span class='ocrx_word' id='word_1_62' title='bbox 603 925 680 986; x_wconf 86' lang='lat' dir='ltr'><strong>quos</strong></span> <span class='ocrx_word' id='word_1_63' title='bbox 692 925 798 975; x_wconf 87' lang='lat' dir='ltr'><strong>omues</strong></span> <span class='ocrx_word' id='word_1_64' title='bbox 810 916 911 988; x_wconf 85' lang='lat' dir='ltr'><strong>potest</strong></span> <span class='ocrx_word' id='word_1_65' title='bbox 923 912 1044 988; x_wconf 85' lang='lat' dir='ltr'><strong>Episco·</strong></span> 
     </span>
     <span class='ocr_line' id='line_1_10' title="bbox 39 996 608 1070; baseline 0.004 -14"><span class='ocrx_word' id='word_1_66' title='bbox 39 996 126 1070; x_wconf 85' lang='lat' dir='ltr'><strong>pusad</strong></span> <span class='ocrx_word' id='word_1_67' title='bbox 136 996 376 1058; x_wconf 79' lang='lat' dir='ltr'><strong>renunciandum</strong></span> <span class='ocrx_word' id='word_1_68' title='bbox 386 997 542 1068; x_wconf 84' lang='lat' dir='ltr'><strong>admittere</strong></span> <span class='ocrx_word' id='word_1_69' title='bbox 556 1000 608 1070; x_wconf 77' lang='lat' dir='ltr'><strong>(tl).</strong></span> 
     </span>
    </p>
   </div>
   <div class='ocr_carea' id='block_1_3' title="bbox 40 1146 1048 1256">
    <p class='ocr_par' dir='ltr' id='par_1_3' title="bbox 40 1146 1048 1256">
     <span class='ocr_line' id='line_1_11' title="bbox 40 1146 1048 1256; baseline 0.006 -19"><span class='ocrx_word' id='word_1_70' title='bbox 40 1147 42 1154; x_wconf 21' lang='grc' dir='ltr'>Ι</span> <span class='ocrx_word' id='word_1_71' title='bbox 61 1187 91 1252; x_wconf 92' lang='lat' dir='ltr'><strong>(l)</strong></span> <span class='ocrx_word' id='word_1_72' title='bbox 108 1187 174 1253; x_wconf 79' lang='lat' dir='ltr'><strong>Gap·</strong></span> <span class='ocrx_word' id='word_1_73' title='bbox 190 1187 215 1248; x_wconf 77' lang='lat'><strong>2,</strong></span> <span class='ocrx_word' id='word_1_74' title='bbox 234 1187 482 1253; x_wconf 64' lang='lat' dir='ltr'><strong>detracturum</strong></span> <span class='ocrx_word' id='word_1_75' title='bbox 498 1189 574 1254; x_wconf 78' lang='lat' dir='ltr'><strong>—(i)</strong></span> <span class='ocrx_word' id='word_1_76' title='bbox 588 1188 652 1254; x_wconf 82' lang='lat' dir='ltr'><strong>Gap.</strong></span> <span class='ocrx_word' id='word_1_77' title='bbox 678 1189 707 1242; x_wconf 86' lang='lat' dir='ltr'><strong>lo</strong></span> <span class='ocrx_word' id='word_1_78' title='bbox 728 1190 761 1242; x_wconf 87' lang='lat' dir='ltr'><strong>de</strong></span> <span class='ocrx_word' id='word_1_79' title='bbox 783 1193 889 1244; x_wconf 83' lang='lat' dir='ltr'><strong>renunt.</strong></span> <span class='ocrx_word' id='word_1_80' title='bbox 905 1215 935 1231; x_wconf 81' lang='lat'><strong>·-</strong></span> <span class='ocrx_word' id='word_1_81' title='bbox 948 1146 985 1256; x_wconf 73' lang='lat' dir='ltr'><strong>(i)</strong></span> <span class='ocrx_word' id='word_1_82' title='bbox 997 1191 1048 1244; x_wconf 78' lang='lat' dir='ltr'><strong>Hm</strong></span> 
     </span>
    </p>
   </div>
   <div class='ocr_carea' id='block_1_4' title="bbox 36 1261 1058 2022">
    <p class='ocr_par' dir='ltr' id='par_1_4' title="bbox 36 1261 1058 2022">
     <span class='ocr_line' id='line_1_12' title="bbox 38 1261 1048 1328; baseline 0.006 -20"><span class='ocrx_word' id='word_1_83' title='bbox 38 1271 115 1310; x_wconf 85' lang='lat' dir='ltr'><strong>omues</strong></span> <span class='ocrx_word' id='word_1_84' title='bbox 128 1273 218 1312; x_wconf 84' lang='lat' dir='ltr'><strong>causae</strong></span> <span class='ocrx_word' id='word_1_85' title='bbox 233 1261 261 1312; x_wconf 91' lang='lat' dir='ltr'><strong>in</strong></span> <span class='ocrx_word' id='word_1_86' title='bbox 275 1261 346 1312; x_wconf 87' lang='lat' dir='ltr'><strong>notis</strong></span> <span class='ocrx_word' id='word_1_87' title='bbox 361 1261 531 1314; x_wconf 81' lang='lat' dir='ltr'><strong>continentur</strong></span> <span class='ocrx_word' id='word_1_88' title='bbox 545 1261 649 1314; x_wconf 75' lang='lat' dir='ltr'><strong>Glsssae</strong></span> <span class='ocrx_word' id='word_1_89' title='bbox 664 1262 806 1316; x_wconf 83' lang='lat' dir='ltr'><strong>uersiculis</strong></span> <span class='ocrx_word' id='word_1_90' title='bbox 822 1283 828 1312; x_wconf 90' lang='lat'><strong>:</strong></span> <span class='ocrx_word' id='word_1_91' title='bbox 851 1261 957 1323; x_wconf 77' lang='lat' dir='ltr'><strong>Deditis,</strong></span> <span class='ocrx_word' id='word_1_92' title='bbox 969 1262 1048 1328; x_wconf 78' lang='lat' dir='ltr'><strong>igne·</strong></span> 
     </span>
     <span class='ocr_line' id='line_1_13' title="bbox 37 1328 1050 1399; baseline 0.004 -19"><span class='ocrx_word' id='word_1_93' title='bbox 37 1342 83 1392; x_wconf 76' lang='lat' dir='ltr'><strong>aas,</strong></span> <span class='ocrx_word' id='word_1_94' title='bbox 95 1331 160 1382; x_wconf 79' lang='lat' dir='ltr'><strong>maie</strong></span> <span class='ocrx_word' id='word_1_95' title='bbox 173 1331 304 1396; x_wconf 77' lang='lat' dir='ltr'><strong>conscius,</strong></span> <span class='ocrx_word' id='word_1_96' title='bbox 314 1331 484 1396; x_wconf 73' lang='lat' dir='ltr'><strong>irregularis,</strong></span> <span class='ocrx_word' id='word_1_97' title='bbox 497 1359 529 1371; x_wconf 93' lang='lat'>-</span> <span class='ocrx_word' id='word_1_98' title='bbox 543 1333 625 1398; x_wconf 81' lang='lat' dir='ltr'><strong>Quem</strong></span> <span class='ocrx_word' id='word_1_99' title='bbox 640 1337 714 1387; x_wconf 85' lang='lat' dir='ltr'><strong>mola</strong></span> <span class='ocrx_word' id='word_1_100' title='bbox 728 1333 796 1399; x_wconf 84' lang='lat' dir='ltr'><strong>plebs</strong></span> <span class='ocrx_word' id='word_1_101' title='bbox 810 1332 876 1396; x_wconf 86' lang='lat' dir='ltr'><strong>odit,</strong></span> <span class='ocrx_word' id='word_1_102' title='bbox 892 1328 960 1387; x_wconf 82' lang='lat' dir='ltr'><strong>dous</strong></span> <span class='ocrx_word' id='word_1_103' title='bbox 973 1345 1050 1384; x_wconf 85' lang='lat' dir='ltr'><strong>scon-</strong></span> 
     </span>
     <span class='ocr_line' id='line_1_14' title="bbox 37 1399 1048 1476; baseline 0.001 -25"><span class='ocrx_word' id='word_1_104' title='bbox 37 1399 96 1459; x_wconf 85' lang='lat' dir='ltr'><strong>detc,</strong></span> <span class='ocrx_word' id='word_1_105' title='bbox 108 1401 197 1454; x_wconf 83' lang='lat' dir='ltr'><strong>cedere</strong></span> <span class='ocrx_word' id='word_1_106' title='bbox 212 1401 303 1467; x_wconf 65' lang='lat' dir='ltr'><strong>potet.</strong></span> <span class='ocrx_word' id='word_1_107' title='bbox 317 1402 394 1454; x_wconf 87' lang='lat' dir='ltr'><strong>Girca</strong></span> <span class='ocrx_word' id='word_1_108' title='bbox 407 1402 456 1452; x_wconf 84' lang='lat' dir='ltr'><strong>has</strong></span> <span class='ocrx_word' id='word_1_109' title='bbox 474 1415 569 1454; x_wconf 86' lang='lat' dir='ltr'><strong>causas</strong></span> <span class='ocrx_word' id='word_1_110' title='bbox 584 1404 715 1470; x_wconf 86' lang='lat' dir='ltr'><strong>legendus</strong></span> <span class='ocrx_word' id='word_1_111' title='bbox 729 1403 941 1476; x_wconf 24' lang='lat' dir='ltr'><strong>cst&#39;Ventriglic</strong></span> <span class='ocrx_word' id='word_1_112' title='bbox 957 1404 991 1454; x_wconf 88' lang='lat' dir='ltr'><strong>dc</strong></span> <span class='ocrx_word' id='word_1_113' title='bbox 1005 1413 1048 1453; x_wconf 51' lang='lat' dir='ltr'><strong>re¹¹</strong></span> 
     </span>
     <span class='ocr_line' id='line_1_15' title="bbox 36 1473 1049 1538; baseline 0.004 -18"><span class='ocrx_word' id='word_1_114' title='bbox 36 1484 104 1524; x_wconf 87' lang='lat' dir='ltr'><strong>nnnc.</strong></span> <span class='ocrx_word' id='word_1_115' title='bbox 118 1473 209 1524; x_wconf 83' lang='lat' dir='ltr'><strong>benet.</strong></span> <span class='ocrx_word' id='word_1_116' title='bbox 231 1474 245 1536; x_wconf 64' lang='grc' dir='ltr'><strong>ἕ</strong></span> <span class='ocrx_word' id='word_1_117' title='bbox 269 1473 291 1534; x_wconf 94' lang='lat' dir='ltr'><strong>l,</strong></span> <span class='ocrx_word' id='word_1_118' title='bbox 314 1487 330 1523; x_wconf 87' lang='lat' dir='ltr'><strong>a</strong></span> <span class='ocrx_word' id='word_1_119' title='bbox 353 1486 380 1522; x_wconf 92' lang='lat' dir='ltr'><strong>n.</strong></span> <span class='ocrx_word' id='word_1_120' title='bbox 406 1475 428 1535; x_wconf 87' lang='lat' dir='ltr'><strong>l,</strong></span> <span class='ocrx_word' id='word_1_121' title='bbox 450 1473 497 1536; x_wconf 87' lang='lat' dir='ltr'><strong>qui</strong></span> <span class='ocrx_word' id='word_1_122' title='bbox 519 1475 629 1525; x_wconf 85' lang='lat' dir='ltr'><strong>easdem</strong></span> <span class='ocrx_word' id='word_1_123' title='bbox 650 1487 747 1526; x_wconf 84' lang='lat' dir='ltr'><strong>causas</strong></span> <span class='ocrx_word' id='word_1_124' title='bbox 761 1475 867 1538; x_wconf 87' lang='lat' dir='ltr'><strong>copiose</strong></span> <span class='ocrx_word' id='word_1_125' title='bbox 882 1474 1003 1538; x_wconf 82' lang='lat' dir='ltr'><strong>explicat.</strong></span> <span class='ocrx_word' id='word_1_126' title='bbox 1017 1498 1049 1512; x_wconf 90' lang='lat'><strong>·-</strong></span> 
     </span>
     <span class='ocr_line' id='line_1_16' title="bbox 38 1542 1051 1610; baseline 0.004 -18"><span class='ocrx_word' id='word_1_127' title='bbox 38 1542 66 1607; x_wconf 90' lang='lat' dir='ltr'><strong>(l)</strong></span> <span class='ocrx_word' id='word_1_128' title='bbox 76 1545 130 1596; x_wconf 86' lang='lat' dir='ltr'><strong>Bul.</strong></span> <span class='ocrx_word' id='word_1_129' title='bbox 147 1544 257 1610; x_wconf 83' lang='lat' dir='ltr'><strong>Quanta</strong></span> <span class='ocrx_word' id='word_1_130' title='bbox 269 1543 389 1596; x_wconf 77' lang='lat' dir='ltr'><strong>ecelesia.</strong></span> <span class='ocrx_word' id='word_1_131' title='bbox 406 1569 432 1580; x_wconf 89' lang='lat'>-</span> <span class='ocrx_word' id='word_1_132' title='bbox 447 1543 483 1608; x_wconf 86' lang='lat'><strong>(5)</strong></span> <span class='ocrx_word' id='word_1_133' title='bbox 500 1543 652 1610; x_wconf 87' lang='lat' dir='ltr'><strong>Ventriglie</strong></span> <span class='ocrx_word' id='word_1_134' title='bbox 671 1546 720 1598; x_wconf 88' lang='lat' dir='ltr'><strong>loc.</strong></span> <span class='ocrx_word' id='word_1_135' title='bbox 742 1545 786 1599; x_wconf 86' lang='lat' dir='ltr'><strong>eit.</strong></span> <span class='ocrx_word' id='word_1_136' title='bbox 803 1559 829 1596; x_wconf 91' lang='lat' dir='ltr'><strong>n.</strong></span> <span class='ocrx_word' id='word_1_137' title='bbox 845 1545 885 1595; x_wconf 81' lang='lat' dir='ltr'><strong>tl.</strong></span> <span class='ocrx_word' id='word_1_138' title='bbox 900 1544 980 1596; x_wconf 83' lang='lat' dir='ltr'>Unde</span> <span class='ocrx_word' id='word_1_139' title='bbox 994 1544 1051 1596; x_wconf 77' lang='lat' dir='ltr'><strong>illac</strong></span> 
     </span>
     <span class='ocr_line' id='line_1_17' title="bbox 41 1614 1058 1682; baseline 0.003 -19"><span class='ocrx_word' id='word_1_140' title='bbox 41 1617 131 1665; x_wconf 77' lang='lat' dir='ltr'><strong>nutum</strong></span> <span class='ocrx_word' id='word_1_141' title='bbox 146 1616 181 1666; x_wconf 86' lang='lat' dir='ltr'><strong>ab</strong></span> <span class='ocrx_word' id='word_1_142' title='bbox 196 1615 331 1680; x_wconf 81' lang='lat' dir='ltr'><strong>Episcopo</strong></span> <span class='ocrx_word' id='word_1_143' title='bbox 345 1614 428 1679; x_wconf 82' lang='lat' dir='ltr'><strong>recipi</strong></span> <span class='ocrx_word' id='word_1_144' title='bbox 441 1617 557 1679; x_wconf 87' lang='lat' dir='ltr'><strong>possunt</strong></span> <span class='ocrx_word' id='word_1_145' title='bbox 571 1616 796 1675; x_wconf 87' lang='lat' dir='ltr'><strong>renunciationcs,</strong></span> <span class='ocrx_word' id='word_1_146' title='bbox 811 1629 871 1682; x_wconf 82' lang='lat' dir='ltr'><strong>quae</strong></span> <span class='ocrx_word' id='word_1_147' title='bbox 885 1615 1004 1680; x_wconf 81' lang='lat' dir='ltr'><strong>aliquam</strong></span> <span class='ocrx_word' id='word_1_148' title='bbox 1018 1628 1058 1675; x_wconf 63' lang='lat' dir='ltr'><strong>cx,</strong></span> 
     </span>
     <span class='ocr_line' id='line_1_18' title="bbox 39 1683 1049 1753; baseline 0.002 -20"><span class='ocrx_word' id='word_1_149' title='bbox 39 1683 106 1736; x_wconf 86' lang='lat' dir='ltr'><strong>dictis</strong></span> <span class='ocrx_word' id='word_1_150' title='bbox 121 1687 211 1737; x_wconf 86' lang='lat' dir='ltr'><strong>causis</strong></span> <span class='ocrx_word' id='word_1_151' title='bbox 230 1684 340 1747; x_wconf 84' lang='lat' dir='ltr'><strong>habent,</strong></span> <span class='ocrx_word' id='word_1_152' title='bbox 357 1684 400 1735; x_wconf 89' lang='lat' dir='ltr'><strong>vel</strong></span> <span class='ocrx_word' id='word_1_153' title='bbox 421 1697 530 1736; x_wconf 82' lang='lat' dir='ltr'><strong>causum</strong></span> <span class='ocrx_word' id='word_1_154' title='bbox 549 1685 584 1736; x_wconf 87' lang='lat' dir='ltr'><strong>ad</strong></span> <span class='ocrx_word' id='word_1_155' title='bbox 607 1687 726 1753; x_wconf 82' lang='lat' dir='ltr'><strong>aliquam</strong></span> <span class='ocrx_word' id='word_1_156' title='bbox 748 1700 840 1738; x_wconf 82' lang='lat' dir='ltr'><strong>earum</strong></span> <span class='ocrx_word' id='word_1_157' title='bbox 862 1685 1049 1744; x_wconf 73' lang='lat' dir='ltr'><strong>seducibilem,</strong></span> 
     </span>
     <span class='ocr_line' id='line_1_19' title="bbox 38 1754 1048 1820; baseline 0 -14"><span class='ocrx_word' id='word_1_158' title='bbox 38 1756 91 1818; x_wconf 83' lang='lat' dir='ltr'><strong>quic</strong></span> <span class='ocrx_word' id='word_1_159' title='bbox 105 1758 132 1806; x_wconf 89' lang='lat' dir='ltr'><strong>in</strong></span> <span class='ocrx_word' id='word_1_160' title='bbox 145 1757 188 1808; x_wconf 88' lang='lat' dir='ltr'><strong>cit.</strong></span> <span class='ocrx_word' id='word_1_161' title='bbox 204 1755 281 1807; x_wconf 85' lang='lat' dir='ltr'><strong>bulla</strong></span> <span class='ocrx_word' id='word_1_162' title='bbox 297 1755 422 1806; x_wconf 78' lang='lat' dir='ltr'><strong>Pontifex</strong></span> <span class='ocrx_word' id='word_1_163' title='bbox 434 1756 472 1806; x_wconf 87' lang='lat' dir='ltr'><strong>ite</strong></span> <span class='ocrx_word' id='word_1_164' title='bbox 486 1754 612 1808; x_wconf 86' lang='lat' dir='ltr'><strong>decernit.</strong></span> <span class='ocrx_word' id='word_1_165' title='bbox 629 1758 717 1809; x_wconf 81' lang='lat' dir='ltr'><strong>Causa</strong></span> <span class='ocrx_word' id='word_1_166' title='bbox 731 1757 838 1820; x_wconf 85' lang='lat' dir='ltr'><strong>similis,</strong></span> <span class='ocrx_word' id='word_1_167' title='bbox 849 1760 875 1808; x_wconf 90' lang='lat' dir='ltr'><strong>et</strong></span> <span class='ocrx_word' id='word_1_168' title='bbox 889 1757 923 1808; x_wconf 89' lang='lat' dir='ltr'><strong>cd</strong></span> <span class='ocrx_word' id='word_1_169' title='bbox 935 1757 996 1808; x_wconf 91' lang='lat' dir='ltr'><strong>illos</strong></span> <span class='ocrx_word' id='word_1_170' title='bbox 1007 1769 1048 1806; x_wconf 90' lang='lat' dir='ltr'><strong>re·</strong></span> 
     </span>
     <span class='ocr_line' id='line_1_20' title="bbox 38 1823 1053 1892; baseline 0.002 -16"><span class='ocrx_word' id='word_1_171' title='bbox 38 1823 260 1880; x_wconf 56' lang='lat' dir='ltr'><strong>(lucibilis‘adhuc</strong></span> <span class='ocrx_word' id='word_1_172' title='bbox 276 1826 388 1890; x_wconf 80' lang='lat' dir='ltr'><strong>sufficit,</strong></span> <span class='ocrx_word' id='word_1_173' title='bbox 408 1827 475 1892; x_wconf 83' lang='lat' dir='ltr'><strong>quia</strong></span> <span class='ocrx_word' id='word_1_174' title='bbox 495 1841 527 1878; x_wconf 87' lang='lat' dir='ltr'><strong>ca</strong></span> <span class='ocrx_word' id='word_1_175' title='bbox 549 1833 591 1879; x_wconf 83' lang='lat' dir='ltr'><strong>est</strong></span> <span class='ocrx_word' id='word_1_176' title='bbox 610 1831 709 1880; x_wconf 82' lang='lat' dir='ltr'><strong>nature</strong></span> <span class='ocrx_word' id='word_1_177' title='bbox 725 1828 851 1879; x_wconf 88' lang='lat' dir='ltr'><strong>dictionis</strong></span> <span class='ocrx_word' id='word_1_178' title='bbox 870 1828 1006 1886; x_wconf 75' lang='lat' dir='ltr'><strong>toxotium,</strong></span> <span class='ocrx_word' id='word_1_179' title='bbox 1019 1830 1053 1878; x_wconf 85' lang='lat' dir='ltr'><strong>ut</strong></span> 
     </span>
     <span class='ocr_line' id='line_1_21' title="bbox 38 1896 1048 2018; baseline -0.002 -68"><span class='ocrx_word' id='word_1_180' title='bbox 38 1896 147 2018; x_wconf 57' lang='lat' dir='ltr'><strong>{deludat</strong></span> <span class='ocrx_word' id='word_1_181' title='bbox 168 1911 264 1951; x_wconf 81' lang='lat' dir='ltr'><strong>omnes</strong></span> <span class='ocrx_word' id='word_1_182' title='bbox 284 1910 366 1950; x_wconf 84' lang='lat' dir='ltr'><strong>casus</strong></span> <span class='ocrx_word' id='word_1_183' title='bbox 386 1897 500 1962; x_wconf 76' lang='lat' dir='ltr'><strong>similes,</strong></span> <span class='ocrx_word' id='word_1_184' title='bbox 517 1911 549 1950; x_wconf 84' lang='lat' dir='ltr'><strong>ec</strong></span> <span class='ocrx_word' id='word_1_185' title='bbox 569 1901 741 1956; x_wconf 71' lang='lat' dir='ltr'><strong>extrinseci</strong></span> <span class='ocrx_word' id='word_1_186' title='bbox 757 1896 1048 1954; x_wconf 83' lang='lat' dir='ltr'><strong>dissimilicexcludrt.</strong></span> 
     </span>
     <span class='ocr_line' id='line_1_22' title="bbox 47 1967 214 2022; baseline 0.012 -4"><span class='ocrx_word' id='word_1_187' title='bbox 47 1967 68 2018; x_wconf 88' lang='lat' dir='ltr'><strong>d.</strong></span> <span class='ocrx_word' id='word_1_188' title='bbox 81 1969 116 2022; x_wconf 87' lang='lat' dir='ltr'><strong>ib.</strong></span> <span class='ocrx_word' id='word_1_189' title='bbox 131 1983 158 2022; x_wconf 88' lang='lat' dir='ltr'><strong>n.</strong></span> <span class='ocrx_word' id='word_1_190' title='bbox 174 1969 214 2022; x_wconf 85' lang='grc'><strong>36.</strong></span> 
     </span>
    </p>
   </div>
   <div class='ocr_carea' id='block_1_5' title="bbox 29 2205 1093 3622">
    <p class='ocr_par' dir='ltr' id='par_1_5' title="bbox 29 2205 1093 3622">
     <span class='ocr_line' id='line_1_23' title="bbox 63 2205 1051 2286; baseline -0.001 -20"><span class='ocrx_word' id='word_1_191' title='bbox 63 2212 121 2270; x_wconf 76' lang='lat'><strong>⁵75.</strong></span> <span class='ocrx_word' id='word_1_192' title='bbox 136 2209 276 2270; x_wconf 86' lang='lat' dir='ltr'><strong>similiter</strong></span> <span class='ocrx_word' id='word_1_193' title='bbox 289 2209 320 2268; x_wconf 89' lang='lat' dir='ltr'><strong>in</strong></span> <span class='ocrx_word' id='word_1_194' title='bbox 332 2208 462 2286; x_wconf 85' lang='lat' dir='ltr'><strong>qualibet</strong></span> <span class='ocrx_word' id='word_1_195' title='bbox 474 2207 707 2270; x_wconf 81' lang='lat' dir='ltr'><strong>renunciationis</strong></span> <span class='ocrx_word' id='word_1_196' title='bbox 719 2207 818 2284; x_wconf 89' lang='lat' dir='ltr'><strong>specie</strong></span> <span class='ocrx_word' id='word_1_197' title='bbox 830 2205 1051 2268; x_wconf 85' lang='lat' dir='ltr'><strong>observandum</strong></span> 
     </span>
     <span class='ocr_line' id='line_1_24' title="bbox 37 2295 1051 2380; baseline 0 -26"><span class='ocrx_word' id='word_1_198' title='bbox 37 2311 67 2354; x_wconf 89' lang='lat' dir='ltr'><strong>ue</strong></span> <span class='ocrx_word' id='word_1_199' title='bbox 78 2299 143 2358; x_wconf 88' lang='lat' dir='ltr'><strong>sita</strong></span> <span class='ocrx_word' id='word_1_200' title='bbox 156 2299 225 2373; x_wconf 83' lang='lat' dir='ltr'><strong>lege</strong></span> <span class='ocrx_word' id='word_1_201' title='bbox 237 2297 395 2373; x_wconf 85' lang='lat' dir='ltr'><strong>prohibita,</strong></span> <span class='ocrx_word' id='word_1_202' title='bbox 411 2297 491 2376; x_wconf 86' lang='lat' dir='ltr'><strong>quod</strong></span> <span class='ocrx_word' id='word_1_203' title='bbox 506 2297 627 2358; x_wconf 86' lang='lat' dir='ltr'><strong>evenire</strong></span> <span class='ocrx_word' id='word_1_204' title='bbox 637 2302 749 2380; x_wconf 87' lang='lat' dir='ltr'><strong>polest:</strong></span> <span class='ocrx_word' id='word_1_205' title='bbox 763 2303 826 2356; x_wconf 87' lang='lat' dir='ltr'><strong>turn</strong></span> <span class='ocrx_word' id='word_1_206' title='bbox 840 2303 955 2356; x_wconf 82' lang='lat' dir='ltr'><strong>rotrone</strong></span> <span class='ocrx_word' id='word_1_207' title='bbox 968 2295 1051 2354; x_wconf 85' lang='lat' dir='ltr'><strong>bene-</strong></span> 
     </span>
     <span class='ocr_line' id='line_1_25' title="bbox 36 2382 1050 2462; baseline -0.001 -20"><span class='ocrx_word' id='word_1_208' title='bbox 36 2382 92 2460; x_wconf 79' lang='lat' dir='ltr'><strong>ficii,</strong></span> <span class='ocrx_word' id='word_1_209' title='bbox 106 2393 171 2446; x_wconf 91' lang='lat' dir='ltr'><strong>tum</strong></span> <span class='ocrx_word' id='word_1_210' title='bbox 190 2386 306 2446; x_wconf 74' lang='lat' dir='ltr'><strong>retium</strong></span> <span class='ocrx_word' id='word_1_211' title='bbox 317 2401 447 2462; x_wconf 81' lang='lat' dir='ltr'><strong>persona</strong></span> <span class='ocrx_word' id='word_1_212' title='bbox 462 2386 642 2462; x_wconf 84' lang='lat' dir='ltr'><strong>possidentis</strong></span> <span class='ocrx_word' id='word_1_213' title='bbox 660 2383 847 2446; x_wconf 83' lang='lat' dir='ltr'><strong>beneficium.</strong></span> <span class='ocrx_word' id='word_1_214' title='bbox 860 2383 983 2442; x_wconf 81' lang='lat' dir='ltr'><strong>Ratione</strong></span> <span class='ocrx_word' id='word_1_215' title='bbox 996 2382 1050 2442; x_wconf 82' lang='lat' dir='ltr'><strong>be-</strong></span> 
     </span>
     <span class='ocr_line' id='line_1_26' title="bbox 35 2470 1050 2550; baseline 0 -22"><span class='ocrx_word' id='word_1_216' title='bbox 35 2474 121 2534; x_wconf 83' lang='lat' dir='ltr'><strong>neficii</strong></span> <span class='ocrx_word' id='word_1_217' title='bbox 135 2473 298 2550; x_wconf 79' lang='lat' dir='ltr'><strong>resignatio</strong></span> <span class='ocrx_word' id='word_1_218' title='bbox 317 2492 335 2534; x_wconf 86' lang='lat' dir='ltr'><strong>a</strong></span> <span class='ocrx_word' id='word_1_219' title='bbox 356 2475 424 2550; x_wconf 85' lang='lat' dir='ltr'><strong>lege</strong></span> <span class='ocrx_word' id='word_1_220' title='bbox 445 2474 594 2550; x_wconf 84' lang='lat' dir='ltr'><strong>prohibita</strong></span> <span class='ocrx_word' id='word_1_221' title='bbox 616 2479 662 2534; x_wconf 87' lang='lat' dir='ltr'><strong>est</strong></span> <span class='ocrx_word' id='word_1_222' title='bbox 684 2472 715 2533; x_wconf 90' lang='lat' dir='ltr'><strong>iu</strong></span> <span class='ocrx_word' id='word_1_223' title='bbox 739 2471 885 2532; x_wconf 88' lang='lat' dir='ltr'><strong>beneflcio</strong></span> <span class='ocrx_word' id='word_1_224' title='bbox 911 2470 1050 2545; x_wconf 77' lang='lat' dir='ltr'><strong>litigioso,</strong></span> 
     </span>
     <span class='ocr_line' id='line_1_27' title="bbox 35 2557 1052 2642; baseline 0.001 -26"><span class='ocrx_word' id='word_1_225' title='bbox 35 2563 102 2622; x_wconf 84' lang='lat' dir='ltr'><strong>nulla</strong></span> <span class='ocrx_word' id='word_1_226' title='bbox 113 2564 173 2623; x_wconf 85' lang='lat' dir='ltr'><strong>litia</strong></span> <span class='ocrx_word' id='word_1_227' title='bbox 185 2565 265 2623; x_wconf 83' lang='lat' dir='ltr'><strong>iacta</strong></span> <span class='ocrx_word' id='word_1_228' title='bbox 275 2563 427 2624; x_wconf 90' lang='lat' dir='ltr'><strong>mentione</strong></span> <span class='ocrx_word' id='word_1_229' title='bbox 439 2567 492 2636; x_wconf 79' lang='lat' dir='ltr'><strong>tl),</strong></span> <span class='ocrx_word' id='word_1_230' title='bbox 510 2563 578 2642; x_wconf 87' lang='lat' dir='ltr'><strong>quia</strong></span> <span class='ocrx_word' id='word_1_231' title='bbox 593 2562 660 2622; x_wconf 84' lang='lat' dir='ltr'><strong>talis</strong></span> <span class='ocrx_word' id='word_1_232' title='bbox 672 2561 836 2638; x_wconf 78' lang='lat' dir='ltr'><strong>resignatio</strong></span> <span class='ocrx_word' id='word_1_233' title='bbox 847 2560 927 2618; x_wconf 83' lang='lat' dir='ltr'><strong>lecta</strong></span> <span class='ocrx_word' id='word_1_234' title='bbox 939 2557 1052 2618; x_wconf 81' lang='lat' dir='ltr'><strong>videre</strong></span> 
     </span>
     <span class='ocr_line' id='line_1_28' title="bbox 36 2644 1051 2728; baseline -0.001 -23"><span class='ocrx_word' id='word_1_235' title='bbox 36 2653 75 2709; x_wconf 90' lang='lat' dir='ltr'><strong>tur</strong></span> <span class='ocrx_word' id='word_1_236' title='bbox 83 2651 112 2710; x_wconf 91' lang='lat' dir='ltr'><strong>in</strong></span> <span class='ocrx_word' id='word_1_237' title='bbox 122 2651 271 2728; x_wconf 72' lang='lat' dir='ltr'><strong>fraudem,</strong></span> <span class='ocrx_word' id='word_1_238' title='bbox 284 2658 314 2716; x_wconf 87' lang='lat' dir='ltr'><strong>et</strong></span> <span class='ocrx_word' id='word_1_239' title='bbox 327 2652 446 2711; x_wconf 87' lang='lat' dir='ltr'><strong>aliunde</strong></span> <span class='ocrx_word' id='word_1_240' title='bbox 459 2651 497 2710; x_wconf 90' lang='lat' dir='ltr'><strong>de</strong></span> <span class='ocrx_word' id='word_1_241' title='bbox 509 2653 577 2728; x_wconf 86' lang='lat' dir='ltr'><strong>jure</strong></span> <span class='ocrx_word' id='word_1_242' title='bbox 590 2649 769 2726; x_wconf 83' lang='lat' dir='ltr'><strong>resignantis</strong></span> <span class='ocrx_word' id='word_1_243' title='bbox 782 2663 844 2708; x_wconf 90' lang='lat' dir='ltr'><strong>non</strong></span> <span class='ocrx_word' id='word_1_244' title='bbox 857 2651 989 2720; x_wconf 80' lang='lat' dir='ltr'><strong>constat3</strong></span> <span class='ocrx_word' id='word_1_245' title='bbox 1006 2644 1051 2706; x_wconf 91' lang='lat' dir='ltr'><strong>ni-</strong></span> 
     </span>
     <span class='ocr_line' id='line_1_29' title="bbox 35 2734 1052 2814; baseline -0.002 -16"><span class='ocrx_word' id='word_1_246' title='bbox 35 2735 185 2802; x_wconf 80' lang='lat' dir='ltr'><strong>hilominus</strong></span> <span class='ocrx_word' id='word_1_247' title='bbox 198 2740 278 2800; x_wconf 86' lang='lat' dir='ltr'><strong>valet</strong></span> <span class='ocrx_word' id='word_1_248' title='bbox 290 2739 429 2800; x_wconf 84' lang='lat' dir='ltr'><strong>beneficii</strong></span> <span class='ocrx_word' id='word_1_249' title='bbox 441 2737 563 2814; x_wconf 83' lang='lat' dir='ltr'><strong>litigiosi</strong></span> <span class='ocrx_word' id='word_1_250' title='bbox 582 2739 743 2814; x_wconf 82' lang='lat' dir='ltr'><strong>resignatio</strong></span> <span class='ocrx_word' id='word_1_251' title='bbox 761 2739 840 2798; x_wconf 85' lang='lat' dir='ltr'><strong>iacta</strong></span> <span class='ocrx_word' id='word_1_252' title='bbox 863 2734 894 2796; x_wconf 90' lang='lat' dir='ltr'><strong>in</strong></span> <span class='ocrx_word' id='word_1_253' title='bbox 917 2735 1052 2796; x_wconf 82' lang='lat' dir='ltr'><strong>favorem</strong></span> 
     </span>
     <span class='ocr_line' id='line_1_30' title="bbox 36 2823 1052 2906; baseline -0.002 -20"><span class='ocrx_word' id='word_1_254' title='bbox 36 2828 226 2906; x_wconf 84' lang='lat' dir='ltr'><strong>eollitigantia,</strong></span> <span class='ocrx_word' id='word_1_255' title='bbox 241 2833 271 2888; x_wconf 90' lang='lat' dir='ltr'><strong>ct</strong></span> <span class='ocrx_word' id='word_1_256' title='bbox 283 2829 362 2890; x_wconf 87' lang='lat' dir='ltr'><strong>valet</strong></span> <span class='ocrx_word' id='word_1_257' title='bbox 375 2827 537 2903; x_wconf 85' lang='lat' dir='ltr'><strong>resignatio</strong></span> <span class='ocrx_word' id='word_1_258' title='bbox 551 2826 723 2903; x_wconf 85' lang='lat' dir='ltr'><strong>simpliciter</strong></span> <span class='ocrx_word' id='word_1_259' title='bbox 738 2826 814 2888; x_wconf 81' lang='lat' dir='ltr'><strong>faeta</strong></span> <span class='ocrx_word' id='word_1_260' title='bbox 836 2823 880 2884; x_wconf 89' lang='lat' dir='ltr'><strong>liti</strong></span> <span class='ocrx_word' id='word_1_261' title='bbox 901 2826 952 2897; x_wconf 72' lang='lat' dir='ltr'><strong>(i).</strong></span> <span class='ocrx_word' id='word_1_262' title='bbox 978 2827 1052 2900; x_wconf 79' lang='lat' dir='ltr'><strong>ltern</strong></span> 
     </span>
     <span class='ocr_line' id='line_1_31' title="bbox 34 2911 1053 2992; baseline 0 -20"><span class='ocrx_word' id='word_1_263' title='bbox 34 2916 139 2978; x_wconf 87' lang='lat' dir='ltr'><strong>ratione</strong></span> <span class='ocrx_word' id='word_1_264' title='bbox 152 2915 292 2978; x_wconf 83' lang='lat' dir='ltr'><strong>beneficii</strong></span> <span class='ocrx_word' id='word_1_265' title='bbox 303 2915 464 2992; x_wconf 87' lang='lat' dir='ltr'><strong>resignatio</strong></span> <span class='ocrx_word' id='word_1_266' title='bbox 477 2933 495 2975; x_wconf 88' lang='lat' dir='ltr'><strong>a</strong></span> <span class='ocrx_word' id='word_1_267' title='bbox 508 2917 575 2989; x_wconf 79' lang='lat' dir='ltr'><strong>lege</strong></span> <span class='ocrx_word' id='word_1_268' title='bbox 587 2913 737 2992; x_wconf 83' lang='lat' dir='ltr'><strong>prohibita</strong></span> <span class='ocrx_word' id='word_1_269' title='bbox 751 2919 797 2973; x_wconf 87' lang='lat' dir='ltr'><strong>est</strong></span> <span class='ocrx_word' id='word_1_270' title='bbox 805 2913 834 2972; x_wconf 91' lang='lat' dir='ltr'><strong>in</strong></span> <span class='ocrx_word' id='word_1_271' title='bbox 847 2911 994 2972; x_wconf 84' lang='lat' dir='ltr'><strong>beneflcio</strong></span> <span class='ocrx_word' id='word_1_272' title='bbox 1005 2927 1053 2972; x_wconf 87' lang='lat' dir='ltr'><strong>va·</strong></span> 
     </span>
     <span class='ocr_line' id='line_1_32' title="bbox 35 3001 1054 3082; baseline 0.001 -21"><span class='ocrx_word' id='word_1_273' title='bbox 35 3012 132 3066; x_wconf 87' lang='lat' dir='ltr'><strong>cante:</strong></span> <span class='ocrx_word' id='word_1_274' title='bbox 148 3001 278 3082; x_wconf 81' lang='lat' dir='ltr'><strong>ideoque</strong></span> <span class='ocrx_word' id='word_1_275' title='bbox 287 3005 486 3081; x_wconf 88' lang='lat' dir='ltr'><strong>nemopotcst</strong></span> <span class='ocrx_word' id='word_1_276' title='bbox 496 3004 647 3080; x_wconf 86' lang='lat' dir='ltr'><strong>resignare</strong></span> <span class='ocrx_word' id='word_1_277' title='bbox 658 3001 838 3064; x_wconf 84' lang='lat' dir='ltr'><strong>beneficium</strong></span> <span class='ocrx_word' id='word_1_278' title='bbox 849 3002 903 3062; x_wconf 86' lang='lat' dir='ltr'><strong>sibi</strong></span> <span class='ocrx_word' id='word_1_279' title='bbox 918 3001 1054 3062; x_wconf 83' lang='lat' dir='ltr'><strong>nendum</strong></span> 
     </span>
     <span class='ocr_line' id='line_1_33' title="bbox 33 3091 1054 3170; baseline -0.004 -18"><span class='ocrx_word' id='word_1_280' title='bbox 33 3096 177 3170; x_wconf 84' lang='lat' dir='ltr'><strong>collatum,</strong></span> <span class='ocrx_word' id='word_1_281' title='bbox 192 3094 263 3155; x_wconf 86' lang='lat' dir='ltr'><strong>lieet</strong></span> <span class='ocrx_word' id='word_1_282' title='bbox 277 3093 359 3154; x_wconf 83' lang='lat' dir='ltr'><strong>sitin</strong></span> <span class='ocrx_word' id='word_1_283' title='bbox 373 3093 513 3170; x_wconf 83' lang='lat' dir='ltr'><strong>proximo</strong></span> <span class='ocrx_word' id='word_1_284' title='bbox 527 3092 741 3152; x_wconf 84' lang='lat' dir='ltr'><strong>conserendum</strong></span> <span class='ocrx_word' id='word_1_285' title='bbox 757 3111 765 3166; x_wconf 74' lang='lat'>3</span> <span class='ocrx_word' id='word_1_286' title='bbox 789 3091 842 3150; x_wconf 89' lang='lat' dir='ltr'><strong>sed</strong></span> <span class='ocrx_word' id='word_1_287' title='bbox 855 3095 1054 3166; x_wconf 75' lang='lat' dir='ltr'><strong>praesentatus</strong></span> 
     </span>
     <span class='ocr_line' id='line_1_34' title="bbox 33 3177 1053 3261; baseline -0.003 -23"><span class='ocrx_word' id='word_1_288' title='bbox 33 3183 182 3244; x_wconf 87' lang='lat' dir='ltr'><strong>etelectus</strong></span> <span class='ocrx_word' id='word_1_289' title='bbox 196 3182 368 3257; x_wconf 84' lang='lat' dir='ltr'><strong>simpliciter</strong></span> <span class='ocrx_word' id='word_1_290' title='bbox 385 3183 444 3261; x_wconf 87' lang='lat' dir='ltr'><strong>juri</strong></span> <span class='ocrx_word' id='word_1_291' title='bbox 467 3181 523 3241; x_wconf 90' lang='lat' dir='ltr'><strong>sibi</strong></span> <span class='ocrx_word' id='word_1_292' title='bbox 537 3180 681 3258; x_wconf 84' lang='lat' dir='ltr'><strong>acquisito</strong></span> <span class='ocrx_word' id='word_1_293' title='bbox 695 3177 865 3241; x_wconf 88' lang='lat' dir='ltr'><strong>renuntiare</strong></span> <span class='ocrx_word' id='word_1_294' title='bbox 886 3197 948 3243; x_wconf 90' lang='lat' dir='ltr'><strong>nou</strong></span> <span class='ocrx_word' id='word_1_295' title='bbox 970 3183 1053 3237; x_wconf 87' lang='lat' dir='ltr'><strong>veta-</strong></span> 
     </span>
     <span class='ocr_line' id='line_1_35' title="bbox 34 3265 1055 3348; baseline -0.004 -20"><span class='ocrx_word' id='word_1_296' title='bbox 34 3275 95 3330; x_wconf 91' lang='lat' dir='ltr'><strong>tur:</strong></span> <span class='ocrx_word' id='word_1_297' title='bbox 111 3277 243 3332; x_wconf 90' lang='lat' dir='ltr'><strong>etnemc</strong></span> <span class='ocrx_word' id='word_1_298' title='bbox 263 3277 363 3348; x_wconf 88' lang='lat' dir='ltr'><strong>potest</strong></span> <span class='ocrx_word' id='word_1_299' title='bbox 379 3269 532 3345; x_wconf 83' lang='lat' dir='ltr'><strong>resignare</strong></span> <span class='ocrx_word' id='word_1_300' title='bbox 551 3269 740 3342; x_wconf 82' lang='lat' dir='ltr'><strong>beneficium,</strong></span> <span class='ocrx_word' id='word_1_301' title='bbox 761 3284 831 3328; x_wconf 89' lang='lat' dir='ltr'><strong>cum</strong></span> <span class='ocrx_word' id='word_1_302' title='bbox 849 3267 904 3326; x_wconf 87' lang='lat' dir='ltr'><strong>luit</strong></span> <span class='ocrx_word' id='word_1_303' title='bbox 923 3265 1055 3325; x_wconf 85' lang='lat' dir='ltr'><strong>intmsus</strong></span> 
     </span>
     <span class='ocr_line' id='line_1_36' title="bbox 32 3349 1055 3435; baseline -0.01 -15"><span class='ocrx_word' id='word_1_304' title='bbox 32 3357 139 3435; x_wconf 79' lang='lat' dir='ltr'><strong>absque</strong></span> <span class='ocrx_word' id='word_1_305' title='bbox 151 3360 215 3419; x_wconf 90' lang='lat' dir='ltr'><strong>ullo</strong></span> <span class='ocrx_word' id='word_1_306' title='bbox 234 3357 381 3419; x_wconf 87' lang='lat' dir='ltr'><strong>canonico</strong></span> <span class='ocrx_word' id='word_1_307' title='bbox 395 3359 491 3432; x_wconf 82' lang='lat' dir='ltr'><strong>titulo,</strong></span> <span class='ocrx_word' id='word_1_308' title='bbox 502 3373 572 3416; x_wconf 90' lang='lat' dir='ltr'><strong>cum</strong></span> <span class='ocrx_word' id='word_1_309' title='bbox 585 3373 603 3416; x_wconf 87' lang='lat' dir='ltr'><strong>a</strong></span> <span class='ocrx_word' id='word_1_310' title='bbox 615 3358 682 3434; x_wconf 83' lang='lat' dir='ltr'><strong>jure</strong></span> <span class='ocrx_word' id='word_1_311' title='bbox 695 3355 835 3416; x_wconf 87' lang='lat' dir='ltr'><strong>beneficii</strong></span> <span class='ocrx_word' id='word_1_312' title='bbox 846 3359 941 3414; x_wconf 87' lang='lat' dir='ltr'><strong>semet</strong></span> <span class='ocrx_word' id='word_1_313' title='bbox 954 3349 1055 3426; x_wconf 85' lang='lat' dir='ltr'><strong>adepti</strong></span> 
     </span>
     <span class='ocr_line' id='line_1_37' title="bbox 32 3443 1053 3524; baseline -0.008 -16"><span class='ocrx_word' id='word_1_314' title='bbox 32 3463 81 3522; x_wconf 84' lang='lat' dir='ltr'><strong>per</strong></span> <span class='ocrx_word' id='word_1_315' title='bbox 92 3450 219 3524; x_wconf 70' lang='lat' dir='ltr'><strong>iactum</strong></span> <span class='ocrx_word' id='word_1_316' title='bbox 234 3465 287 3524; x_wconf 85' lang='lat' dir='ltr'><strong>per</strong></span> <span class='ocrx_word' id='word_1_317' title='bbox 299 3446 441 3510; x_wconf 90' lang='lat' dir='ltr'><strong>delictum</strong></span> <span class='ocrx_word' id='word_1_318' title='bbox 455 3452 569 3524; x_wconf 86' lang='lat' dir='ltr'><strong>autper</strong></span> <span class='ocrx_word' id='word_1_319' title='bbox 581 3443 767 3519; x_wconf 81' lang='lat' dir='ltr'><strong>sententiam,</strong></span> <span class='ocrx_word' id='word_1_320' title='bbox 780 3443 938 3519; x_wconf 76' lang='lat' dir='ltr'><strong>dequibus</strong></span> <span class='ocrx_word' id='word_1_321' title='bbox 951 3456 1053 3516; x_wconf 81' lang='lat' dir='ltr'><strong>supra,</strong></span> 
     </span>
     <span class='ocr_line' id='line_1_38' title="bbox 29 3529 1093 3622; baseline -0.015 -17"><span class='ocrx_word' id='word_1_322' title='bbox 29 3535 87 3608; x_wconf 68' lang='lat' dir='ltr'><strong>ium</strong></span> <span class='ocrx_word' id='word_1_323' title='bbox 97 3537 217 3614; x_wconf 79' lang='lat' dir='ltr'><strong>cecidit,</strong></span> <span class='ocrx_word' id='word_1_324' title='bbox 233 3536 303 3614; x_wconf 84' lang='lat' dir='ltr'><strong>quis</strong></span> <span class='ocrx_word' id='word_1_325' title='bbox 313 3551 404 3600; x_wconf 88' lang='lat' dir='ltr'><strong>nemo</strong></span> <span class='ocrx_word' id='word_1_326' title='bbox 419 3536 537 3611; x_wconf 85' lang='lat' dir='ltr'><strong>cedere,</strong></span> <span class='ocrx_word' id='word_1_327' title='bbox 553 3539 604 3596; x_wconf 87' lang='lat' dir='ltr'><strong>aut</strong></span> <span class='ocrx_word' id='word_1_328' title='bbox 618 3535 731 3596; x_wconf 87' lang='lat' dir='ltr'><strong>donare</strong></span> <span class='ocrx_word' id='word_1_329' title='bbox 744 3538 854 3610; x_wconf 69' lang='lat' dir='ltr'><strong>potest,</strong></span> <span class='ocrx_word' id='word_1_330' title='bbox 868 3529 950 3606; x_wconf 87' lang='lat' dir='ltr'><strong>quod</strong></span> <span class='ocrx_word' id='word_1_331' title='bbox 964 3545 1055 3590; x_wconf 75' lang='lat' dir='ltr'><strong>sturm</strong></span> <span class='ocrx_word' id='word_1_332' title='bbox 1090 3615 1093 3622; x_wconf 24' lang='grc'><strong>,</strong></span> 
     </span>
    </p>
   </div>
   <div class='ocr_carea' id='block_1_6' title="bbox 0 0 1210 4068">
    <p class='ocr_par' dir='ltr' id='par_1_6' title="bbox 0 0 1210 4068">
     <span class='ocr_line' id='line_1_39' title="bbox 0 0 1210 4068; baseline 0 1"><span class='ocrx_word' id='word_1_333' title='bbox 0 0 1210 4068; x_wconf 95' lang='lat' dir='ltr'><strong> </strong></span> 
     </span>
    </p>
   </div>
  </div>
 </body>
</html>
