<?xml version="1.0" encoding="UTF-8"?>
<!DOCTYPE html PUBLIC "-//W3C//DTD XHTML 1.0 Transitional//EN"
    "http://www.w3.org/TR/xhtml1/DTD/xhtml1-transitional.dtd">
<html xmlns="http://www.w3.org/1999/xhtml" xml:lang="en" lang="en">
 <head>
  <title>
</title>
<meta http-equiv="Content-Type" content="text/html;charset=utf-8" />
  <meta name='ocr-system' content='tesseract 3.04.00' />
  <meta name='ocr-capabilities' content='ocr_page ocr_carea ocr_par ocr_line ocrx_word'/>
</head>
<body>
  <div class='ocr_page' id='page_1' title='image "./summainstitutio01ferrgoog_0334.png"; bbox 0 0 2432 4078; ppageno 0'>
   <div class='ocr_carea' id='block_1_1' title="bbox 52 269 1054 964">
    <p class='ocr_par' dir='ltr' id='par_1_1' title="bbox 52 269 1054 964">
     <span class='ocr_line' id='line_1_1' title="bbox 60 269 1048 338; baseline 0.004 -18"><span class='ocrx_word' id='word_1_1' title='bbox 60 281 102 320; x_wconf 86' lang='lat' dir='ltr'><strong>om</strong></span> <span class='ocrx_word' id='word_1_2' title='bbox 112 273 152 334; x_wconf 83' lang='lat' dir='ltr'><strong>aot,</strong></span> <span class='ocrx_word' id='word_1_3' title='bbox 164 270 223 324; x_wconf 82' lang='lat' dir='ltr'><strong>dam</strong></span> <span class='ocrx_word' id='word_1_4' title='bbox 235 271 307 325; x_wconf 82' lang='lat' dir='ltr'><strong>ultra</strong></span> <span class='ocrx_word' id='word_1_5' title='bbox 319 275 419 326; x_wconf 75' lang='lat' dir='ltr'><strong>tortam</strong></span> <span class='ocrx_word' id='word_1_6' title='bbox 432 270 539 338; x_wconf 83' lang='lat' dir='ltr'><strong>aliquid</strong></span> <span class='ocrx_word' id='word_1_7' title='bbox 554 269 682 336; x_wconf 75' lang='lat' dir='ltr'><strong>eripitur,</strong></span> <span class='ocrx_word' id='word_1_8' title='bbox 697 272 838 336; x_wconf 78' lang='lat' dir='ltr'><strong><em>tamquam</em></strong></span> <span class='ocrx_word' id='word_1_9' title='bbox 850 281 883 324; x_wconf 82' lang='lat' dir='ltr'><strong>aa</strong></span> <span class='ocrx_word' id='word_1_10' title='bbox 896 269 1048 324; x_wconf 75' lang='lat' dir='ltr'><strong>darmatas·</strong></span> 
     </span>
     <span class='ocr_line' id='line_1_2' title="bbox 59 339 1052 408; baseline 0.001 -16"><span class='ocrx_word' id='word_1_11' title='bbox 59 340 95 399; x_wconf 87' lang='lat' dir='ltr'><strong>tio,</strong></span> <span class='ocrx_word' id='word_1_12' title='bbox 103 345 124 393; x_wconf 84' lang='lat' dir='ltr'><strong>ot</strong></span> <span class='ocrx_word' id='word_1_13' title='bbox 134 343 294 406; x_wconf 79' lang='lat' dir='ltr'><strong>pratttudtuo</strong></span> <span class='ocrx_word' id='word_1_14' title='bbox 307 341 441 402; x_wconf 81' lang='lat' dir='ltr'><strong>datitum;</strong></span> <span class='ocrx_word' id='word_1_15' title='bbox 452 342 497 394; x_wconf 78' lang='lat' dir='ltr'><strong>aad</strong></span> <span class='ocrx_word' id='word_1_16' title='bbox 509 341 595 394; x_wconf 84' lang='lat' dir='ltr'><strong>sotum</strong></span> <span class='ocrx_word' id='word_1_17' title='bbox 605 340 629 393; x_wconf 84' lang='lat' dir='ltr'><strong>oi</strong></span> <span class='ocrx_word' id='word_1_18' title='bbox 642 339 769 406; x_wconf 75' lang='lat' dir='ltr'><strong>ootootor</strong></span> <span class='ocrx_word' id='word_1_19' title='bbox 779 343 918 406; x_wconf 76' lang='lat' dir='ltr'><strong><em>tamquam</em></strong></span> <span class='ocrx_word' id='word_1_20' title='bbox 931 340 1052 408; x_wconf 64' lang='lat' dir='ltr'><strong>tutasti·</strong></span> 
     </span>
     <span class='ocr_line' id='line_1_3' title="bbox 60 409 1053 480; baseline 0.004 -20"><span class='ocrx_word' id='word_1_21' title='bbox 60 411 89 461; x_wconf 90' lang='lat' dir='ltr'><strong>tio</strong></span> <span class='ocrx_word' id='word_1_22' title='bbox 100 409 212 466; x_wconf 79' lang='lat' dir='ltr'><strong>dolitum.</strong></span> <span class='ocrx_word' id='word_1_23' title='bbox 223 415 303 480; x_wconf 83' lang='lat' dir='ltr'><strong>Prop.</strong></span> <span class='ocrx_word' id='word_1_24' title='bbox 320 413 390 464; x_wconf 89' lang='lat' dir='ltr'><strong>dam.</strong></span> <span class='ocrx_word' id='word_1_25' title='bbox 404 413 464 465; x_wconf 89' lang='lat' dir='ltr'><strong>sub.</strong></span> <span class='ocrx_word' id='word_1_26' title='bbox 479 426 552 464; x_wconf 92' lang='lat' dir='ltr'><strong>num.</strong></span> <span class='ocrx_word' id='word_1_27' title='bbox 566 413 605 464; x_wconf 75' lang='lat' dir='ltr'><strong>tt.</strong></span> <span class='ocrx_word' id='word_1_28' title='bbox 622 439 651 450; x_wconf 94' lang='lat'>—</span> <span class='ocrx_word' id='word_1_29' title='bbox 666 413 701 474; x_wconf 82' lang='lat' dir='ltr'><strong>(i)</strong></span> <span class='ocrx_word' id='word_1_30' title='bbox 713 411 876 463; x_wconf 83' lang='lat' dir='ltr'><strong>Benedictus</strong></span> <span class='ocrx_word' id='word_1_31' title='bbox 887 412 953 464; x_wconf 83' lang='lat' dir='ltr'><strong>xlv</strong></span> <span class='ocrx_word' id='word_1_32' title='bbox 963 412 992 464; x_wconf 91' lang='lat' dir='ltr'><strong>in</strong></span> <span class='ocrx_word' id='word_1_33' title='bbox 1005 413 1053 470; x_wconf 78' lang='lat' dir='ltr'><strong>eit,</strong></span> 
     </span>
     <span class='ocr_line' id='line_1_4' title="bbox 58 481 1051 555; baseline 0.005 -24"><span class='ocrx_word' id='word_1_34' title='bbox 58 481 139 546; x_wconf 76' lang='lat' dir='ltr'><strong>tropa.</strong></span> <span class='ocrx_word' id='word_1_35' title='bbox 150 483 200 555; x_wconf 29' lang='lat' dir='ltr'><strong>thu</strong></span> <span class='ocrx_word' id='word_1_36' title='bbox 208 486 337 550; x_wconf 78' lang='lat' dir='ltr'><strong>peremit,</strong></span> <span class='ocrx_word' id='word_1_37' title='bbox 348 484 478 544; x_wconf 84' lang='lat' dir='ltr'><strong>delinivit,</strong></span> <span class='ocrx_word' id='word_1_38' title='bbox 488 497 580 536; x_wconf 70' lang='lat' dir='ltr'><strong>usurae</strong></span> <span class='ocrx_word' id='word_1_39' title='bbox 592 486 733 548; x_wconf 85' lang='lat' dir='ltr'><strong>pooootum</strong></span> <span class='ocrx_word' id='word_1_40' title='bbox 743 482 771 533; x_wconf 88' lang='lat' dir='ltr'><strong>iu</strong></span> <span class='ocrx_word' id='word_1_41' title='bbox 781 497 813 534; x_wconf 88' lang='lat' dir='ltr'><strong>oo</strong></span> <span class='ocrx_word' id='word_1_42' title='bbox 823 497 882 535; x_wconf 87' lang='lat' dir='ltr'><strong>asse</strong></span> <span class='ocrx_word' id='word_1_43' title='bbox 892 484 1051 548; x_wconf 85' lang='lat' dir='ltr'><strong>repositum,</strong></span> 
     </span>
     <span class='ocr_line' id='line_1_5' title="bbox 56 551 1053 620; baseline 0.006 -16"><span class='ocrx_word' id='word_1_44' title='bbox 56 553 111 618; x_wconf 84' lang='lat' dir='ltr'><strong>prod</strong></span> <span class='ocrx_word' id='word_1_45' title='bbox 121 555 174 620; x_wconf 82' lang='lat' dir='ltr'><strong>pato</strong></span> <span class='ocrx_word' id='word_1_46' title='bbox 187 569 218 608; x_wconf 84' lang='lat' dir='ltr'><strong>aa</strong></span> <span class='ocrx_word' id='word_1_47' title='bbox 230 554 342 620; x_wconf 80' lang='lat' dir='ltr'><strong>ipsamet</strong></span> <span class='ocrx_word' id='word_1_48' title='bbox 352 559 457 609; x_wconf 89' lang='lat' dir='ltr'><strong>mutuo.</strong></span> <span class='ocrx_word' id='word_1_49' title='bbox 466 593 488 607; x_wconf 90' lang='lat'><strong>..</strong></span> <span class='ocrx_word' id='word_1_50' title='bbox 506 555 565 620; x_wconf 79' lang='lat' dir='ltr'><strong>ptus</strong></span> <span class='ocrx_word' id='word_1_51' title='bbox 585 553 636 607; x_wconf 81' lang='lat' dir='ltr'><strong>siti</strong></span> <span class='ocrx_word' id='word_1_52' title='bbox 649 551 728 606; x_wconf 78' lang='lat' dir='ltr'><strong>reddi</strong></span> <span class='ocrx_word' id='word_1_53' title='bbox 747 553 820 616; x_wconf 81' lang='lat' dir='ltr'><strong>oattt,</strong></span> <span class='ocrx_word' id='word_1_54' title='bbox 836 567 919 620; x_wconf 83' lang='lat' dir='ltr'><strong>qaam</strong></span> <span class='ocrx_word' id='word_1_55' title='bbox 930 558 969 610; x_wconf 78' lang='lat' dir='ltr'><strong>ost</strong></span> <span class='ocrx_word' id='word_1_56' title='bbox 982 569 1053 610; x_wconf 77' lang='lat' dir='ltr'><strong>reat·</strong></span> 
     </span>
     <span class='ocr_line' id='line_1_6' title="bbox 56 625 1053 691; baseline 0.006 -17"><span class='ocrx_word' id='word_1_57' title='bbox 56 625 132 688; x_wconf 87' lang='lat' dir='ltr'><strong>ptum;</strong></span> <span class='ocrx_word' id='word_1_58' title='bbox 145 627 212 678; x_wconf 91' lang='lat' dir='ltr'><strong>unde</strong></span> <span class='ocrx_word' id='word_1_59' title='bbox 230 627 265 678; x_wconf 87' lang='lat' dir='ltr'><strong>ab</strong></span> <span class='ocrx_word' id='word_1_60' title='bbox 285 627 380 678; x_wconf 90' lang='lat' dir='ltr'><strong>eodem</strong></span> <span class='ocrx_word' id='word_1_61' title='bbox 394 627 522 678; x_wconf 85' lang='lat' dir='ltr'><strong>Pontiflce</strong></span> <span class='ocrx_word' id='word_1_62' title='bbox 540 626 657 691; x_wconf 78' lang='lat' dir='ltr'>quilibet</span> <span class='ocrx_word' id='word_1_63' title='bbox 681 625 775 676; x_wconf 90' lang='lat' dir='ltr'><strong>titulus</strong></span> <span class='ocrx_word' id='word_1_64' title='bbox 790 627 882 677; x_wconf 85' lang='lat' dir='ltr'><strong>mutuo</strong></span> <span class='ocrx_word' id='word_1_65' title='bbox 901 625 1010 678; x_wconf 88' lang='lat' dir='ltr'><strong>innatus</strong></span> <span class='ocrx_word' id='word_1_66' title='bbox 1023 631 1053 680; x_wconf 84' lang='lat' dir='ltr'><strong>at</strong></span> 
     </span>
     <span class='ocr_line' id='line_1_7' title="bbox 55 693 1054 765; baseline 0.008 -21"><span class='ocrx_word' id='word_1_67' title='bbox 55 693 194 749; x_wconf 84' lang='lat' dir='ltr'><strong>intrinsecus</strong></span> <span class='ocrx_word' id='word_1_68' title='bbox 203 698 370 762; x_wconf 88' lang='lat' dir='ltr'><strong>reprobetur.</strong></span> <span class='ocrx_word' id='word_1_69' title='bbox 381 725 411 735; x_wconf 95' lang='lat'>-</span> <span class='ocrx_word' id='word_1_70' title='bbox 420 698 456 763; x_wconf 87' lang='grc'><strong>(3)</strong></span> <span class='ocrx_word' id='word_1_71' title='bbox 465 698 529 749; x_wconf 88' lang='lat' dir='ltr'><strong>Ideo</strong></span> <span class='ocrx_word' id='word_1_72' title='bbox 539 696 695 750; x_wconf 82' lang='lat' dir='ltr'><strong>Alexander</strong></span> <span class='ocrx_word' id='word_1_73' title='bbox 703 695 757 748; x_wconf 87' lang='lat' dir='ltr'><strong>Vll</strong></span> <span class='ocrx_word' id='word_1_74' title='bbox 766 695 836 748; x_wconf 86' lang='lat' dir='ltr'><strong>hono</strong></span> <span class='ocrx_word' id='word_1_75' title='bbox 845 697 983 750; x_wconf 84' lang='lat' dir='ltr'><strong>damnavit</strong></span> <span class='ocrx_word' id='word_1_76' title='bbox 990 712 1054 765; x_wconf 85' lang='lat' dir='ltr'><strong>pro·</strong></span> 
     </span>
     <span class='ocr_line' id='line_1_8' title="bbox 54 764 1053 834; baseline 0.01 -19"><span class='ocrx_word' id='word_1_77' title='bbox 54 765 187 828; x_wconf 79' lang='lat' dir='ltr'><strong>positionem</strong></span> <span class='ocrx_word' id='word_1_78' title='bbox 200 766 332 822; x_wconf 88' lang='lat' dir='ltr'><strong>:Lo&#39;oo&#39;tum</strong></span> <span class='ocrx_word' id='word_1_79' title='bbox 344 771 382 822; x_wconf 79' lang='lat' dir='ltr'><strong>ast</strong></span> <span class='ocrx_word' id='word_1_80' title='bbox 396 767 537 821; x_wconf 73' lang='lat' dir='ltr'><strong>mutuanti</strong></span> <span class='ocrx_word' id='word_1_81' title='bbox 552 767 658 833; x_wconf 75' lang='lat' dir='ltr'><strong>aliquid</strong></span> <span class='ocrx_word' id='word_1_82' title='bbox 673 765 747 820; x_wconf 86' lang='lat' dir='ltr'><strong>uttru</strong></span> <span class='ocrx_word' id='word_1_83' title='bbox 760 769 859 820; x_wconf 81' lang='lat' dir='ltr'><strong>mrtem</strong></span> <span class='ocrx_word' id='word_1_84' title='bbox 871 767 983 834; x_wconf 75' lang='lat' dir='ltr'><strong>ratpero,</strong></span> <span class='ocrx_word' id='word_1_85' title='bbox 993 764 1053 824; x_wconf 74' lang='lat' dir='ltr'><strong>rita</strong></span> 
     </span>
     <span class='ocr_line' id='line_1_9' title="bbox 52 835 1053 962; baseline 0.002 -71"><span class='ocrx_word' id='word_1_86' title='bbox 52 835 131 962; x_wconf 59' lang='lat' dir='ltr'><strong>fflt</strong></span> <span class='ocrx_word' id='word_1_87' title='bbox 142 839 176 891; x_wconf 84' lang='lat' dir='ltr'><strong>ad</strong></span> <span class='ocrx_word' id='word_1_88' title='bbox 188 853 242 892; x_wconf 84' lang='lat' dir='ltr'><strong>mon</strong></span> <span class='ocrx_word' id='word_1_89' title='bbox 262 840 437 907; x_wconf 75' lang='lat' dir='ltr'><strong>repetandam</strong></span> <span class='ocrx_word' id='word_1_90' title='bbox 453 843 552 894; x_wconf 81' lang='lat' dir='ltr'><strong>sartam</strong></span> <span class='ocrx_word' id='word_1_91' title='bbox 568 849 650 905; x_wconf 77' lang='lat' dir='ltr'><strong>raquo</strong></span> <span class='ocrx_word' id='word_1_92' title='bbox 668 837 705 892; x_wconf 86' lang='lat' dir='ltr'><strong>oa</strong></span> <span class='ocrx_word' id='word_1_93' title='bbox 725 841 828 893; x_wconf 78' lang='lat' dir='ltr'><strong>aeriam</strong></span> <span class='ocrx_word' id='word_1_94' title='bbox 842 843 953 906; x_wconf 74' lang='lat' dir='ltr'><strong>tompus</strong></span> <span class='ocrx_word' id='word_1_95' title='bbox 970 840 1053 908; x_wconf 86' lang='lat' dir='ltr'><strong>Prop.</strong></span> 
     </span>
     <span class='ocr_line' id='line_1_10' title="bbox 119 911 280 964; baseline 0.012 -4"><span class='ocrx_word' id='word_1_96' title='bbox 119 950 123 960; x_wconf 95' lang='lat'>.</span> <span class='ocrx_word' id='word_1_97' title='bbox 138 911 187 963; x_wconf 86' lang='lat' dir='ltr'><strong>sub</strong></span> <span class='ocrx_word' id='word_1_98' title='bbox 198 925 226 964; x_wconf 91' lang='lat' dir='ltr'><strong>n.</strong></span> <span class='ocrx_word' id='word_1_99' title='bbox 239 911 280 964; x_wconf 82' lang='lat' dir='ltr'><strong>m.</strong></span> 
     </span>
    </p>
   </div>
   <div class='ocr_carea' id='block_1_2' title="bbox 36 1119 1108 2366">
    <p class='ocr_par' dir='ltr' id='par_1_2' title="bbox 36 1119 1108 2276">
     <span class='ocr_line' id='line_1_11' title="bbox 75 1119 1055 1200; baseline 0.004 -18"><span class='ocrx_word' id='word_1_100' title='bbox 75 1123 258 1183; x_wconf 69' lang='lat' dir='ltr'><strong>dtd‘l’raeter</strong></span> <span class='ocrx_word' id='word_1_101' title='bbox 278 1137 383 1184; x_wconf 89' lang='lat' dir='ltr'><strong>oasum</strong></span> <span class='ocrx_word' id='word_1_102' title='bbox 402 1121 537 1200; x_wconf 85' lang='lat' dir='ltr'><strong>expressi</strong></span> <span class='ocrx_word' id='word_1_103' title='bbox 562 1119 672 1195; x_wconf 84' lang='lat' dir='ltr'><strong>mutui,</strong></span> <span class='ocrx_word' id='word_1_104' title='bbox 692 1119 731 1180; x_wconf 88' lang='lat' dir='ltr'><strong>de</strong></span> <span class='ocrx_word' id='word_1_105' title='bbox 749 1137 810 1198; x_wconf 88' lang='lat' dir='ltr'><strong>qno</strong></span> <span class='ocrx_word' id='word_1_106' title='bbox 825 1121 980 1200; x_wconf 79' lang='lat' dir='ltr'><strong>hueusque</strong></span> <span class='ocrx_word' id='word_1_107' title='bbox 992 1123 1055 1200; x_wconf 76' lang='lat' dir='ltr'><strong>egi·</strong></span> 
     </span>
     <span class='ocr_line' id='line_1_12' title="bbox 48 1217 1108 1294; baseline 0.003 -20"><span class='ocrx_word' id='word_1_108' title='bbox 48 1229 111 1292; x_wconf 81' lang='lat' dir='ltr'><strong>mus,</strong></span> <span class='ocrx_word' id='word_1_109' title='bbox 128 1235 226 1280; x_wconf 85' lang='lat' dir='ltr'><strong>nsurae</strong></span> <span class='ocrx_word' id='word_1_110' title='bbox 240 1219 353 1280; x_wconf 74' lang='lat' dir='ltr'><strong>aminea</strong></span> <span class='ocrx_word' id='word_1_111' title='bbox 367 1218 513 1280; x_wconf 81' lang='lat' dir='ltr'><strong>committi</strong></span> <span class='ocrx_word' id='word_1_112' title='bbox 525 1223 634 1294; x_wconf 83' lang='lat' dir='ltr'><strong>potest,</strong></span> <span class='ocrx_word' id='word_1_113' title='bbox 651 1233 719 1278; x_wconf 84' lang='lat' dir='ltr'><strong>aum</strong></span> <span class='ocrx_word' id='word_1_114' title='bbox 732 1217 925 1279; x_wconf 79' lang='lat' dir='ltr'><strong>intervenerit</strong></span> <span class='ocrx_word' id='word_1_115' title='bbox 937 1220 1058 1282; x_wconf 87' lang='lat' dir='ltr'><strong>alterius</strong></span> <span class='ocrx_word' id='word_1_116' title='bbox 1107 1274 1108 1277; x_wconf 74' lang='grc'>,</span> 
     </span>
     <span class='ocr_line' id='line_1_13' title="bbox 45 1306 1057 1385; baseline 0.008 -22"><span class='ocrx_word' id='word_1_117' title='bbox 45 1313 142 1368; x_wconf 86' lang='lat' dir='ltr'><strong>naturae</strong></span> <span class='ocrx_word' id='word_1_118' title='bbox 157 1316 341 1384; x_wconf 83' lang='lat' dir='ltr'><strong>contractus,</strong></span> <span class='ocrx_word' id='word_1_119' title='bbox 358 1326 376 1368; x_wconf 91' lang='lat' dir='ltr'><strong>a</strong></span> <span class='ocrx_word' id='word_1_120' title='bbox 390 1325 450 1385; x_wconf 91' lang='lat' dir='ltr'><strong>quo</strong></span> <span class='ocrx_word' id='word_1_121' title='bbox 463 1325 555 1368; x_wconf 87' lang='lat' dir='ltr'><strong>usura</strong></span> <span class='ocrx_word' id='word_1_122' title='bbox 568 1306 659 1367; x_wconf 86' lang='lat' dir='ltr'><strong>veluti</strong></span> <span class='ocrx_word' id='word_1_123' title='bbox 676 1307 898 1383; x_wconf 68' lang='lat' dir='ltr'><strong>paliologum,</strong></span> <span class='ocrx_word' id='word_1_124' title='bbox 913 1316 943 1370; x_wconf 87' lang='lat' dir='ltr'><strong>et</strong></span> <span class='ocrx_word' id='word_1_125' title='bbox 955 1309 1023 1372; x_wconf 89' lang='lat' dir='ltr'><strong>ideo</strong></span> <span class='ocrx_word' id='word_1_126' title='bbox 1038 1329 1057 1371; x_wconf 89' lang='lat' dir='ltr'><strong>a</strong></span> 
     </span>
     <span class='ocr_line' id='line_1_14' title="bbox 44 1395 1058 1476; baseline 0.009 -23"><span class='ocrx_word' id='word_1_127' title='bbox 44 1397 204 1458; x_wconf 85' lang='lat' dir='ltr'><strong>ltootoribus</strong></span> <span class='ocrx_word' id='word_1_128' title='bbox 225 1397 333 1460; x_wconf 85' lang='lat' dir='ltr'><strong>dieitur</strong></span> <span class='ocrx_word' id='word_1_129' title='bbox 352 1415 449 1458; x_wconf 77' lang='lat' dir='ltr'><strong>asara</strong></span> <span class='ocrx_word' id='word_1_130' title='bbox 462 1396 598 1475; x_wconf 87' lang='lat' dir='ltr'><strong>palliata.</strong></span> <span class='ocrx_word' id='word_1_131' title='bbox 619 1401 682 1456; x_wconf 86' lang='lat' dir='ltr'><strong>lloo</strong></span> <span class='ocrx_word' id='word_1_132' title='bbox 700 1395 844 1472; x_wconf 79' lang='lat' dir='ltr'><strong>contingit</strong></span> <span class='ocrx_word' id='word_1_133' title='bbox 858 1396 889 1458; x_wconf 91' lang='lat' dir='ltr'><strong>in</strong></span> <span class='ocrx_word' id='word_1_134' title='bbox 907 1400 1058 1476; x_wconf 88' lang='lat' dir='ltr'><strong>emptione</strong></span> 
     </span>
     <span class='ocr_line' id='line_1_15' title="bbox 42 1485 1057 1563; baseline 0.008 -21"><span class='ocrx_word' id='word_1_135' title='bbox 42 1487 262 1563; x_wconf 66' lang='lat' dir='ltr'><strong>altitudidem,</strong></span> <span class='ocrx_word' id='word_1_136' title='bbox 289 1504 359 1548; x_wconf 89' lang='lat' dir='ltr'><strong>oum</strong></span> <span class='ocrx_word' id='word_1_137' title='bbox 385 1487 506 1563; x_wconf 81' lang='lat' dir='ltr'><strong>aliquod</strong></span> <span class='ocrx_word' id='word_1_138' title='bbox 524 1485 663 1548; x_wconf 88' lang='lat' dir='ltr'><strong>venditur</strong></span> <span class='ocrx_word' id='word_1_139' title='bbox 682 1485 788 1562; x_wconf 88' lang='lat' dir='ltr'><strong>pluris,</strong></span> <span class='ocrx_word' id='word_1_140' title='bbox 810 1504 901 1563; x_wconf 88' lang='lat' dir='ltr'><strong>quam</strong></span> <span class='ocrx_word' id='word_1_141' title='bbox 924 1490 1003 1549; x_wconf 88' lang='lat' dir='ltr'><strong>valet</strong></span> <span class='ocrx_word' id='word_1_142' title='bbox 1017 1491 1057 1550; x_wconf 90' lang='lat' dir='ltr'><strong>ob</strong></span> 
     </span>
     <span class='ocr_line' id='line_1_16' title="bbox 46 1573 1060 1655; baseline 0.009 -24"><span class='ocrx_word' id='word_1_143' title='bbox 46 1573 152 1637; x_wconf 82' lang='lat' dir='ltr'><strong>dilatam</strong></span> <span class='ocrx_word' id='word_1_144' title='bbox 173 1576 264 1655; x_wconf 89' lang='lat' dir='ltr'><strong>pretii</strong></span> <span class='ocrx_word' id='word_1_145' title='bbox 286 1577 464 1636; x_wconf 87' lang='lat' dir='ltr'><strong>solutionem</strong></span> <span class='ocrx_word' id='word_1_146' title='bbox 487 1581 549 1650; x_wconf 85' lang='lat' dir='ltr'><strong>(t),</strong></span> <span class='ocrx_word' id='word_1_147' title='bbox 571 1581 602 1636; x_wconf 90' lang='lat' dir='ltr'><strong>et</strong></span> <span class='ocrx_word' id='word_1_148' title='bbox 627 1591 697 1636; x_wconf 87' lang='lat' dir='ltr'><strong>oum</strong></span> <span class='ocrx_word' id='word_1_149' title='bbox 719 1575 839 1652; x_wconf 80' lang='lat' dir='ltr'><strong>aliquod</strong></span> <span class='ocrx_word' id='word_1_150' title='bbox 859 1577 958 1638; x_wconf 83' lang='lat' dir='ltr'><strong>carius</strong></span> <span class='ocrx_word' id='word_1_151' title='bbox 984 1595 1060 1640; x_wconf 86' lang='lat' dir='ltr'><strong>ven·</strong></span> 
     </span>
     <span class='ocr_line' id='line_1_17' title="bbox 41 1660 1058 1743; baseline 0.01 -22"><span class='ocrx_word' id='word_1_152' title='bbox 41 1660 116 1740; x_wconf 82' lang='lat' dir='ltr'><strong>ditor,</strong></span> <span class='ocrx_word' id='word_1_153' title='bbox 130 1667 278 1728; x_wconf 85' lang='lat' dir='ltr'><strong>utstatim</strong></span> <span class='ocrx_word' id='word_1_154' title='bbox 294 1685 311 1726; x_wconf 88' lang='lat' dir='ltr'><strong>a</strong></span> <span class='ocrx_word' id='word_1_155' title='bbox 326 1666 482 1728; x_wconf 86' lang='lat' dir='ltr'><strong>venditore</strong></span> <span class='ocrx_word' id='word_1_156' title='bbox 501 1682 556 1742; x_wconf 92' lang='lat' dir='ltr'><strong>per</strong></span> <span class='ocrx_word' id='word_1_157' title='bbox 574 1682 618 1740; x_wconf 86' lang='lat' dir='ltr'><strong>se,</strong></span> <span class='ocrx_word' id='word_1_158' title='bbox 632 1666 681 1725; x_wconf 84' lang='lat' dir='ltr'><strong>vel</strong></span> <span class='ocrx_word' id='word_1_159' title='bbox 704 1682 759 1740; x_wconf 90' lang='lat' dir='ltr'><strong>per</strong></span> <span class='ocrx_word' id='word_1_160' title='bbox 772 1665 863 1726; x_wconf 90' lang='lat' dir='ltr'><strong>alium</strong></span> <span class='ocrx_word' id='word_1_161' title='bbox 885 1675 1011 1743; x_wconf 83' lang='lat' dir='ltr'><strong>ematur,</strong></span> <span class='ocrx_word' id='word_1_162' title='bbox 1026 1667 1058 1730; x_wconf 93' lang='lat' dir='ltr'><strong>in</strong></span> 
     </span>
     <span class='ocr_line' id='line_1_18' title="bbox 42 1754 1057 1833; baseline 0.009 -22"><span class='ocrx_word' id='word_1_163' title='bbox 42 1768 90 1826; x_wconf 90' lang='lat' dir='ltr'><strong>quo</strong></span> <span class='ocrx_word' id='word_1_164' title='bbox 102 1756 188 1816; x_wconf 86' lang='lat' dir='ltr'><strong>adest</strong></span> <span class='ocrx_word' id='word_1_165' title='bbox 203 1762 378 1816; x_wconf 79' lang='lat' dir='ltr'><strong>contractus</strong></span> <span class='ocrx_word' id='word_1_166' title='bbox 395 1755 534 1816; x_wconf 81' lang='lat' dir='ltr'><strong>mattatra</strong></span> <span class='ocrx_word' id='word_1_167' title='bbox 548 1754 585 1814; x_wconf 91' lang='lat' dir='ltr'><strong>ab</strong></span> <span class='ocrx_word' id='word_1_168' title='bbox 602 1755 775 1816; x_wconf 85' lang='lat' dir='ltr'><strong>innocentio</strong></span> <span class='ocrx_word' id='word_1_169' title='bbox 788 1759 825 1816; x_wconf 89' lang='lat' dir='ltr'><strong>lll</strong></span> <span class='ocrx_word' id='word_1_170' title='bbox 839 1755 995 1820; x_wconf 87' lang='lat' dir='ltr'><strong>damnatus</strong></span> <span class='ocrx_word' id='word_1_171' title='bbox 1005 1762 1057 1833; x_wconf 75' lang='lat'><em>(2).</em></span> 
     </span>
     <span class='ocr_line' id='line_1_19' title="bbox 40 1841 1057 1924; baseline 0.01 -27"><span class='ocrx_word' id='word_1_172' title='bbox 40 1841 91 1901; x_wconf 88' lang='lat' dir='ltr'><strong>lloo</strong></span> <span class='ocrx_word' id='word_1_173' title='bbox 101 1841 173 1904; x_wconf 87' lang='lat' dir='ltr'><strong>item</strong></span> <span class='ocrx_word' id='word_1_174' title='bbox 187 1844 336 1920; x_wconf 83' lang='lat' dir='ltr'><strong>contingit</strong></span> <span class='ocrx_word' id='word_1_175' title='bbox 357 1843 388 1902; x_wconf 90' lang='lat' dir='ltr'><strong>in</strong></span> <span class='ocrx_word' id='word_1_176' title='bbox 410 1842 546 1919; x_wconf 77' lang='lat' dir='ltr'><strong>pignam,</strong></span> <span class='ocrx_word' id='word_1_177' title='bbox 567 1859 638 1902; x_wconf 87' lang='lat' dir='ltr'><strong>cum</strong></span> <span class='ocrx_word' id='word_1_178' title='bbox 656 1843 772 1904; x_wconf 88' lang='lat' dir='ltr'><strong>debitor</strong></span> <span class='ocrx_word' id='word_1_179' title='bbox 785 1860 850 1904; x_wconf 91' lang='lat' dir='ltr'><strong>rem</strong></span> <span class='ocrx_word' id='word_1_180' title='bbox 864 1845 982 1922; x_wconf 86' lang='lat' dir='ltr'><strong>pignori</strong></span> <span class='ocrx_word' id='word_1_181' title='bbox 995 1846 1057 1924; x_wconf 78' lang='lat' dir='ltr'><strong>det,</strong></span> 
     </span>
     <span class='ocr_line' id='line_1_20' title="bbox 38 1931 1058 2012; baseline 0.007 -24"><span class='ocrx_word' id='word_1_182' title='bbox 38 1937 64 1988; x_wconf 84' lang='lat' dir='ltr'><strong>ut</strong></span> <span class='ocrx_word' id='word_1_183' title='bbox 81 1933 215 1994; x_wconf 79' lang='lat' dir='ltr'><strong>creditor</strong></span> <span class='ocrx_word' id='word_1_184' title='bbox 228 1950 286 2010; x_wconf 90' lang='lat' dir='ltr'><strong>pro</strong></span> <span class='ocrx_word' id='word_1_185' title='bbox 308 1932 409 1992; x_wconf 86' lang='lat' dir='ltr'><strong>usuris</strong></span> <span class='ocrx_word' id='word_1_186' title='bbox 430 1931 565 2008; x_wconf 88' lang='lat' dir='ltr'><strong>ejusdem</strong></span> <span class='ocrx_word' id='word_1_187' title='bbox 578 1931 622 1991; x_wconf 90' lang='lat' dir='ltr'><strong>rei</strong></span> <span class='ocrx_word' id='word_1_188' title='bbox 635 1932 750 1992; x_wconf 84' lang='lat' dir='ltr'><strong>tructus</strong></span> <span class='ocrx_word' id='word_1_189' title='bbox 769 1933 925 2010; x_wconf 84' lang='lat' dir='ltr'><strong>pereipiat,</strong></span> <span class='ocrx_word' id='word_1_190' title='bbox 945 1935 976 1994; x_wconf 91' lang='lat' dir='ltr'><strong>iu</strong></span> <span class='ocrx_word' id='word_1_191' title='bbox 998 1951 1058 2012; x_wconf 89' lang='lat' dir='ltr'><strong>quo</strong></span> 
     </span>
     <span class='ocr_line' id='line_1_21' title="bbox 38 2018 1058 2100; baseline 0.008 -24"><span class='ocrx_word' id='word_1_192' title='bbox 38 2018 109 2081; x_wconf 76' lang='lat' dir='ltr'><strong>adast</strong></span> <span class='ocrx_word' id='word_1_193' title='bbox 119 2029 247 2098; x_wconf 86' lang='lat' dir='ltr'><strong>paetum</strong></span> <span class='ocrx_word' id='word_1_194' title='bbox 263 2022 434 2082; x_wconf 79' lang='lat' dir='ltr'><strong>antiphrasis</strong></span> <span class='ocrx_word' id='word_1_195' title='bbox 454 2026 506 2096; x_wconf 87' lang='lat'>(3),</span> <span class='ocrx_word' id='word_1_196' title='bbox 520 2021 569 2082; x_wconf 81' lang='lat' dir='ltr'><strong>vel</strong></span> <span class='ocrx_word' id='word_1_197' title='bbox 582 2028 615 2080; x_wconf 90' lang='lat' dir='ltr'><strong>ut</strong></span> <span class='ocrx_word' id='word_1_198' title='bbox 633 2021 741 2098; x_wconf 80' lang='lat' dir='ltr'><strong>pignus</strong></span> <span class='ocrx_word' id='word_1_199' title='bbox 761 2021 901 2084; x_wconf 87' lang='lat' dir='ltr'><strong>creditori</strong></span> <span class='ocrx_word' id='word_1_200' title='bbox 915 2024 1012 2100; x_wconf 83' lang='lat' dir='ltr'><strong>cedat,</strong></span> <span class='ocrx_word' id='word_1_201' title='bbox 1031 2024 1058 2086; x_wconf 85' lang='lat' dir='ltr'><strong>si</strong></span> 
     </span>
     <span class='ocr_line' id='line_1_22' title="bbox 36 2106 1059 2190; baseline 0.009 -25"><span class='ocrx_word' id='word_1_202' title='bbox 36 2106 141 2171; x_wconf 86' lang='lat' dir='ltr'><strong>debitor</strong></span> <span class='ocrx_word' id='word_1_203' title='bbox 164 2111 248 2172; x_wconf 86' lang='lat' dir='ltr'><strong>intro</strong></span> <span class='ocrx_word' id='word_1_204' title='bbox 266 2117 408 2172; x_wconf 85' lang='lat' dir='ltr'><strong>statutum</strong></span> <span class='ocrx_word' id='word_1_205' title='bbox 426 2117 545 2186; x_wconf 85' lang='lat' dir='ltr'><strong>tempus</strong></span> <span class='ocrx_word' id='word_1_206' title='bbox 567 2109 701 2171; x_wconf 87' lang='lat' dir='ltr'><strong>debitum</strong></span> <span class='ocrx_word' id='word_1_207' title='bbox 716 2127 778 2172; x_wconf 90' lang='lat' dir='ltr'><strong>uon</strong></span> <span class='ocrx_word' id='word_1_208' title='bbox 797 2112 928 2188; x_wconf 85' lang='lat' dir='ltr'><strong>solverit,</strong></span> <span class='ocrx_word' id='word_1_209' title='bbox 947 2111 979 2174; x_wconf 88' lang='lat' dir='ltr'><strong>iu</strong></span> <span class='ocrx_word' id='word_1_210' title='bbox 999 2131 1059 2190; x_wconf 87' lang='lat' dir='ltr'><strong>quo</strong></span> 
     </span>
     <span class='ocr_line' id='line_1_23' title="bbox 36 2199 618 2276; baseline 0.003 -20"><span class='ocrx_word' id='word_1_211' title='bbox 36 2209 147 2269; x_wconf 85' lang='lat' dir='ltr'><strong>paetum</strong></span> <span class='ocrx_word' id='word_1_212' title='bbox 163 2200 237 2276; x_wconf 77' lang='lat' dir='ltr'><strong>lapis</strong></span> <span class='ocrx_word' id='word_1_213' title='bbox 252 2199 458 2260; x_wconf 75' lang='lat' dir='ltr'><strong>mmmtooorao</strong></span> <span class='ocrx_word' id='word_1_214' title='bbox 472 2199 554 2259; x_wconf 84' lang='lat' dir='ltr'><strong>adast</strong></span> <span class='ocrx_word' id='word_1_215' title='bbox 565 2202 618 2274; x_wconf 86' lang='lat' dir='ltr'><strong>(t).</strong></span> 
     </span>
    </p>

    <p class='ocr_par' dir='ltr' id='par_1_3' title="bbox 62 2285 1059 2366">
     <span class='ocr_line' id='line_1_24' title="bbox 62 2285 1059 2366; baseline 0.004 -19"><span class='ocrx_word' id='word_1_216' title='bbox 62 2292 213 2350; x_wconf 74' lang='lat' dir='ltr'><strong>Craterum</strong></span> <span class='ocrx_word' id='word_1_217' title='bbox 226 2288 353 2365; x_wconf 84' lang='lat' dir='ltr'><strong>pecunia</strong></span> <span class='ocrx_word' id='word_1_218' title='bbox 362 2289 474 2366; x_wconf 88' lang='lat' dir='ltr'><strong>absque</strong></span> <span class='ocrx_word' id='word_1_219' title='bbox 486 2304 585 2348; x_wconf 88' lang='lat' dir='ltr'><strong>usurae</strong></span> <span class='ocrx_word' id='word_1_220' title='bbox 597 2287 705 2348; x_wconf 89' lang='lat' dir='ltr'><strong>timore</strong></span> <span class='ocrx_word' id='word_1_221' title='bbox 717 2285 807 2347; x_wconf 81' lang='lat' dir='ltr'><strong>variis</strong></span> <span class='ocrx_word' id='word_1_222' title='bbox 817 2287 847 2346; x_wconf 90' lang='lat' dir='ltr'><strong>in</strong></span> <span class='ocrx_word' id='word_1_223' title='bbox 856 2289 1059 2350; x_wconf 81' lang='lat' dir='ltr'><strong>contractibus</strong></span> 
     </span>
    </p>
   </div>
   <div class='ocr_carea' id='block_1_3' title="bbox 31 2369 1062 2716">
    <p class='ocr_par' dir='ltr' id='par_1_4' title="bbox 31 2369 1062 2716">
     <span class='ocr_line' id='line_1_25' title="bbox 35 2369 1058 2454; baseline 0.014 -25"><span class='ocrx_word' id='word_1_224' title='bbox 35 2373 236 2438; x_wconf 84' lang='lat' dir='ltr'><strong>odhonestum</strong></span> <span class='ocrx_word' id='word_1_225' title='bbox 249 2379 368 2437; x_wconf 86' lang='lat' dir='ltr'><strong>luorum</strong></span> <span class='ocrx_word' id='word_1_226' title='bbox 383 2376 522 2437; x_wconf 86' lang='lat' dir='ltr'><strong>collocari</strong></span> <span class='ocrx_word' id='word_1_227' title='bbox 536 2381 644 2452; x_wconf 82' lang='lat' dir='ltr'><strong>potest,</strong></span> <span class='ocrx_word' id='word_1_228' title='bbox 658 2382 693 2436; x_wconf 87' lang='lat' dir='ltr'><strong>ut</strong></span> <span class='ocrx_word' id='word_1_229' title='bbox 705 2377 736 2435; x_wconf 89' lang='lat' dir='ltr'><strong>in</strong></span> <span class='ocrx_word' id='word_1_230' title='bbox 747 2369 897 2452; x_wconf 79' lang='lat' dir='ltr'><strong>societate,</strong></span> <span class='ocrx_word' id='word_1_231' title='bbox 913 2378 944 2438; x_wconf 90' lang='lat' dir='ltr'><strong>in</strong></span> <span class='ocrx_word' id='word_1_232' title='bbox 955 2395 1058 2454; x_wconf 78' lang='lat' dir='ltr'><strong>censa,</strong></span> 
     </span>
     <span class='ocr_line' id='line_1_26' title="bbox 31 2460 1062 2542; baseline 0.007 -21"><span class='ocrx_word' id='word_1_233' title='bbox 31 2460 208 2542; x_wconf 85' lang='lat' dir='ltr'><strong>inoamhio‚</strong></span> <span class='ocrx_word' id='word_1_234' title='bbox 228 2473 259 2526; x_wconf 92' lang='lat' dir='ltr'><strong>et</strong></span> <span class='ocrx_word' id='word_1_235' title='bbox 278 2466 310 2527; x_wconf 90' lang='lat' dir='ltr'><strong>in</strong></span> <span class='ocrx_word' id='word_1_236' title='bbox 330 2465 481 2526; x_wconf 89' lang='lat' dir='ltr'><strong>montibus</strong></span> <span class='ocrx_word' id='word_1_237' title='bbox 494 2464 620 2542; x_wconf 86' lang='lat' dir='ltr'><strong>pietatis.</strong></span> <span class='ocrx_word' id='word_1_238' title='bbox 635 2465 768 2526; x_wconf 86' lang='lat' dir='ltr'><strong>Brevitas</strong></span> <span class='ocrx_word' id='word_1_239' title='bbox 792 2467 879 2527; x_wconf 89' lang='lat' dir='ltr'><strong>uobis</strong></span> <span class='ocrx_word' id='word_1_240' title='bbox 891 2469 1062 2528; x_wconf 78' lang='lat' dir='ltr'><strong>necessaria</strong></span> 
     </span>
     <span class='ocr_line' id='line_1_27' title="bbox 33 2555 1058 2633; baseline 0.01 -25"><span class='ocrx_word' id='word_1_241' title='bbox 33 2568 86 2613; x_wconf 89' lang='lat' dir='ltr'><strong>nou</strong></span> <span class='ocrx_word' id='word_1_242' title='bbox 99 2557 185 2631; x_wconf 81' lang='lat' dir='ltr'><strong>sinit,</strong></span> <span class='ocrx_word' id='word_1_243' title='bbox 198 2562 234 2615; x_wconf 92' lang='lat' dir='ltr'><strong>ut</strong></span> <span class='ocrx_word' id='word_1_244' title='bbox 247 2555 285 2615; x_wconf 89' lang='lat' dir='ltr'><strong>de</strong></span> <span class='ocrx_word' id='word_1_245' title='bbox 294 2555 330 2615; x_wconf 86' lang='lat' dir='ltr'><strong>iis</strong></span> <span class='ocrx_word' id='word_1_246' title='bbox 339 2561 503 2616; x_wconf 82' lang='lat' dir='ltr'><strong>tractemus</strong></span> <span class='ocrx_word' id='word_1_247' title='bbox 515 2574 522 2615; x_wconf 92' lang='lat'>:</span> <span class='ocrx_word' id='word_1_248' title='bbox 542 2571 635 2631; x_wconf 87' lang='lat' dir='ltr'><strong>quare</strong></span> <span class='ocrx_word' id='word_1_249' title='bbox 644 2555 788 2616; x_wconf 85' lang='lat' dir='ltr'><strong>lectorem</strong></span> <span class='ocrx_word' id='word_1_250' title='bbox 797 2555 837 2616; x_wconf 90' lang='lat' dir='ltr'><strong>ad</strong></span> <span class='ocrx_word' id='word_1_251' title='bbox 846 2556 994 2633; x_wconf 84' lang='lat' dir='ltr'><strong>probatos</strong></span> <span class='ocrx_word' id='word_1_252' title='bbox 1005 2575 1058 2619; x_wconf 88' lang='lat' dir='ltr'><strong>au·</strong></span> 
     </span>
     <span class='ocr_line' id='line_1_28' title="bbox 31 2642 395 2716; baseline 0.011 -16"><span class='ocrx_word' id='word_1_253' title='bbox 31 2646 126 2705; x_wconf 82' lang='lat' dir='ltr'><strong>ctores</strong></span> <span class='ocrx_word' id='word_1_254' title='bbox 139 2642 329 2705; x_wconf 87' lang='lat' dir='ltr'><strong>remittimus</strong></span> <span class='ocrx_word' id='word_1_255' title='bbox 343 2644 395 2716; x_wconf 73' lang='grc' dir='ltr'>(ὅ).</span> 
     </span>
    </p>
   </div>
   <div class='ocr_carea' id='block_1_4' title="bbox 18 2819 1065 3603">
    <p class='ocr_par' dir='ltr' id='par_1_5' title="bbox 18 2819 1065 3603">
     <span class='ocr_line' id='line_1_29' title="bbox 53 2819 1059 2890; baseline 0.005 -17"><span class='ocrx_word' id='word_1_256' title='bbox 53 2822 87 2888; x_wconf 87' lang='lat' dir='ltr'><strong>(l)</strong></span> <span class='ocrx_word' id='word_1_257' title='bbox 101 2823 174 2890; x_wconf 81' lang='lat' dir='ltr'><strong>Gap.</strong></span> <span class='ocrx_word' id='word_1_258' title='bbox 195 2822 234 2873; x_wconf 87' lang='lat'><strong>10.</strong></span> <span class='ocrx_word' id='word_1_259' title='bbox 248 2822 283 2874; x_wconf 88' lang='lat' dir='ltr'><strong>do</strong></span> <span class='ocrx_word' id='word_1_260' title='bbox 292 2835 367 2873; x_wconf 88' lang='lat' dir='ltr'><strong>usur.</strong></span> <span class='ocrx_word' id='word_1_261' title='bbox 378 2822 507 2874; x_wconf 82' lang='lat' dir='ltr'><strong>Doctores</strong></span> <span class='ocrx_word' id='word_1_262' title='bbox 513 2819 705 2874; x_wconf 86' lang='lat' dir='ltr'><strong>traduntidem</strong></span> <span class='ocrx_word' id='word_1_263' title='bbox 714 2822 870 2887; x_wconf 83' lang='lat' dir='ltr'><strong>proaedere,</strong></span> <span class='ocrx_word' id='word_1_264' title='bbox 881 2823 905 2876; x_wconf 83' lang='lat' dir='ltr'><strong>si</strong></span> <span class='ocrx_word' id='word_1_265' title='bbox 912 2824 978 2890; x_wconf 91' lang='lat' dir='ltr'><strong>quid</strong></span> <span class='ocrx_word' id='word_1_266' title='bbox 989 2837 1059 2878; x_wconf 87' lang='lat' dir='ltr'><strong>ema·</strong></span> 
     </span>
     <span class='ocr_line' id='line_1_30' title="bbox 27 2892 1060 2960; baseline 0.006 -16"><span class='ocrx_word' id='word_1_267' title='bbox 27 2895 66 2944; x_wconf 86' lang='lat' dir='ltr'><strong>tur</strong></span> <span class='ocrx_word' id='word_1_268' title='bbox 78 2897 216 2956; x_wconf 78' lang='lat' dir='ltr'><strong>minoris„</strong></span> <span class='ocrx_word' id='word_1_269' title='bbox 226 2907 308 2960; x_wconf 89' lang='lat' dir='ltr'><strong>quam</strong></span> <span class='ocrx_word' id='word_1_270' title='bbox 320 2894 401 2952; x_wconf 86' lang='lat' dir='ltr'><strong>valet.</strong></span> <span class='ocrx_word' id='word_1_271' title='bbox 413 2892 447 2944; x_wconf 88' lang='lat' dir='ltr'><strong>ab</strong></span> <span class='ocrx_word' id='word_1_272' title='bbox 462 2892 636 2957; x_wconf 84' lang='lat' dir='ltr'><strong>anticipatam</strong></span> <span class='ocrx_word' id='word_1_273' title='bbox 650 2893 819 2945; x_wconf 87' lang='lat' dir='ltr'><strong>solutionem.</strong></span> <span class='ocrx_word' id='word_1_274' title='bbox 829 2922 860 2932; x_wconf 92' lang='lat'><em>-</em></span> <span class='ocrx_word' id='word_1_275' title='bbox 872 2895 909 2960; x_wconf 84' lang='lat' dir='ltr'><strong>(i)</strong></span> <span class='ocrx_word' id='word_1_276' title='bbox 923 2896 975 2948; x_wconf 87' lang='lat' dir='ltr'><strong>Hio</strong></span> <span class='ocrx_word' id='word_1_277' title='bbox 988 2898 1060 2950; x_wconf 87' lang='lat' dir='ltr'><strong>Pau·</strong></span> 
     </span>
     <span class='ocr_line' id='line_1_31' title="bbox 27 2961 1062 3034; baseline 0.009 -22"><span class='ocrx_word' id='word_1_278' title='bbox 27 2965 87 3016; x_wconf 80' lang='lat' dir='ltr'><strong>tifex</strong></span> <span class='ocrx_word' id='word_1_279' title='bbox 96 2971 269 3034; x_wconf 88' lang='lat' dir='ltr'><strong>sequentem</strong></span> <span class='ocrx_word' id='word_1_280' title='bbox 278 2965 415 3017; x_wconf 84' lang='lat' dir='ltr'><strong>damnavit</strong></span> <span class='ocrx_word' id='word_1_281' title='bbox 426 2964 649 3029; x_wconf 84' lang='lat' dir='ltr'><strong>propositionem:</strong></span> <span class='ocrx_word' id='word_1_282' title='bbox 664 2961 822 3017; x_wconf 77' lang='lat' dir='ltr'><strong>Contraotus</strong></span> <span class='ocrx_word' id='word_1_283' title='bbox 830 2964 962 3020; x_wconf 71' lang='lat' dir='ltr'><strong>multatum</strong></span> <span class='ocrx_word' id='word_1_284' title='bbox 970 2967 1062 3022; x_wconf 79' lang='lat' dir='ltr'><strong>ttoitus</strong></span> 
     </span>
     <span class='ocr_line' id='line_1_32' title="bbox 24 3035 1058 3101; baseline 0.005 -14"><span class='ocrx_word' id='word_1_285' title='bbox 24 3039 58 3089; x_wconf 81' lang='lat' dir='ltr'><strong>art</strong></span> <span class='ocrx_word' id='word_1_286' title='bbox 66 3037 159 3091; x_wconf 81' lang='lat' dir='ltr'><strong>otiam</strong></span> <span class='ocrx_word' id='word_1_287' title='bbox 173 3039 301 3100; x_wconf 70' lang='lat' dir='ltr'><strong>respecta</strong></span> <span class='ocrx_word' id='word_1_288' title='bbox 314 3035 431 3101; x_wconf 75' lang='lat' dir='ltr'><strong>ejusdem</strong></span> <span class='ocrx_word' id='word_1_289' title='bbox 445 3045 579 3099; x_wconf 57' lang='lat' dir='ltr'><strong>porratam</strong></span> <span class='ocrx_word' id='word_1_290' title='bbox 600 3037 626 3086; x_wconf 85' lang='lat' dir='ltr'><strong>at</strong></span> <span class='ocrx_word' id='word_1_291' title='bbox 639 3049 700 3087; x_wconf 86' lang='lat' dir='ltr'><strong>oum</strong></span> <span class='ocrx_word' id='word_1_292' title='bbox 712 3035 853 3090; x_wconf 77' lang='lat' dir='ltr'><strong>contractu</strong></span> <span class='ocrx_word' id='word_1_293' title='bbox 865 3039 1058 3094; x_wconf 79' lang='lat' dir='ltr'><strong>retrovomotttt&#39;o</strong></span> 
     </span>
     <span class='ocr_line' id='line_1_33' title="bbox 24 3105 1062 3175; baseline 0.005 -18"><span class='ocrx_word' id='word_1_294' title='bbox 24 3108 63 3159; x_wconf 81' lang='lat' dir='ltr'><strong>uio</strong></span> <span class='ocrx_word' id='word_1_295' title='bbox 72 3109 181 3173; x_wconf 79' lang='lat' dir='ltr'><strong>praeta</strong></span> <span class='ocrx_word' id='word_1_296' title='bbox 192 3107 267 3160; x_wconf 82' lang='lat' dir='ltr'><strong>inito</strong></span> <span class='ocrx_word' id='word_1_297' title='bbox 280 3119 341 3158; x_wconf 89' lang='lat' dir='ltr'><strong>oum</strong></span> <span class='ocrx_word' id='word_1_298' title='bbox 351 3105 501 3159; x_wconf 72' lang='lat' dir='ltr'><strong>intentione</strong></span> <span class='ocrx_word' id='word_1_299' title='bbox 510 3105 588 3157; x_wconf 81' lang='lat' dir='ltr'><strong>tueri.</strong></span> <span class='ocrx_word' id='word_1_300' title='bbox 603 3107 682 3170; x_wconf 87' lang='lat' dir='ltr'><strong>Prop.</strong></span> <span class='ocrx_word' id='word_1_301' title='bbox 695 3107 785 3158; x_wconf 88' lang='lat' dir='ltr'><strong>damn.</strong></span> <span class='ocrx_word' id='word_1_302' title='bbox 796 3122 822 3160; x_wconf 93' lang='lat' dir='ltr'><strong>n.</strong></span> <span class='ocrx_word' id='word_1_303' title='bbox 838 3109 877 3161; x_wconf 84' lang='lat' dir='ltr'><strong>to.</strong></span> <span class='ocrx_word' id='word_1_304' title='bbox 886 3111 957 3175; x_wconf 80' lang='lat'>-(3)</span> <span class='ocrx_word' id='word_1_305' title='bbox 970 3111 1003 3161; x_wconf 89' lang='lat' dir='ltr'><strong>In</strong></span> <span class='ocrx_word' id='word_1_306' title='bbox 1013 3123 1062 3162; x_wconf 83' lang='lat' dir='ltr'><strong>au·</strong></span> 
     </span>
     <span class='ocr_line' id='line_1_34' title="bbox 25 3176 1061 3244; baseline 0.003 -16"><span class='ocrx_word' id='word_1_307' title='bbox 25 3179 137 3234; x_wconf 86' lang='lat' dir='ltr'><strong>tiohresi</strong></span> <span class='ocrx_word' id='word_1_308' title='bbox 152 3193 247 3234; x_wconf 84' lang='lat' dir='ltr'><strong>usura</strong></span> <span class='ocrx_word' id='word_1_309' title='bbox 259 3184 301 3230; x_wconf 88' lang='lat' dir='ltr'><strong>est</strong></span> <span class='ocrx_word' id='word_1_310' title='bbox 314 3177 436 3244; x_wconf 85' lang='lat' dir='ltr'><strong>palliata,</strong></span> <span class='ocrx_word' id='word_1_311' title='bbox 451 3179 515 3243; x_wconf 89' lang='lat' dir='ltr'><strong>quia</strong></span> <span class='ocrx_word' id='word_1_312' title='bbox 529 3176 626 3243; x_wconf 75' lang='lat' dir='ltr'><strong>pignus</strong></span> <span class='ocrx_word' id='word_1_313' title='bbox 638 3178 728 3238; x_wconf 83' lang='lat' dir='ltr'><strong>datur.</strong></span> <span class='ocrx_word' id='word_1_314' title='bbox 741 3184 772 3230; x_wconf 91' lang='lat' dir='ltr'><strong>ut</strong></span> <span class='ocrx_word' id='word_1_315' title='bbox 789 3193 902 3234; x_wconf 72' lang='lat' dir='ltr'><strong>securus</strong></span> <span class='ocrx_word' id='word_1_316' title='bbox 915 3182 962 3234; x_wconf 88' lang='lat' dir='ltr'><strong>liat</strong></span> <span class='ocrx_word' id='word_1_317' title='bbox 974 3180 1061 3234; x_wconf 87' lang='lat' dir='ltr'><strong>oredi-</strong></span> 
     </span>
     <span class='ocr_line' id='line_1_35' title="bbox 22 3247 1062 3317; baseline 0.002 -17"><span class='ocrx_word' id='word_1_318' title='bbox 22 3255 71 3311; x_wconf 88' lang='lat' dir='ltr'><strong>tor,</strong></span> <span class='ocrx_word' id='word_1_319' title='bbox 85 3267 147 3304; x_wconf 92' lang='lat' dir='ltr'><strong>non</strong></span> <span class='ocrx_word' id='word_1_320' title='bbox 171 3263 253 3308; x_wconf 86' lang='lat' dir='ltr'><strong>vero,</strong></span> <span class='ocrx_word' id='word_1_321' title='bbox 272 3253 303 3300; x_wconf 90' lang='lat' dir='ltr'><strong>ut</strong></span> <span class='ocrx_word' id='word_1_322' title='bbox 317 3249 433 3300; x_wconf 83' lang='lat' dir='ltr'><strong>creditor</strong></span> <span class='ocrx_word' id='word_1_323' title='bbox 447 3247 486 3300; x_wconf 87' lang='lat' dir='ltr'><strong>rei</strong></span> <span class='ocrx_word' id='word_1_324' title='bbox 500 3247 650 3314; x_wconf 77' lang='lat' dir='ltr'><strong>pignorata</strong></span> <span class='ocrx_word' id='word_1_325' title='bbox 672 3249 775 3302; x_wconf 81' lang='lat' dir='ltr'><strong>limatus</strong></span> <span class='ocrx_word' id='word_1_326' title='bbox 790 3251 939 3317; x_wconf 74' lang='lat' dir='ltr'><strong>pereipiatr</strong></span> <span class='ocrx_word' id='word_1_327' title='bbox 962 3251 1062 3304; x_wconf 82' lang='lat' dir='ltr'><strong>etenim</strong></span> 
     </span>
     <span class='ocr_line' id='line_1_36' title="bbox 22 3319 1063 3388; baseline 0.001 -17"><span class='ocrx_word' id='word_1_328' title='bbox 22 3325 143 3376; x_wconf 86' lang='lat' dir='ltr'><strong>creditor</strong></span> <span class='ocrx_word' id='word_1_329' title='bbox 157 3320 340 3388; x_wconf 85' lang='lat' dir='ltr'><strong>percipiendo</strong></span> <span class='ocrx_word' id='word_1_330' title='bbox 355 3320 394 3372; x_wconf 89' lang='lat' dir='ltr'><strong>rei</strong></span> <span class='ocrx_word' id='word_1_331' title='bbox 407 3321 510 3372; x_wconf 83' lang='lat' dir='ltr'><strong>tructus</strong></span> <span class='ocrx_word' id='word_1_332' title='bbox 520 3319 591 3370; x_wconf 91' lang='lat' dir='ltr'><strong>idem</strong></span> <span class='ocrx_word' id='word_1_333' title='bbox 601 3319 674 3381; x_wconf 86' lang='lat' dir='ltr'><strong>iacit,</strong></span> <span class='ocrx_word' id='word_1_334' title='bbox 686 3320 750 3371; x_wconf 84' lang='lat' dir='ltr'><strong>acsi</strong></span> <span class='ocrx_word' id='word_1_335' title='bbox 760 3335 857 3373; x_wconf 86' lang='lat' dir='ltr'><strong>usuras</strong></span> <span class='ocrx_word' id='word_1_336' title='bbox 870 3324 967 3374; x_wconf 81' lang='lat' dir='ltr'><strong>uetitos</strong></span> <span class='ocrx_word' id='word_1_337' title='bbox 976 3321 1063 3386; x_wconf 85' lang='lat' dir='ltr'><strong>poroi-</strong></span> 
     </span>
     <span class='ocr_line' id='line_1_37' title="bbox 18 3391 1064 3458; baseline -0.001 -13"><span class='ocrx_word' id='word_1_338' title='bbox 18 3399 112 3458; x_wconf 83' lang='lat' dir='ltr'><strong>perot:</strong></span> <span class='ocrx_word' id='word_1_339' title='bbox 123 3394 240 3446; x_wconf 84' lang='lat' dir='ltr'><strong>idcirco</strong></span> <span class='ocrx_word' id='word_1_340' title='bbox 250 3392 354 3443; x_wconf 86' lang='lat' dir='ltr'><strong>tructus</strong></span> <span class='ocrx_word' id='word_1_341' title='bbox 363 3391 483 3456; x_wconf 79' lang='lat' dir='ltr'><strong>percepti</strong></span> <span class='ocrx_word' id='word_1_342' title='bbox 496 3391 526 3440; x_wconf 91' lang='lat' dir='ltr'><strong>in</strong></span> <span class='ocrx_word' id='word_1_343' title='bbox 536 3395 635 3441; x_wconf 89' lang='lat' dir='ltr'><strong>sortem</strong></span> <span class='ocrx_word' id='word_1_344' title='bbox 646 3391 797 3456; x_wconf 82' lang='lat' dir='ltr'><strong>imputandi</strong></span> <span class='ocrx_word' id='word_1_345' title='bbox 806 3398 884 3458; x_wconf 82' lang='lat' dir='ltr'><strong>sunt,·</strong></span> <span class='ocrx_word' id='word_1_346' title='bbox 895 3394 921 3444; x_wconf 89' lang='lat' dir='ltr'><strong>at</strong></span> <span class='ocrx_word' id='word_1_347' title='bbox 931 3391 954 3442; x_wconf 88' lang='lat' dir='ltr'><strong>si</strong></span> <span class='ocrx_word' id='word_1_348' title='bbox 965 3391 1004 3442; x_wconf 87' lang='lat' dir='ltr'><strong>ita</strong></span> <span class='ocrx_word' id='word_1_349' title='bbox 1013 3404 1064 3457; x_wconf 87' lang='lat' dir='ltr'><strong>per</strong></span> 
     </span>
     <span class='ocr_line' id='line_1_38' title="bbox 20 3461 1064 3530; baseline 0.001 -17"><span class='ocrx_word' id='word_1_350' title='bbox 20 3465 168 3518; x_wconf 82' lang='lat' dir='ltr'><strong>tractuum</strong></span> <span class='ocrx_word' id='word_1_351' title='bbox 184 3463 390 3530; x_wconf 84' lang='lat' dir='ltr'><strong>poroeptionom</strong></span> <span class='ocrx_word' id='word_1_352' title='bbox 398 3461 519 3513; x_wconf 87' lang='lat' dir='ltr'><strong>debitum</strong></span> <span class='ocrx_word' id='word_1_353' title='bbox 533 3461 585 3514; x_wconf 86' lang='lat' dir='ltr'><strong>luit</strong></span> <span class='ocrx_word' id='word_1_354' title='bbox 594 3461 749 3521; x_wconf 84' lang='lat' dir='ltr'><strong>extinctu-m,</strong></span> <span class='ocrx_word' id='word_1_355' title='bbox 760 3463 859 3530; x_wconf 79' lang='lat' dir='ltr'><strong>pignus</strong></span> <span class='ocrx_word' id='word_1_356' title='bbox 868 3467 911 3514; x_wconf 85' lang='lat' dir='ltr'><strong>est</strong></span> <span class='ocrx_word' id='word_1_357' title='bbox 919 3463 1064 3514; x_wconf 79' lang='lat' dir='ltr'><strong>restituen-</strong></span> 
     </span>
     <span class='ocr_line' id='line_1_39' title="bbox 22 3532 1065 3603; baseline 0 -17"><span class='ocrx_word' id='word_1_358' title='bbox 22 3535 93 3590; x_wconf 87' lang='lat' dir='ltr'><strong>dum.</strong></span> <span class='ocrx_word' id='word_1_359' title='bbox 103 3539 181 3603; x_wconf 83' lang='lat' dir='ltr'><strong>Cap.</strong></span> <span class='ocrx_word' id='word_1_360' title='bbox 195 3532 223 3596; x_wconf 82' lang='lat'><strong>6,</strong></span> <span class='ocrx_word' id='word_1_361' title='bbox 233 3533 267 3586; x_wconf 90' lang='lat' dir='ltr'><strong>de</strong></span> <span class='ocrx_word' id='word_1_362' title='bbox 279 3532 563 3602; x_wconf 72' lang='lat' dir='ltr'><strong>pigmen-Antiolrrosis</strong></span> <span class='ocrx_word' id='word_1_363' title='bbox 573 3536 664 3588; x_wconf 84' lang='lat' dir='ltr'><strong>tamon</strong></span> <span class='ocrx_word' id='word_1_364' title='bbox 675 3547 731 3586; x_wconf 90' lang='lat' dir='ltr'><strong>nou</strong></span> <span class='ocrx_word' id='word_1_365' title='bbox 742 3533 904 3598; x_wconf 79' lang='lat' dir='ltr'><strong>reprobatur</strong></span> <span class='ocrx_word' id='word_1_366' title='bbox 913 3533 942 3586; x_wconf 87' lang='lat' dir='ltr'><strong>in</strong></span> <span class='ocrx_word' id='word_1_367' title='bbox 952 3533 1065 3599; x_wconf 79' lang='lat' dir='ltr'><strong>pignore</strong></span> 
     </span>
    </p>
   </div>
   <div class='ocr_carea' id='block_1_5' title="bbox 0 0 1220 4078">
    <p class='ocr_par' dir='ltr' id='par_1_6' title="bbox 0 0 1220 4078">
     <span class='ocr_line' id='line_1_40' title="bbox 0 0 1220 4078; baseline 0 10"><span class='ocrx_word' id='word_1_368' title='bbox 0 0 1220 4078; x_wconf 95' lang='lat' dir='ltr'><strong> </strong></span> 
     </span>
    </p>
   </div>
  </div>
 </body>
</html>
