2494 4062
518 199 606 258 -33

29 333 30 374 t
105 322 226 382 menon
247 322 334 385 habet
355 325 458 385 locum
478 323 509 383 in
532 323 660 398 casibus,
686 325 916 402 quipeccatum
942 321 1096 404 continent¹

102 410 326 487 nereinternum,
341 431 399 474 nec
421 413 453 472 in
480 413 599 474 casibus
622 413 748 474 occultis
769 419 909 491 respectu
923 412 962 472 cd
979 411 1096 488 episco-

99 516 161 574 pum,
175 501 263 576 quiin
278 503 396 562 easibm
410 500 566 578 papalibus
587 502 714 562 occultis
733 502 823 562 habet
838 520 858 562 a
871 500 1038 562 Tridentino
1051 502 1095 561 la-

97 589 210 649 colutcm
219 590 390 652 absolvendi
403 595 454 664 (5),
469 590 604 666 exceptis
620 590 739 651 casibus
753 592 842 651 Bullee
857 590 959 665 Caeca,
968 597 1094 666 excepta

24 679 25 682 ’
96 692 199 737 ransma
210 679 248 739 ob
259 680 416 740 simoniam
430 679 461 738 in
476 681 590 755 ordine,
606 686 636 740 et
656 681 790 757 exceptis
813 680 934 740 casibus
948 686 1018 757 post
1031 679 1093 740 Tri-

96 764 220 828 dentinum
231 785 348 830 summo
363 769 498 830 Pontifici
512 768 671 830 reservatis
685 773 736 844 (6).

116 951 206 1013 (ttBnl.
228 947 361 1007 Sanctum
374 956 400 1007 et
416 952 536 1007 salutare
549 953 618 1012 Sixti
638 953 671 1006 V.
697 981 724 992 -
746 954 782 1019 (t)
805 954 866 1005 Bul.
883 947 1092 1008 Sacramentum

92 1018 231 1074 Panitmtta
254 1025 394 1076 Benedicti
407 1025 483 1077 xlv.
498 1026 565 1076 Haeo
578 1025 654 1076 bulla
668 1025 867 1077 confirmatoria
889 1024 1000 1076 alterius
1020 1039 1090 1092 pree-

92 1093 186 1145 cedentis
196 1095 318 1160 Gregorii
332 1096 384 1148 XV
399 1097 481 1163 incip.
497 1095 628 1159 Universi,
643 1097 777 1162 importat,
792 1095 988 1148 absolutionem
1001 1097 1034 1148 iis
1048 1098 1092 1149 de·

90 1165 216 1227 negandam
240 1179 311 1226 esse,
331 1169 379 1233 qui
404 1169 590 1220 sollicitantem
610 1168 774 1220 denunciare
798 1171 931 1226 recusent,
956 1167 1091 1234 simulque

88 1236 170 1300 statuit,
184 1239 284 1290 crimen
298 1239 368 1290 falso
392 1240 581 1292 denunciantis
603 1253 663 1291 esse
677 1241 704 1290 S.
718 1237 781 1290 Sedi
796 1243 971 1301 reservatum,
986 1243 1014 1289 et
1028 1253 1090 1290 con·

88 1305 198 1359 tcsscrem
211 1310 400 1362 sollicitantem
415 1311 573 1376 complicem
586 1310 727 1363 absolvere
738 1325 793 1362 non
813 1323 893 1377 possa
907 1313 984 1361 extre
997 1311 1092 1362 mortis

87 1377 211 1438 utentum,
230 1382 303 1446 quod
323 1383 347 1432 si
362 1383 448 1445 iaciat,
470 1383 772 1434 excommunicationem
795 1382 822 1434 S.
839 1382 902 1434 sedi
925 1386 1092 1433 reservatam

85 1445 184 1502 incurrit.
194 1453 251 1504 Hae
261 1454 295 1505 dc
310 1467 339 1504 re
349 1455 455 1520 copiose
466 1457 549 1519 egunt
560 1453 707 1505 moralistae
718 1473 724 1515 ;
736 1467 785 1504 nos
794 1467 858 1505 vero
869 1454 990 1504 breviter
999 1453 1091 1506 obser·

85 1532 160 1574 ramus
174 1544 181 1573 ι
197 1525 219 1574 1⁰
239 1525 336 1588 Quoad
354 1527 477 1585 formam,
497 1526 731 1576 denunciationem
745 1534 806 1577 csse
829 1525 980 1576 taciendam
996 1539 1013 1576 a
1028 1537 1090 1590 per·

84 1601 135 1641 sona
149 1594 288 1647 sollicitata
310 1601 482 1660 comparente
496 1609 587 1648 coram
602 1597 755 1660 Ordinaric,
770 1598 814 1648 vel
828 1598 888 1661 ejus
902 1596 1034 1664 delegato,
1049 1597 1090 1649 in·

84 1664 191 1728 terposito
204 1668 327 1719 raritatis
341 1669 463 1718 dicendae
474 1671 638 1733 juramento,
650 1672 677 1718 et
687 1667 715 1718 in
729 1668 847 1734 scriptis,
863 1681 894 1718 eo
905 1667 988 1719 ferme
1000 1669 1088 1732 modo,

82 1745 123 1796 quo
134 1735 299 1791 denunciatio
316 1739 346 1790 fit
359 1740 387 1789 in
400 1753 481 1791 causa
495 1739 616 1790 haeresis.
633 1739 661 1789 Si
674 1752 739 1790 vero
753 1739 791 1789 ite
803 1739 926 1790 absolute
939 1739 1091 1792 denuncia-

81 1803 111 1854 tio
123 1806 175 1857 teri
190 1815 318 1874 nequeat,
331 1810 456 1862 socienda
470 1814 512 1861 est
525 1824 574 1875 per
589 1809 730 1876 epistolam
745 1824 761 1861 a
775 1810 952 1862 denunciante
968 1811 1087 1862 subscri-

80 1877 141 1938 ptam
159 1893 216 1930 cum
233 1881 397 1932 indicatione
412 1882 454 1932 sui
477 1881 629 1940 domicilii;
653 1881 732 1932 aliter
756 1881 917 1932 sollicitatus
939 1883 1088 1952 apeccatis

80 1947 126 1998 suis
138 1950 235 2002 absolvi
249 1954 354 2018 nequit,
373 1953 426 2004 nisi
440 1952 671 2016 dispensationem
688 1966 705 2003 a
719 1953 926 2003 denunciatione
941 1965 957 2002 a
971 1955 998 2003 S.
1019 1953 1087 2005 Sede

11 2051 12 2070 t
79 2015 220 2081 obtinuerit,
235 2036 288 2074 nec
313 2024 426 2088 epistola
446 2036 581 2086 anonyma
595 2023 629 2074 ad
644 2023 818 2075 Ordinarium
841 2023 945 2074 directo
958 2022 1087 2075 sollicita·

79 2091 150 2140 tome
167 2093 382 2145 denunciationis
403 2093 566 2158 obligatione
590 2094 701 2147 liberat.
723 2095 748 2144 2⁰
776 2093 870 2155 Quoad
889 2093 1086 2158 probationem,

79 2170 121 2209 non
129 2163 246 2216 sufficere
261 2164 497 2216 denunciationem
518 2165 599 2216 unius
621 2166 738 2224 femina,
753 2166 869 2217 maxime
883 2167 906 2215 si
924 2164 957 2216 de
972 2165 1087 2217 diversis

78 2230 168 2284 usibus
181 2241 279 2298 agatur
292 2248 300 2283 c
312 2235 384 2286 unda
399 2235 492 2300 regula
506 2249 566 2286 esse
583 2236 673 2300 debet,
688 2241 719 2287 ut
739 2237 915 2288 denunciatus
933 2233 982 2300 prb
999 2237 1087 2301 prima

78 2301 123 2352 tice
134 2305 272 2370 ot'gitctur;
286 2319 335 2370 pro
350 2307 468 2358 secunda
481 2307 609 2372 vigiletur
621 2307 771 2372 attentius;
786 2313 812 2358 et
826 2321 875 2372 pro
893 2308 973 2358 tertia
991 2321 1086 2374 proce·

78 2370 144 2425 tatur
154 2377 393 2442 adprobationem,
409 2381 487 2443 cujus
509 2377 698 2429 sufficientiam
714 2379 819 2443 judicat
836 2378 1006 2441 Ordinarius,
1022 2393 1085 2430 eon·

77 2443 139 2496 nutis
147 2447 197 2499 llll.
213 2449 400 2502 cardinalibus
411 2451 438 2500 S.
450 2450 569 2500 Romano
581 2450 778 2514 inquisitionis,
789 2463 837 2515 pro
851 2450 991 2515 qualitate,
1001 2454 1028 2501 et
1038 2465 1087 2502 nu-

77 2527 136 2568 mero
148 2519 394 2585 denunciationum,
409 2519 641 2584 denunciantium,
653 2526 680 2572 et
693 2521 857 2582 denunciatl,
872 2525 899 2571 et
910 2522 1023 2571 aliarum
1034 2521 1083 2572 de·

77 2583 128 2650 licti,
143 2595 168 2642 et
181 2605 275 2645 rerum
296 2593 567 2644 circumstantiarum.
592 2594 617 2643 3⁰
637 2592 730 2655 Quoad
754 2605 858 2657 paenas,
883 2591 1085 2644 sollicitatorem

76 2668 123 2710 csse
134 2663 306 2716 severissima
320 2663 487 2729 puniendum
501 2664 590 2727 poenis
607 2663 694 2727 judici
710 2663 863 2713 arbitreriis
873 2665 952 2727 juxta
972 2664 1085 2716 sceleris

76 2734 227 2798 gravitatem,
241 2735 284 2786 uti
297 2736 473 2799 suspensione
489 2735 524 2785 ab
535 2733 631 2797 officia,
646 2735 798 2799 schardius,
814 2734 989 2800 depositione,
1005 2733 1082 2786 inba-

75 2799 307 2874 biliteteperpetua
320 2805 353 2856 ed
371 2805 569 2866 celebrandum,
586 2809 719 2873 perpetua
738 2805 888 2857 reclusione
907 2805 935 2855 in
948 2810 1083 2858 monaste-

76 2873 149 2933 ric,et
161 2879 242 2929 etiam
269 2877 469 2942 degradatione.
494 2877 536 2928 Ad
557 2878 724 2942 punitionem
738 2879 828 2928 tamen
848 2876 993 2943 requiritur
1006 2879 1083 2942 justa

76 2949 191 3000 mutantia
206 2950 328 3015 legitima
341 2950 446 3012 prolata
467 2962 556 3000 eoram
571 2948 687 3000 testibus
702 2947 768 2999 viris
784 2949 984 3011 ecclesiasticis,
999 2953 1026 3000 et
1039 2963 1083 3002 sa·

75 3023 134 3069 creto
145 3025 277 3085 quantum
293 3021 350 3070 lieri
368 3024 476 3085 potest:
493 3033 548 3070 non
566 3021 637 3070 enim
652 3020 714 3072 licet
727 3020 806 3070 talem
821 3021 981 3072 sententiam
995 3021 1083 3086 publi-

75 3097 131 3140 care.
141 3091 203 3143 ldeo
212 3094 275 3158 ipse
289 3092 456 3142 denuncians
470 3096 576 3142 tenetur
592 3091 626 3141 ad
639 3090 774 3141 silentium
792 3091 984 3142 reservandum
998 3103 1082 3158 super

75 3156 264 3214 denunciatione
279 3177 295 3212 a
309 3176 338 3214 se
353 3163 431 3221 tacta,
450 3163 493 3212 cui
508 3163 536 3211 in
551 3175 600 3213 sue
614 3161 781 3227 depositione
795 3168 895 3227 practer
907 3163 1018 3214 citatum
1034 3166 1080 3229 ju·

74 3241 208 3284 amentum
225 3234 348 3285 veritatis
361 3235 390 3283 in
404 3232 544 3298 principio,
560 3233 619 3284 dari
633 3234 702 3287 solet
716 3236 900 3299 juramentum
922 3234 949 3284 in
971 3235 1023 3285 dne
1046 3235 1080 3286 de

74 3301 163 3356 silentio
177 3306 319 3363 servando,
335 3304 370 3356 ad
385 3304 457 3369 quod
474 3310 599 3356 tenentur
616 3317 708 3356 omnes
723 3309 815 3369 testas,
826 3306 853 3355 at
866 3307 924 3370 ipse
938 3306 1032 3370 judex,
1045 3319 1079 3356 ne

73 3375 297 3436 sicutnumerus,
309 3383 336 3428 et
348 3377 442 3440 religio
456 3375 584 3426 damnum
594 3377 723 3440 patiatur.
741 3375 767 3427 t·
779 3375 872 3438 Quoad
883 3377 1079 3427 absolutionem

73 3441 183 3507 falsaret
194 3448 361 3499 calumniose
375 3447 588 3505 denunciantem,
599 3451 625 3498 et
639 3461 709 3506 eum,
721 3448 767 3512 qui
778 3448 890 3499 sceleste
900 3452 1035 3511 procurat,
1049 3449 1079 3496 ut

73 3512 94 3562 id
105 3515 134 3566 ab
147 3519 206 3570 aliis
221 3520 276 3584 ilat,
288 3533 343 3570 uon
356 3531 435 3585 posse
449 3518 553 3569 absolvi
567 3520 594 3568 in
603 3521 666 3580 vita,
678 3519 726 3569 sed
741 3519 828 3568 solum
842 3517 869 3567 in
883 3517 996 3566 articulo
1006 3527 1076 3566 mor·

72 3584 106 3646 tis,
118 3588 184 3643 tacta
197 3591 397 3656 retractatione,
415 3591 473 3642 sine
487 3603 541 3655 qua
556 3603 607 3642 nec
620 3591 694 3654 Papa
709 3589 833 3652 absolvit,
854 3586 959 3638 etiamsi
974 3586 1078 3640 crimen
