2494 4062
563 125 757 226 kae-

177 286 349 350 tisiccerunt
359 288 485 362 muneri,
501 291 533 348 ut
553 290 690 366 quaedam
706 289 841 350 emittant
858 303 950 364 opera
963 287 1023 364 pia,
1042 287 1213 349 modicam-

176 395 234 453 que
248 378 373 437 offerant
386 379 616 455 eleemosynam,
637 395 703 455 quae
715 376 891 455 compositio
911 377 999 438 etiarn
1013 375 1132 437 dicitur.
1150 377 1211 437 Sed

176 481 236 525 non
260 465 434 539 admittitur,
455 465 571 526 nisiex
593 467 758 528 rationabili
785 484 885 541 causa,
910 473 940 526 et
965 466 1208 541 cumclausule,

176 555 333 616 dummodo
360 556 506 616 malitiose
528 573 591 616 non
613 558 776 628 omiserint,
797 557 897 618 anieno
922 556 1050 616 habendi
1064 558 1210 634 composi-

176 644 284 705 tionem
293 667 306 720 ,·
321 662 387 721 quae
400 645 426 704 si
434 645 563 720 deficiat,
579 645 644 722 ipso
657 648 724 722 jure
737 647 818 706 nulle
829 653 875 706 est
890 645 1065 722 compositio
1080 650 1132 719 (l).

206 817 241 884 (t)
264 790 429 872 Benedictus
452 819 527 883 mv,
549 820 582 872 oe
599 819 697 885 eynoo.
722 819 739 870 l.
768 819 806 879 n,
827 832 850 871 c.
868 819 918 870 un.
937 831 965 870 n.
985 820 1021 871 13.
1039 819 1208 885 composino

174 889 500 1026 zegethauoguefflllocum
523 891 550 943 iu
574 890 673 948 debitis
698 889 823 944 incertis.
851 890 882 943 S.
908 891 949 944 De
972 890 1093 956 Ligorio,
1108 891 1207 943 Theol.

209 1157 272 1216 cst.
287 1156 431 1216 Reductio
444 1156 604 1218 missarum
617 1156 739 1234 proprie
756 1155 837 1216 dicta
859 1161 905 1217 cst
918 1154 1083 1218 immunitio
1096 1155 1206 1216 missa-

172 1259 241 1304 rum
258 1243 457 1322 inposterum
479 1245 725 1306 celebrandarum
748 1263 787 1306 ex
803 1246 889 1322 juxta
911 1262 1012 1320 causa,
1028 1251 1058 1306 et
1072 1245 1205 1322 legitima

173 1333 348 1394 auctoritate
361 1335 440 1394 lacte
464 1338 516 1408 (l).
536 1340 619 1395 Iusta
636 1352 727 1394 causa
740 1335 876 1395 consistit
887 1334 919 1394 in
933 1335 1041 1411 exiguo
1056 1335 1205 1396 Sacerdo-

173 1427 237 1482 tum
250 1439 386 1496 numero,
403 1422 453 1499 qui
463 1422 601 1482 omnibus
615 1423 776 1499 acceptatis
789 1422 947 1484 missarum
962 1423 1103 1484 oneribus
1116 1423 1203 1483 satis-

172 1511 272 1572 facere
294 1517 456 1588 nequeunt,
483 1511 514 1571 in
538 1511 678 1572 tenuitate
696 1511 845 1588 stipendii,
860 1519 984 1590 propter
1003 1512 1082 1589 quod
1111 1528 1202 1573 nemo

173 1605 220 1658 est
232 1600 436 1674 sacerdotum,
452 1599 503 1676 qui
516 1599 586 1660 velit
608 1600 817 1662 celebrationis
830 1619 908 1662 onus
921 1601 976 1661 sibi
992 1617 1156 1676 assumere,
1171 1609 1203 1662 et

172 1686 203 1746 in
218 1687 392 1749 necessitate
407 1689 551 1763 ecclesiae,
566 1697 617 1750 eut
636 1690 817 1764 monasterii,
841 1698 892 1750 aut
915 1691 1007 1767 ipsius
1022 1690 1201 1767 beneficiati,

173 1775 294 1836 sialiter
309 1777 445 1853 ecelesia,
461 1785 511 1838 aut
524 1779 737 1840 monasterium
749 1778 881 1855 regi,ch
897 1779 1091 1840 beneficiatus
1110 1779 1202 1839 vitam

172 1882 262 1941 agere
276 1883 338 1926 non
349 1865 442 1943 possit
457 1871 508 1938 (2).
525 1869 697 1945 Legitimam
710 1869 817 1929 deinde
831 1867 1037 1929 auctoritatem
1049 1867 1202 1928 missasad

170 1952 317 2015 minorem
331 1972 489 2016 numerum
500 1956 663 2016 reducendi
676 1957 766 2018 habet
777 1963 893 2016 tentum
909 1972 1043 2016 summus
1055 1955 1200 2031 Pontifex,

172 2059 231 2102 non
246 2044 411 2120 Episcopus
431 2062 437 2104 :
454 2061 524 2104 nam
538 2046 594 2105 etsi
607 2044 776 2106 Tridentino
790 2049 831 2118 (3)
842 2045 908 2106 haec
922 2046 1046 2105 facultas
1059 2043 1201 2104 attributa

170 2132 336 2208 reperiatur
349 2133 511 2210 Episcopis,
530 2134 607 2194 utin
626 2134 748 2210 synodo
762 2133 933 2194 dioecesana
947 2134 1060 2209 possint
1075 2150 1130 2209 pro
1145 2151 1201 2192 sue

171 2220 353 2281 conscientia
364 2223 471 2282 missas
484 2223 650 2297 reducere,
666 2230 765 2284 tamen
784 2222 881 2298 primo
894 2239 933 2282 ex
944 2226 972 2282 S.
989 2221 1199 2298 congregatio-

169 2309 217 2369 nis
230 2309 432 2370 decisionibus
445 2311 511 2371 baec
524 2311 630 2372 eadem
656 2312 782 2372 facultas
797 2309 934 2371 restricta
958 2310 1013 2370 fuit
1033 2311 1071 2370 ed
1096 2310 1198 2382 libera,

170 2398 426 2459 nonbcneticialia
446 2400 605 2461 missarum
622 2417 715 2462 onere
728 2406 796 2459 ante
817 2398 916 2475 ipsum
928 2398 1130 2460 tridentinum
1142 2397 1199 2459 im·

169 2487 277 2564 posita,
300 2487 391 2563 inque
403 2487 500 2564 prime
518 2497 587 2565 post
600 2487 763 2548 Concilium
780 2487 952 2548 dioecesana
964 2489 1086 2564 synodo
1108 2488 1198 2548 redu-

170 2576 267 2636 cenda
278 2581 333 2650 (t);
345 2585 376 2636 et
389 2575 496 2636 deinde
508 2576 563 2636 luit
579 2575 733 2652 Episcopis
746 2575 868 2636 omnino
881 2576 996 2636 sublata
1010 2593 1065 2652 per
1079 2576 1199 2636 decreta

169 2664 278 2724 Urbani
295 2668 352 2725 vlll
372 2671 402 2724 et
415 2665 579 2725 innocentii
592 2669 640 2724 Xll
651 2668 703 2738 (bl,
719 2665 750 2724 in
766 2663 872 2740 quibus
882 2665 938 2725 sub
953 2665 1093 2724 nullitatis
1107 2681 1198 2740 poena

169 2752 353 2828 prohibetur,
368 2771 405 2812 ne
419 2754 552 2830 Episcopi
566 2755 599 2813 in
621 2753 782 2813 diocesano
795 2751 960 2830 synodo...
976 2753 1021 2812 oet
1039 2753 1115 2813 olias
1126 2770 1196 2829 qno-

169 2858 224 2918 qoo
237 2841 321 2900 modo
334 2842 477 2902 reducent
492 2859 583 2902 onero
602 2842 669 2902 ulle
688 2843 852 2901 missorum
874 2842 1125 2902 celebrandorum.
1140 2843 1197 2902 Sed

166 2946 221 3006 pro
235 2930 281 2989 ln's
294 2930 429 2990 omnibus
443 2932 625 3005 reducendis,
639 2939 693 2991 ont
707 2931 905 2999 moderandis,
919 2931 965 2990 oei
979 2932 1196 2992 commutandis

168 3019 207 3078 ad
220 3023 250 3079 S.
274 3019 380 3080 sedem
394 3020 532 3079 statuitur
553 3020 617 3080 lore
632 3019 858 3093 recurrendum,
877 3018 933 3078 nisi
953 3018 1008 3095 ipsi
1028 3025 1194 3092 testatores,

167 3109 216 3168 vel
230 3109 389 3168 donatores
399 3107 562 3168 reducendi
576 3107 682 3168 misses
697 3127 715 3168 a
728 3126 761 3168 sc
778 3107 927 3168 institutes
938 3115 1116 3184 potestatem
1127 3107 1193 3184 Epi·

169 3197 270 3274 scopis
282 3197 407 3257 fecerint
420 3201 474 3269 (6).

203 3290 388 3362 Quamquam
414 3284 536 3361 directe,
551 3291 584 3346 ut
603 3302 677 3346 mox
692 3286 896 3362 exposuimus,
912 3284 1025 3345 missas
1033 3284 1192 3347 reducendi

168 3375 328 3436 auctoritas
355 3374 508 3452 Episcopis
530 3374 568 3435 sit
592 3376 747 3452 adempta,
768 3376 874 3436 eadem
892 3381 991 3434 tamen
1016 3375 1192 3451 quandoque

168 3470 291 3525 utuntur
303 3462 334 3523 in
347 3463 409 3523 vim
434 3463 606 3540 specialium
629 3463 868 3537 concessionum,
896 3462 935 3522 ob
954 3480 1028 3539 quas
1045 3463 1115 3522 illud
1126 3463 1191 3538 jnre

169 3553 304 3631 delegato
329 3553 451 3632 iaciunt,
470 3553 553 3631 quod
576 3553 696 3616 efficere
717 3558 871 3630 nequeunt
890 3553 959 3629 jure
986 3551 1143 3614 ordinario.
1157 3555 1192 3614 ut
