2432 4078
535 147 694 210 464..

110 275 279 352 etifieantar
291 274 343 342 (1).
358 271 495 330 secunda
509 285 582 330 vero
598 271 742 345 probatur
761 287 800 330 cx
817 269 904 331 libro
923 273 1125 338 humerorum,

112 363 164 424 ubi
177 363 242 422 haec
254 358 438 420 invenimus:
454 358 536 418 Filiis
550 359 614 418 Leni
629 359 696 418 aedi
710 375 811 417 omnes
825 358 952 416 dammas
965 355 1087 416 Israelis
1099 355 1127 414 in

110 451 320 528 possessionem
331 464 386 524 pro
404 448 579 517 minatoria,
594 464 650 522 qno
663 447 796 506 serviant
808 447 885 506 111111
899 447 931 506 in
945 443 1127 505 tabernacula

111 539 292 615 11111111).
308 536 435 598 Decimae
453 537 574 598 luerunt
590 537 629 596 ab
647 535 714 611 ipso
730 540 791 596 beo
803 553 858 610 per
878 539 1011 610 lloyscm
1026 533 1128 608 populo

114 627 306 687 llcbreontm
324 624 480 700 impositae,
505 631 535 684 et
555 624 758 684 consistebant
774 624 804 692 in
821 624 937 684 decima
960 629 1049 698 parte
1075 622 1128 680 lra-

112 721 224 785 ctuum,
237 731 274 773 ex
290 731 351 789 quo
359 712 483 774 deeimae
494 721 564 772 sum
577 713 804 788 appellataesed
818 711 949 782 llcclesia
961 727 1031 770 eam
1043 708 1127 784 expli·

113 819 186 864 cans
198 804 298 877 legem
306 802 382 877 juris
397 801 558 874 1111111111,
575 807 607 860 ct
620 799 720 873 divini,
739 817 799 876 qua
812 799 963 872 ministris,
985 805 1018 858 et
1032 813 1129 872 opera·

116 890 168 952 riis
178 889 241 950 suis
254 890 422 950 necessaris
434 889 473 950 ad
487 889 579 948 vitam
592 887 808 964 suppeditanda
821 887 879 947 sint
893 891 943 962 (3),
957 886 996 944 ab
1010 884 1130 959 antiquis

118 978 303 1056 temporibus
315 977 447 1037 decimas
460 976 597 1052 probavit
610 983 663 1049 (t),
683 992 742 1036 uon
756 974 787 1034 in
800 976 915 1035 decima
929 981 1025 1051 parte,
1041 974 1093 1032 sed
1104 973 1130 1030 in

117 1067 226 1128 minori
238 1067 389 1127 fructuum
402 1071 494 1140 quota
506 1069 559 1138 (5),
574 1065 710 1140 solvique
725 1063 829 1139 jussit,
843 1064 917 1123 etin
931 1063 1132 1123 subtrahentes

118 1155 250 1218 decimes
263 1155 312 1215 vel
324 1153 399 1214 solvi
411 1153 605 1228 impedientes
621 1169 745 1228 poenam
757 1149 1073 1212 excommunicationis
1094 1149 1131 1207 ie·

119 1245 221 1305 rendae
235 1242 389 1302 sententiae
401 1249 504 1317 postea
516 1241 624 1312 intulit,
640 1257 730 1315 aqua
748 1257 818 1300 reus
838 1241 951 1301 absolvi
963 1257 1025 1298 nou
1042 1243 1132 1314 potest

121 1331 178 1391 nisi
190 1332 269 1391 iacta
282 1332 370 1406 plena
384 1331 566 1390 decimarum
577 1327 765 1388 restitutione
783 1331 834 1399 (6).

152 1521 188 1585 (l)
197 1520 279 1571 Lavit.
290 1533 349 1585 cap.
360 1520 401 1584 ⁴27,
409 1521 434 1582 1.
444 1521 481 1572 311.
489 1521 559 1572 Η111
569 1521 602 1572 ob
614 1522 776 1586 respectum,
786 1533 867 1586 quem
877 1518 987 1570 dccimae
1000 1514 1130 1568 hebenini

124 1591 211 1644 Deum
224 1591 446 1655 priussolvendae
463 1597 535 1656 sunt,
550 1607 634 1657 quam,
647 1592 694 1642 alii
711 1605 817 1656 census,
841 1597 868 1642 et
886 1590 996 1650 tributa,
1018 1594 1044 1640 et
1062 1590 1130 1654 juxta

121 1661 236 1712 formem
250 1660 377 1725 loquendi
391 1662 513 1714 moderni
527 1663 577 1713 lori
591 1663 678 1714 civilis
693 1663 747 1714 dici
761 1664 870 1726 possent
879 1660 1062 1725 privilegiato.
1073 1659 1132 1722 Cap.

124 1731 163 1789 ³3,
175 1728 208 1780 da
224 1727 319 1780 decim.
335 1757 365 1767 -
379 1731 414 1794 (i)
425 1731 504 1782 Num.
519 1745 577 1797 cap.
592 1735 629 1794 18,
641 1735 657 1794 it
670 1733 708 1782 tt.
721 1733 752 1782 ln
762 1732 846 1783 veteri
857 1730 967 1796 quidem
980 1731 1038 1794 lege
1056 1727 1134 1779 tribus

127 1800 199 1858 Levi,
214 1813 276 1864 quas
290 1800 379 1851 stabat
393 1815 482 1852 coram
503 1802 599 1854 Deoia
613 1804 770 1863 ministerio,
786 1817 840 1853 non
853 1802 949 1852 habuit
967 1805 1068 1866 partem
1080 1811 1134 1848 cum

130 1870 261 1922 fratribus
269 1871 420 1922 suis.Deut.
430 1887 488 1939 cap.
499 1875 567 1935 liii.
577 1877 601 1933 8,
617 1875 677 1926 ideo
691 1873 817 1940 adjuvata
829 1873 881 1926 init
893 1873 1015 1933 decimis,
1023 1871 1137 1934 utposset
1197 1867 1198 1870 ’

127 1941 211 1992 vitam
224 1953 313 2004 agere.
323 1942 444 2006 Apostoli
457 1959 519 1995 vero
534 1949 561 1995 at
574 1944 727 1996 sacerdotes
741 1945 767 1994 in
783 1958 852 1994 nova
865 1945 924 2008 lege
938 1942 1066 2008 prohibiti
1078 1939 1133 1990 sunt

127 2011 316 2075 spessidcnde
330 2015 485 2076 aurum,'vel
495 2020 651 2079 argentum
666 2015 714 2066 sed
728 2020 855 2080 tauquam
869 2015 996 2076 ministri,
1011 2023 1037 2064 et
1049 2023 1133 2077 opera-

126 2081 161 2134 rii
177 2081 253 2144 regni
267 2082 396 2134 cmlorum
417 2084 546 2154 declarati
559 2091 623 2136 srmt
646 2086 720 2150 digni
742 2085 866 2138 mercede
889 2098 947 2143 sua,
962 2089 989 2135 et
997 2084 1067 2148 jussi
1080 2082 1134 2134 sunt

128 2149 299 2210 manducare.
314 2167 375 2218 quae
393 2161 592 2220 exponerentur
608 2155 657 2208 eis.
681 2155 776 2206 Matth.
803 2156 838 2218 ta,
853 2155 935 2206 Marc.
951 2155 976 2218 6,
996 2155 1048 2205 Luc
1063 2153 1093 2204 lt.
1108 2175 1134 2186 -

129 2221 165 2286 (3)
178 2219 249 2272 ilinc
260 2221 294 2272 sd
304 2235 359 2274 rem
375 2224 401 2275 S.
423 2225 524 2278 Paulus
537 2227 628 2278 aicbat
641 2245 647 2276 ι
666 2225 729 2292 Quis
741 2226 844 2279 militat
857 2224 913 2278 suis
928 2224 1067 2290 stipendiis
1083 2234 1133 2273 all·

131 2289 234 2372 puam‘l
248 2290 312 2356 Quis
323 2293 431 2358 alonim
444 2296 560 2357 vincam,
576 2303 600 2349 et
618 2295 650 2347 de
665 2297 759 2361 (ructu
772 2298 829 2362 ep'us
845 2309 900 2348 non
919 2295 975 2348 edit
988 2298 1000 2346 1
1022 2291 1132 2360 011111-
1196 2312 1197 2348 1

130 2364 178 2416 sctt
193 2373 307 2428 prepsm,
321 2367 346 2418 et
367 2363 400 2415 de
413 2365 479 2418 lactc
492 2367 578 2431 precis
590 2379 645 2418 non
661 2368 859 2418 manducati...
884 2360 916 2418 Si
934 2378 980 2418 nos
993 2360 1134 2429 spiritualia

132 2435 333 2498 seminavimus,
349 2448 478 2500 mapsam
494 2440 541 2498 cst,
554 2437 578 2489 si
592 2451 639 2488 nos
654 2437 780 2489 carnalia
793 2441 882 2490 vestm
894 2440 1028 2489 nectamus
1034 2438 1071 2486 1...
1088 2429 1132 2484 lle-

133 2509 207 2562 scitis
220 2505 350 2574 quoniam
367 2505 414 2570 qui
430 2505 460 2558 in
478 2506 600 2560 sacrario
623 2511 781 2572 operantur.
802 2521 859 2573 qua
883 2508 916 2560 de
936 2506 1056 2560 sacrario
1073 2504 1133 2559 suat.

133 2579 234 2632 edunt:
250 2581 275 2632 et
285 2577 332 2642 qui
343 2575 600 2642 attarideseraiunt,
615 2591 676 2630 cum
689 2579 774 2632 altari
794 2577 984 2643 participanti
1001 2576 1044 2632 Ita
1056 2578 1078 2627 st
1091 2571 1132 2649 lla·

132 2651 224 2702 minus
239 2647 376 2700 ordinavit
395 2647 692 2714 111111111111111
711 2650 890 2713 annuntiant,
904 2649 936 2702 de
954 2645 1133 2713 Svcnpelioa·
1195 2685 1196 2702 2

135 2733 204 2772 aare.
219 2721 233 2768 1
254 2716 297 2768 Ad
314 2718 432 2768 Corinth.
451 2718 474 2768 9.
485 2745 515 2756 -
528 2720 562 2784 (l)
576 2719 655 2771 Unde
668 2719 695 2772 S.
712 2721 882 2785 Augustinus
905 2721 1015 2771 aiebat:
1041 2709 1133 2770 iiuada
1195 2751 1196 2762 ,

136 2787 255 2845 mamis,
266 2791 291 2840 et
304 2786 389 2840 attasi
401 2789 518 2841 serviens
532 2789 629 2842 attaris
642 2790 773 2843 citatione
786 2795 926 2853 sustentor,
940 2789 1036 2842 hebens
1048 2786 1132 2839 catum

135 2862 160 2911 et
184 2857 310 2912 vestitum
329 2855 371 2907 his
389 2862 595 2924 contentusero,
612 2865 635 2914 et
656 2861 760 2914 nudam
775 2875 881 2913 crucem
895 2861 985 2912 nudus
1001 2868 1097 2926 masaa
1111 2875 1134 2888 -

132 2932 167 2993 151
180 2933 206 2982 S.
222 2931 344 2982 canones
364 2932 512 2984 secundum
533 2927 754 2984 consuetudinem
775 2931 894 2983 decimas
915 2934 1044 2983 statuunt.
1062 2953 1089 2966 ·-
1107 2921 1133 2986 (ὅ)
1194 2941 1195 2988 ξ

134 3001 287 3053 Γ1111111111.
301 2999 341 3060 25,
356 3013 379 3053 c.
395 3001 433 3062 12,
448 3002 481 3055 de
496 3004 543 3055 rel.

166 3243 229 3302 1183.
250 3238 377 3298 becimae
390 3238 562 3300 dividuntur
579 3239 609 3298 in
621 3241 799 3317 personales,
824 3247 855 3302 ct
866 3229 1029 3318 predialis.
1047 3245 1135 3300 Persa·

133 3329 216 3388 nales
228 3333 307 3399 sunt,
324 3344 390 3402 quae
404 3328 560 3388 solvuntur
573 3345 613 3388 ex
631 3329 768 3389 omnibus
782 3329 873 3389 rebus
887 3347 990 3406 opera,
1007 3324 1135 3389 autindn·

132 3416 204 3476 stria
219 3415 380 3492 acquisitis,
390 3409 480 3476 veluti
490 3433 529 3476 ex
542 3417 627 3476 luero
639 3417 855 3494 negotiationis,
867 3435 907 3477 ex
921 3417 1052 3490 artificio,
1061 3429 1091 3472 es
1106 3408 1135 3468 li·

132 3502 224 3562 berali
237 3503 431 3580 professione,
445 3521 484 3566 ex
498 3503 656 3579 militiam
670 3505 843 3584 piscatione,
857 3523 897 3568 ex
910 3505 1071 3578 venatione,
1084 3505 1131 3562 en.
1191 3559 1193 3578 ,

1095 3998 1097 4000 ,
1187 3931 1192 4001 1
