<?xml version="1.0" encoding="UTF-8"?>
<!DOCTYPE html PUBLIC "-//W3C//DTD XHTML 1.0 Transitional//EN"
    "http://www.w3.org/TR/xhtml1/DTD/xhtml1-transitional.dtd">
<html xmlns="http://www.w3.org/1999/xhtml" xml:lang="en" lang="en">
 <head>
  <title>
</title>
<meta http-equiv="Content-Type" content="text/html;charset=utf-8" />
  <meta name='ocr-system' content='tesseract 3.04.00' />
  <meta name='ocr-capabilities' content='ocr_page ocr_carea ocr_par ocr_line ocrx_word'/>
</head>
<body>
  <div class='ocr_page' id='page_1' title='image "./summainstitutio01ferrgoog_0453.png"; bbox 0 0 2560 4080; ppageno 0'>
   <div class='ocr_carea' id='block_1_1' title="bbox 474 695 800 778">
    <p class='ocr_par' dir='ltr' id='par_1_1' title="bbox 474 695 800 778">
     <span class='ocr_line' id='line_1_1' title="bbox 474 695 800 778; baseline 0 -2"><span class='ocrx_word' id='word_1_1' title='bbox 474 695 679 778; x_wconf 75' lang='lat' dir='ltr'>uitulus</span> <span class='ocrx_word' id='word_1_2' title='bbox 706 695 800 777; x_wconf 76' lang='lat' dir='ltr'>Vlla</span> 
     </span>
    </p>
   </div>
   <div class='ocr_carea' id='block_1_2' title="bbox 115 1129 1157 1827">
    <p class='ocr_par' dir='ltr' id='par_1_2' title="bbox 115 1129 1157 1827">
     <span class='ocr_line' id='line_1_2' title="bbox 115 1129 1147 1199; baseline -0.004 -11"><span class='ocrx_word' id='word_1_3' title='bbox 115 1132 261 1188; x_wconf 70' lang='lat' dir='ltr'>&amp;norrun</span> <span class='ocrx_word' id='word_1_4' title='bbox 272 1153 279 1186; x_wconf 75' lang='grc' dir='ltr'><strong>ι</strong></span> <span class='ocrx_word' id='word_1_5' title='bbox 289 1133 345 1186; x_wconf 79' lang='grc'><strong>801.</strong></span> <span class='ocrx_word' id='word_1_6' title='bbox 360 1132 421 1195; x_wconf 78' lang='lat' dir='ltr'>oniti</span> <span class='ocrx_word' id='word_1_7' title='bbox 434 1133 480 1186; x_wconf 78' lang='lat' dir='ltr'>alut</span> <span class='ocrx_word' id='word_1_8' title='bbox 492 1132 651 1196; x_wconf 77' lang='lat' dir='ltr'>instrumenta,</span> <span class='ocrx_word' id='word_1_9' title='bbox 661 1131 810 1199; x_wconf 77' lang='lat' dir='ltr'>etquomndo</span> <span class='ocrx_word' id='word_1_10' title='bbox 825 1131 973 1184; x_wconf 70' lang='lat' dir='ltr'>diudmturt</span> <span class='ocrx_word' id='word_1_11' title='bbox 985 1157 1016 1170; x_wconf 87' lang='lat'>-</span> <span class='ocrx_word' id='word_1_12' title='bbox 1031 1129 1089 1184; x_wconf 77' lang='grc'><strong>800.</strong></span> <span class='ocrx_word' id='word_1_13' title='bbox 1107 1131 1147 1184; x_wconf 88' lang='lat' dir='ltr'>tu·</span> 
     </span>
     <span class='ocr_line' id='line_1_3' title="bbox 146 1201 1157 1272; baseline -0.007 -11"><span class='ocrx_word' id='word_1_14' title='bbox 146 1207 272 1261; x_wconf 67' lang='lat' dir='ltr'>munta</span> <span class='ocrx_word' id='word_1_15' title='bbox 284 1204 372 1272; x_wconf 76' lang='lat' dir='ltr'>publico</span> <span class='ocrx_word' id='word_1_16' title='bbox 385 1205 474 1272; x_wconf 58' lang='lat' dir='ltr'>mount</span> <span class='ocrx_word' id='word_1_17' title='bbox 488 1204 557 1256; x_wconf 78' lang='lat' dir='ltr'>tuen</span> <span class='ocrx_word' id='word_1_18' title='bbox 570 1204 662 1256; x_wconf 69' lang='lat' dir='ltr'>finiunt.</span> <span class='ocrx_word' id='word_1_19' title='bbox 677 1231 708 1242; x_wconf 95' lang='lat'>-</span> <span class='ocrx_word' id='word_1_20' title='bbox 721 1205 775 1257; x_wconf 81' lang='grc'><strong>803.</strong></span> <span class='ocrx_word' id='word_1_21' title='bbox 796 1203 891 1264; x_wconf 78' lang='lat' dir='ltr'>Quanto</span> <span class='ocrx_word' id='word_1_22' title='bbox 904 1203 991 1270; x_wconf 77' lang='lat' dir='ltr'>privata</span> <span class='ocrx_word' id='word_1_23' title='bbox 1004 1201 1071 1268; x_wconf 79' lang='lat' dir='ltr'>olous</span> <span class='ocrx_word' id='word_1_24' title='bbox 1088 1215 1157 1269; x_wconf 78' lang='lat' dir='ltr'>pro-¹</span> 
     </span>
     <span class='ocr_line' id='line_1_4' title="bbox 146 1273 1144 1342; baseline -0.002 -14"><span class='ocrx_word' id='word_1_25' title='bbox 146 1275 218 1328; x_wconf 82' lang='lat' dir='ltr'>bentt</span> <span class='ocrx_word' id='word_1_26' title='bbox 231 1303 262 1314; x_wconf 92' lang='lat'>-</span> <span class='ocrx_word' id='word_1_27' title='bbox 277 1276 331 1328; x_wconf 80' lang='lat' dir='ltr'>aot.</span> <span class='ocrx_word' id='word_1_28' title='bbox 347 1276 467 1336; x_wconf 80' lang='lat' dir='ltr'><strong>Quomodo</strong></span> <span class='ocrx_word' id='word_1_29' title='bbox 480 1276 630 1328; x_wconf 58' lang='lat' dir='ltr'>mareota</span> <span class='ocrx_word' id='word_1_30' title='bbox 645 1277 691 1342; x_wconf 84' lang='lat' dir='ltr'>siut</span> <span class='ocrx_word' id='word_1_31' title='bbox 703 1275 774 1342; x_wconf 76' lang='lat' dir='ltr'>tudini</span> <span class='ocrx_word' id='word_1_32' title='bbox 785 1275 965 1341; x_wconf 74' lang='lat' dir='ltr'>omseutautrt</span> <span class='ocrx_word' id='word_1_33' title='bbox 980 1273 1144 1334; x_wconf 64' lang='grc'><strong>-8080100</strong></span> 
     </span>
     <span class='ocr_line' id='line_1_5' title="bbox 146 1345 1141 1415; baseline -0.003 -16"><span class='ocrx_word' id='word_1_34' title='bbox 146 1347 273 1414; x_wconf 75' lang='lat' dir='ltr'>requiratur</span> <span class='ocrx_word' id='word_1_35' title='bbox 286 1347 310 1398; x_wconf 88' lang='lat' dir='ltr'>in</span> <span class='ocrx_word' id='word_1_36' title='bbox 323 1347 430 1410; x_wconf 74' lang='lat' dir='ltr'>usuum,</span> <span class='ocrx_word' id='word_1_37' title='bbox 448 1351 472 1400; x_wconf 83' lang='lat' dir='ltr'>ut</span> <span class='ocrx_word' id='word_1_38' title='bbox 484 1361 553 1414; x_wconf 79' lang='lat' dir='ltr'>quam</span> <span class='ocrx_word' id='word_1_39' title='bbox 565 1347 721 1400; x_wconf 78' lang='lat' dir='ltr'>maturitatem</span> <span class='ocrx_word' id='word_1_40' title='bbox 737 1345 857 1398; x_wconf 78' lang='lat' dir='ltr'>hubemtt</span> <span class='ocrx_word' id='word_1_41' title='bbox 870 1373 901 1383; x_wconf 95' lang='lat'>-</span> <span class='ocrx_word' id='word_1_42' title='bbox 914 1345 969 1398; x_wconf 88' lang='grc'><strong>806.</strong></span> <span class='ocrx_word' id='word_1_43' title='bbox 988 1345 1049 1404; x_wconf 82' lang='lat' dir='ltr'>Quot</span> <span class='ocrx_word' id='word_1_44' title='bbox 1063 1345 1141 1415; x_wconf 78' lang='lat' dir='ltr'>requi-</span> 
     </span>
     <span class='ocr_line' id='line_1_6' title="bbox 146 1415 1140 1485; baseline -0.002 -15"><span class='ocrx_word' id='word_1_45' title='bbox 146 1423 224 1470; x_wconf 81' lang='lat' dir='ltr'>rontur</span> <span class='ocrx_word' id='word_1_46' title='bbox 237 1421 307 1470; x_wconf 63' lang='lat' dir='ltr'>usus</span> <span class='ocrx_word' id='word_1_47' title='bbox 320 1419 350 1472; x_wconf 79' lang='lat' dir='ltr'>ad</span> <span class='ocrx_word' id='word_1_48' title='bbox 362 1418 428 1485; x_wconf 80' lang='lat' dir='ltr'>olene</span> <span class='ocrx_word' id='word_1_49' title='bbox 440 1418 600 1485; x_wconf 73' lang='lat' dir='ltr'>probandum?</span> <span class='ocrx_word' id='word_1_50' title='bbox 611 1445 643 1456; x_wconf 94' lang='lat'>-</span> <span class='ocrx_word' id='word_1_51' title='bbox 658 1419 713 1472; x_wconf 80' lang='grc'><strong>807.</strong></span> <span class='ocrx_word' id='word_1_52' title='bbox 731 1419 788 1478; x_wconf 80' lang='lat' dir='ltr'>Qum</span> <span class='ocrx_word' id='word_1_53' title='bbox 800 1417 941 1470; x_wconf 79' lang='lat' dir='ltr'>obsenmua</span> <span class='ocrx_word' id='word_1_54' title='bbox 954 1415 1092 1468; x_wconf 74' lang='lat' dir='ltr'>tueremini</span> <span class='ocrx_word' id='word_1_55' title='bbox 1105 1420 1140 1468; x_wconf 90' lang='lat' dir='ltr'>te·</span> 
     </span>
     <span class='ocr_line' id='line_1_7' title="bbox 146 1487 1144 1556; baseline -0.004 -14"><span class='ocrx_word' id='word_1_56' title='bbox 146 1489 236 1542; x_wconf 75' lang='lat' dir='ltr'>aiunl</span> <span class='ocrx_word' id='word_1_57' title='bbox 252 1517 283 1528; x_wconf 90' lang='lat'>-</span> <span class='ocrx_word' id='word_1_58' title='bbox 300 1489 354 1544; x_wconf 87' lang='lat'><strong>808.</strong></span> <span class='ocrx_word' id='word_1_59' title='bbox 377 1489 498 1552; x_wconf 80' lang='lat' dir='ltr'>uuouuu</span> <span class='ocrx_word' id='word_1_60' title='bbox 517 1490 662 1542; x_wconf 79' lang='lat' dir='ltr'>oxumiuaotli</span> <span class='ocrx_word' id='word_1_61' title='bbox 681 1494 750 1543; x_wconf 83' lang='lat' dir='ltr'>testes</span> <span class='ocrx_word' id='word_1_62' title='bbox 763 1489 897 1556; x_wconf 79' lang='lat' dir='ltr'>probatori,</span> <span class='ocrx_word' id='word_1_63' title='bbox 910 1493 933 1540; x_wconf 88' lang='lat' dir='ltr'>et</span> <span class='ocrx_word' id='word_1_64' title='bbox 946 1487 1105 1554; x_wconf 78' lang='lat' dir='ltr'>reprobaturi,</span> <span class='ocrx_word' id='word_1_65' title='bbox 1120 1489 1144 1538; x_wconf 83' lang='lat' dir='ltr'>nt</span> 
     </span>
     <span class='ocr_line' id='line_1_8' title="bbox 146 1559 1146 1627; baseline -0.002 -13"><span class='ocrx_word' id='word_1_66' title='bbox 146 1559 186 1627; x_wconf 76' lang='lat' dir='ltr'>qul</span> <span class='ocrx_word' id='word_1_67' title='bbox 205 1561 264 1614; x_wconf 80' lang='lat' dir='ltr'>utu</span> <span class='ocrx_word' id='word_1_68' title='bbox 283 1559 405 1614; x_wconf 73' lang='lat' dir='ltr'>umora</span> <span class='ocrx_word' id='word_1_69' title='bbox 425 1589 456 1600; x_wconf 89' lang='lat'>-</span> <span class='ocrx_word' id='word_1_70' title='bbox 473 1561 527 1614; x_wconf 88' lang='grc'><strong>800.</strong></span> <span class='ocrx_word' id='word_1_71' title='bbox 551 1566 606 1624; x_wconf 80' lang='lat' dir='ltr'>Qua</span> <span class='ocrx_word' id='word_1_72' title='bbox 627 1561 770 1615; x_wconf 75' lang='lat' dir='ltr'>observanda</span> <span class='ocrx_word' id='word_1_73' title='bbox 786 1561 848 1612; x_wconf 76' lang='lat' dir='ltr'>urm</span> <span class='ocrx_word' id='word_1_74' title='bbox 870 1560 973 1626; x_wconf 77' lang='lat' dir='ltr'>mpulsus</span> <span class='ocrx_word' id='word_1_75' title='bbox 995 1560 1101 1619; x_wconf 75' lang='lat' dir='ltr'>testium,</span> <span class='ocrx_word' id='word_1_76' title='bbox 1120 1563 1146 1612; x_wconf 82' lang='lat' dir='ltr'>et</span> 
     </span>
     <span class='ocr_line' id='line_1_9' title="bbox 145 1631 1142 1700; baseline -0.003 -16"><span class='ocrx_word' id='word_1_77' title='bbox 145 1631 184 1698; x_wconf 86' lang='lat' dir='ltr'>qul</span> <span class='ocrx_word' id='word_1_78' title='bbox 203 1645 219 1684; x_wconf 82' lang='lat' dir='ltr'>a</span> <span class='ocrx_word' id='word_1_79' title='bbox 238 1633 370 1684; x_wconf 75' lang='lat' dir='ltr'>testimonio</span> <span class='ocrx_word' id='word_1_80' title='bbox 391 1633 485 1686; x_wconf 81' lang='lat' dir='ltr'>terentio</span> <span class='ocrx_word' id='word_1_81' title='bbox 504 1633 656 1700; x_wconf 69' lang='lat' dir='ltr'>repellatur?</span> <span class='ocrx_word' id='word_1_82' title='bbox 674 1661 705 1671; x_wconf 96' lang='lat'><em>-</em></span> <span class='ocrx_word' id='word_1_83' title='bbox 727 1633 782 1686; x_wconf 84' lang='lat' dir='ltr'>8l0.</span> <span class='ocrx_word' id='word_1_84' title='bbox 806 1631 850 1694; x_wconf 82' lang='lat' dir='ltr'>uu</span> <span class='ocrx_word' id='word_1_85' title='bbox 868 1631 915 1684; x_wconf 81' lang='lat' dir='ltr'>sint</span> <span class='ocrx_word' id='word_1_86' title='bbox 937 1631 1016 1697; x_wconf 78' lang='lat' dir='ltr'>penu,</span> <span class='ocrx_word' id='word_1_87' title='bbox 1037 1634 1061 1682; x_wconf 86' lang='lat' dir='ltr'>ot</span> <span class='ocrx_word' id='word_1_88' title='bbox 1082 1644 1142 1698; x_wconf 86' lang='lat' dir='ltr'>quo·</span> 
     </span>
     <span class='ocr_line' id='line_1_10' title="bbox 144 1701 1144 1827; baseline 0 -72"><span class='ocrx_word' id='word_1_89' title='bbox 144 1702 221 1827; x_wconf 54' lang='lat' dir='ltr'>m</span> <span class='ocrx_word' id='word_1_90' title='bbox 231 1702 346 1810; x_wconf 63' lang='lat' dir='ltr'>⁹eligantur</span> <span class='ocrx_word' id='word_1_91' title='bbox 362 1701 376 1754; x_wconf 82' lang='lat' dir='ltr'>t</span> <span class='ocrx_word' id='word_1_92' title='bbox 398 1729 429 1744; x_wconf 91' lang='lat'>-</span> <span class='ocrx_word' id='word_1_93' title='bbox 450 1704 509 1756; x_wconf 85' lang='lat' dir='ltr'>till.</span> <span class='ocrx_word' id='word_1_94' title='bbox 539 1703 670 1758; x_wconf 81' lang='lat' dir='ltr'>Penomlir</span> <span class='ocrx_word' id='word_1_95' title='bbox 697 1703 780 1771; x_wconf 74' lang='lat' dir='ltr'>lulius</span> <span class='ocrx_word' id='word_1_96' title='bbox 805 1702 915 1770; x_wconf 72' lang='lat' dir='ltr'><strong>inspectio</strong></span> <span class='ocrx_word' id='word_1_97' title='bbox 943 1701 1035 1770; x_wconf 71' lang='lat' dir='ltr'>emutio</span> <span class='ocrx_word' id='word_1_98' title='bbox 1062 1701 1144 1755; x_wconf 79' lang='lat' dir='ltr'>lubeat</span> 
     </span>
    </p>
   </div>
   <div class='ocr_carea' id='block_1_3' title="bbox 104 1933 1144 3620">
    <p class='ocr_par' dir='ltr' id='par_1_3' title="bbox 108 1933 1144 3003">
     <span class='ocr_line' id='line_1_11' title="bbox 147 1933 1141 2029; baseline 0 -17"><span class='ocrx_word' id='word_1_99' title='bbox 147 1955 211 2012; x_wconf 82' lang='grc'><strong>801.</strong></span> <span class='ocrx_word' id='word_1_100' title='bbox 231 1954 430 2012; x_wconf 74' lang='lat' dir='ltr'>Instrumenta</span> <span class='ocrx_word' id='word_1_101' title='bbox 440 1952 562 2029; x_wconf 86' lang='lat' dir='ltr'>proprie</span> <span class='ocrx_word' id='word_1_102' title='bbox 576 1951 656 2012; x_wconf 86' lang='lat' dir='ltr'>diota</span> <span class='ocrx_word' id='word_1_103' title='bbox 667 1933 928 2028; x_wconf 78' lang='lat' dir='ltr'>suntseripturae&#39;a</span> <span class='ocrx_word' id='word_1_104' title='bbox 941 1949 1061 2028; x_wconf 80' lang='lat' dir='ltr'>publica</span> <span class='ocrx_word' id='word_1_105' title='bbox 1072 1968 1141 2029; x_wconf 88' lang='lat' dir='ltr'>per-</span> 
     </span>
     <span class='ocr_line' id='line_1_12' title="bbox 113 2039 1142 2116; baseline 0.001 -16"><span class='ocrx_word' id='word_1_106' title='bbox 113 2057 189 2100; x_wconf 88' lang='lat' dir='ltr'>sona</span> <span class='ocrx_word' id='word_1_107' title='bbox 202 2039 317 2100; x_wconf 86' lang='lat' dir='ltr'>ratione</span> <span class='ocrx_word' id='word_1_108' title='bbox 329 2039 440 2116; x_wconf 82' lang='lat' dir='ltr'>publici</span> <span class='ocrx_word' id='word_1_109' title='bbox 454 2040 557 2114; x_wconf 83' lang='lat' dir='ltr'>offleii,</span> <span class='ocrx_word' id='word_1_110' title='bbox 570 2045 599 2102; x_wconf 89' lang='lat' dir='ltr'>et</span> <span class='ocrx_word' id='word_1_111' title='bbox 614 2057 684 2102; x_wconf 87' lang='lat' dir='ltr'>oum</span> <span class='ocrx_word' id='word_1_112' title='bbox 699 2040 816 2102; x_wconf 84' lang='lat' dir='ltr'>statutis</span> <span class='ocrx_word' id='word_1_113' title='bbox 832 2042 929 2116; x_wconf 87' lang='lat' dir='ltr'>ajnre</span> <span class='ocrx_word' id='word_1_114' title='bbox 945 2040 1142 2101; x_wconf 86' lang='lat' dir='ltr'>solemnitati·</span> 
     </span>
     <span class='ocr_line' id='line_1_13' title="bbox 110 2129 1144 2206; baseline 0.002 -18"><span class='ocrx_word' id='word_1_115' title='bbox 110 2129 167 2189; x_wconf 91' lang='lat' dir='ltr'>bus</span> <span class='ocrx_word' id='word_1_116' title='bbox 178 2129 329 2190; x_wconf 73' lang='lat' dir='ltr'>contectae.</span> <span class='ocrx_word' id='word_1_117' title='bbox 345 2129 539 2190; x_wconf 82' lang='lat' dir='ltr'><strong>Nihilominus</strong></span> <span class='ocrx_word' id='word_1_118' title='bbox 554 2129 710 2206; x_wconf 86' lang='lat' dir='ltr'>seripturae</span> <span class='ocrx_word' id='word_1_119' title='bbox 728 2129 875 2206; x_wconf 87' lang='lat' dir='ltr'>aprivata</span> <span class='ocrx_word' id='word_1_120' title='bbox 896 2146 1028 2204; x_wconf 88' lang='lat' dir='ltr'>persona</span> <span class='ocrx_word' id='word_1_121' title='bbox 1055 2131 1144 2190; x_wconf 74' lang='lat' dir='ltr'>laetae</span> 
     </span>
     <span class='ocr_line' id='line_1_14' title="bbox 111 2216 1142 2295; baseline 0 -17"><span class='ocrx_word' id='word_1_122' title='bbox 111 2233 192 2295; x_wconf 80' lang='lat' dir='ltr'>soepe</span> <span class='ocrx_word' id='word_1_123' title='bbox 205 2216 471 2279; x_wconf 85' lang='lat' dir='ltr'>instrumentorum</span> <span class='ocrx_word' id='word_1_124' title='bbox 481 2218 601 2279; x_wconf 88' lang='lat' dir='ltr'>numine</span> <span class='ocrx_word' id='word_1_125' title='bbox 612 2219 776 2292; x_wconf 71' lang='lat' dir='ltr'>donantur,</span> <span class='ocrx_word' id='word_1_126' title='bbox 790 2218 869 2278; x_wconf 88' lang='lat' dir='ltr'>unde</span> <span class='ocrx_word' id='word_1_127' title='bbox 881 2218 976 2279; x_wconf 86' lang='lat' dir='ltr'>oritur</span> <span class='ocrx_word' id='word_1_128' title='bbox 987 2218 1142 2279; x_wconf 82' lang='lat' dir='ltr'>distinctio</span> 
     </span>
     <span class='ocr_line' id='line_1_15' title="bbox 111 2305 1144 2385; baseline 0.001 -18"><span class='ocrx_word' id='word_1_129' title='bbox 111 2306 188 2368; x_wconf 87' lang='lat' dir='ltr'>inter</span> <span class='ocrx_word' id='word_1_130' title='bbox 208 2306 405 2368; x_wconf 87' lang='lat' dir='ltr'>instrumenta</span> <span class='ocrx_word' id='word_1_131' title='bbox 427 2305 554 2385; x_wconf 78' lang='lat' dir='ltr'>publicu,</span> <span class='ocrx_word' id='word_1_132' title='bbox 577 2313 608 2367; x_wconf 87' lang='lat' dir='ltr'>et</span> <span class='ocrx_word' id='word_1_133' title='bbox 629 2307 757 2384; x_wconf 79' lang='lat' dir='ltr'>private.</span> <span class='ocrx_word' id='word_1_134' title='bbox 782 2307 825 2368; x_wconf 77' lang='lat' dir='ltr'>td</span> <span class='ocrx_word' id='word_1_135' title='bbox 847 2306 966 2384; x_wconf 86' lang='lat' dir='ltr'>publiea</span> <span class='ocrx_word' id='word_1_136' title='bbox 990 2308 1144 2382; x_wconf 85' lang='lat' dir='ltr'>pertinent</span> 
     </span>
     <span class='ocr_line' id='line_1_16' title="bbox 111 2395 1144 2472; baseline 0.001 -16"><span class='ocrx_word' id='word_1_137' title='bbox 111 2397 308 2456; x_wconf 86' lang='lat' dir='ltr'>instrumenta</span> <span class='ocrx_word' id='word_1_138' title='bbox 323 2395 525 2471; x_wconf 67' lang='lat' dir='ltr'>tabellionum,</span> <span class='ocrx_word' id='word_1_139' title='bbox 541 2401 609 2456; x_wconf 88' lang='lat' dir='ltr'>acta</span> <span class='ocrx_word' id='word_1_140' title='bbox 622 2395 783 2472; x_wconf 81' lang='lat' dir='ltr'><strong>judicialia,</strong></span> <span class='ocrx_word' id='word_1_141' title='bbox 799 2401 867 2456; x_wconf 89' lang='lat' dir='ltr'>aota</span> <span class='ocrx_word' id='word_1_142' title='bbox 881 2402 976 2456; x_wconf 82' lang='lat' dir='ltr'>status</span> <span class='ocrx_word' id='word_1_143' title='bbox 990 2395 1096 2472; x_wconf 86' lang='lat' dir='ltr'>civilis,</span> <span class='ocrx_word' id='word_1_144' title='bbox 1112 2403 1144 2458; x_wconf 91' lang='lat' dir='ltr'>et</span> 
     </span>
     <span class='ocr_line' id='line_1_17' title="bbox 111 2483 1144 2562; baseline 0.002 -17"><span class='ocrx_word' id='word_1_145' title='bbox 111 2491 178 2546; x_wconf 87' lang='lat' dir='ltr'>aeta</span> <span class='ocrx_word' id='word_1_146' title='bbox 191 2485 318 2546; x_wconf 88' lang='lat' dir='ltr'>aliorum</span> <span class='ocrx_word' id='word_1_147' title='bbox 330 2485 519 2562; x_wconf 87' lang='lat' dir='ltr'>publicorum</span> <span class='ocrx_word' id='word_1_148' title='bbox 533 2484 714 2559; x_wconf 84' lang='lat' dir='ltr'>officialium,</span> <span class='ocrx_word' id='word_1_149' title='bbox 729 2483 791 2544; x_wconf 85' lang='lat' dir='ltr'>siva</span> <span class='ocrx_word' id='word_1_150' title='bbox 805 2483 1021 2559; x_wconf 88' lang='lat' dir='ltr'>ministrorum,</span> <span class='ocrx_word' id='word_1_151' title='bbox 1038 2484 1089 2562; x_wconf 91' lang='lat' dir='ltr'>qui</span> <span class='ocrx_word' id='word_1_152' title='bbox 1104 2487 1144 2548; x_wconf 85' lang='lat' dir='ltr'>do</span> 
     </span>
     <span class='ocr_line' id='line_1_18' title="bbox 110 2573 1142 2651; baseline 0.002 -18"><span class='ocrx_word' id='word_1_153' title='bbox 110 2590 144 2634; x_wconf 90' lang='lat' dir='ltr'>re</span> <span class='ocrx_word' id='word_1_154' title='bbox 159 2574 198 2633; x_wconf 89' lang='lat' dir='ltr'>ad</span> <span class='ocrx_word' id='word_1_155' title='bbox 212 2574 365 2650; x_wconf 85' lang='lat' dir='ltr'>proprium</span> <span class='ocrx_word' id='word_1_156' title='bbox 379 2573 520 2646; x_wconf 83' lang='lat' dir='ltr'>officium,</span> <span class='ocrx_word' id='word_1_157' title='bbox 545 2573 608 2634; x_wconf 89' lang='lat' dir='ltr'>sive</span> <span class='ocrx_word' id='word_1_158' title='bbox 626 2573 823 2634; x_wconf 88' lang='lat' dir='ltr'>ministerium</span> <span class='ocrx_word' id='word_1_159' title='bbox 843 2574 987 2634; x_wconf 84' lang='lat' dir='ltr'>attinente</span> <span class='ocrx_word' id='word_1_160' title='bbox 1008 2574 1142 2651; x_wconf 83' lang='lat' dir='ltr'>legitime</span> 
     </span>
     <span class='ocr_line' id='line_1_19' title="bbox 110 2662 1143 2739; baseline 0.002 -17"><span class='ocrx_word' id='word_1_161' title='bbox 110 2662 201 2724; x_wconf 87' lang='lat' dir='ltr'>fidem</span> <span class='ocrx_word' id='word_1_162' title='bbox 221 2663 342 2723; x_wconf 83' lang='lat' dir='ltr'>iaciunt.</span> <span class='ocrx_word' id='word_1_163' title='bbox 360 2663 403 2724; x_wconf 77' lang='lat' dir='ltr'>td</span> <span class='ocrx_word' id='word_1_164' title='bbox 426 2662 541 2739; x_wconf 84' lang='lat' dir='ltr'>privata</span> <span class='ocrx_word' id='word_1_165' title='bbox 554 2679 626 2723; x_wconf 87' lang='lat' dir='ltr'>vero</span> <span class='ocrx_word' id='word_1_166' title='bbox 639 2662 838 2722; x_wconf 85' lang='lat' dir='ltr'>instrumenta</span> <span class='ocrx_word' id='word_1_167' title='bbox 847 2664 1016 2736; x_wconf 71' lang='lat' dir='ltr'>referuntur</span> <span class='ocrx_word' id='word_1_168' title='bbox 1027 2663 1143 2739; x_wconf 86' lang='lat' dir='ltr'>episto·</span> 
     </span>
     <span class='ocr_line' id='line_1_20' title="bbox 109 2749 1144 2828; baseline 0.001 -18"><span class='ocrx_word' id='word_1_169' title='bbox 109 2751 146 2810; x_wconf 85' lang='lat' dir='ltr'>lae</span> <span class='ocrx_word' id='word_1_170' title='bbox 165 2749 305 2824; x_wconf 77' lang='lat' dir='ltr'>missinae,</span> <span class='ocrx_word' id='word_1_171' title='bbox 321 2751 520 2827; x_wconf 83' lang='lat' dir='ltr'>chirographa</span> <span class='ocrx_word' id='word_1_172' title='bbox 540 2767 633 2812; x_wconf 87' lang='lat' dir='ltr'>manu</span> <span class='ocrx_word' id='word_1_173' title='bbox 652 2751 770 2828; x_wconf 85' lang='lat' dir='ltr'>privata</span> <span class='ocrx_word' id='word_1_174' title='bbox 783 2751 903 2828; x_wconf 82' lang='lat' dir='ltr'>scripte,</span> <span class='ocrx_word' id='word_1_175' title='bbox 920 2752 1045 2827; x_wconf 86' lang='lat' dir='ltr'>apnehae</span> <span class='ocrx_word' id='word_1_176' title='bbox 1066 2752 1144 2812; x_wconf 90' lang='lat' dir='ltr'>libe·</span> 
     </span>
     <span class='ocr_line' id='line_1_21' title="bbox 109 2837 1143 2915; baseline 0.003 -18"><span class='ocrx_word' id='word_1_177' title='bbox 109 2837 266 2899; x_wconf 85' lang='lat' dir='ltr'>beratoriae</span> <span class='ocrx_word' id='word_1_178' title='bbox 282 2837 388 2899; x_wconf 85' lang='lat' dir='ltr'>eodem</span> <span class='ocrx_word' id='word_1_179' title='bbox 401 2840 493 2900; x_wconf 88' lang='lat' dir='ltr'>modo</span> <span class='ocrx_word' id='word_1_180' title='bbox 508 2840 604 2912; x_wconf 85' lang='lat' dir='ltr'>laotae,</span> <span class='ocrx_word' id='word_1_181' title='bbox 629 2838 794 2900; x_wconf 87' lang='lat' dir='ltr'>inventaria</span> <span class='ocrx_word' id='word_1_182' title='bbox 813 2840 1070 2915; x_wconf 62' lang='lat' dir='ltr'>domesticatim</span> <span class='ocrx_word' id='word_1_183' title='bbox 1091 2858 1143 2901; x_wconf 87' lang='lat' dir='ltr'>ra-</span> 
     </span>
     <span class='ocr_line' id='line_1_22' title="bbox 108 2925 818 3003; baseline 0.004 -18"><span class='ocrx_word' id='word_1_184' title='bbox 108 2926 225 2986; x_wconf 89' lang='lat' dir='ltr'>tionum</span> <span class='ocrx_word' id='word_1_185' title='bbox 238 2925 435 3000; x_wconf 81' lang='lat' dir='ltr'>familiarium,</span> <span class='ocrx_word' id='word_1_186' title='bbox 451 2927 519 2988; x_wconf 91' lang='lat' dir='ltr'>libri</span> <span class='ocrx_word' id='word_1_187' title='bbox 532 2934 744 3003; x_wconf 85' lang='lat' dir='ltr'>mercatorum,</span> <span class='ocrx_word' id='word_1_188' title='bbox 761 2936 818 2990; x_wconf 87' lang='lat' dir='ltr'>eto.</span> 
     </span>
    </p>

    <p class='ocr_par' dir='ltr' id='par_1_4' title="bbox 104 3014 1143 3620">
     <span class='ocr_line' id='line_1_23' title="bbox 142 3014 1143 3094; baseline 0.002 -18"><span class='ocrx_word' id='word_1_189' title='bbox 142 3020 205 3077; x_wconf 83' lang='lat'><strong>802.</strong></span> <span class='ocrx_word' id='word_1_190' title='bbox 226 3015 347 3075; x_wconf 86' lang='lat' dir='ltr'>Publica</span> <span class='ocrx_word' id='word_1_191' title='bbox 359 3014 744 3094; x_wconf 82' lang='lat' dir='ltr'>instrumentaexlegitima</span> <span class='ocrx_word' id='word_1_192' title='bbox 758 3017 946 3092; x_wconf 88' lang='lat' dir='ltr'>auctoritate,</span> <span class='ocrx_word' id='word_1_193' title='bbox 958 3017 1143 3080; x_wconf 87' lang='lat' dir='ltr'>etsolemni-</span> 
     </span>
     <span class='ocr_line' id='line_1_24' title="bbox 110 3105 1139 3184; baseline 0.004 -19"><span class='ocrx_word' id='word_1_194' title='bbox 110 3112 169 3166; x_wconf 83' lang='lat' dir='ltr'>tote</span> <span class='ocrx_word' id='word_1_195' title='bbox 180 3106 259 3166; x_wconf 84' lang='lat' dir='ltr'>taeta</span> <span class='ocrx_word' id='word_1_196' title='bbox 273 3121 394 3166; x_wconf 87' lang='lat' dir='ltr'>omnam</span> <span class='ocrx_word' id='word_1_197' title='bbox 405 3114 560 3167; x_wconf 86' lang='lat' dir='ltr'>merentur</span> <span class='ocrx_word' id='word_1_198' title='bbox 573 3107 675 3181; x_wconf 86' lang='lat' dir='ltr'>iidem,</span> <span class='ocrx_word' id='word_1_199' title='bbox 690 3113 720 3167; x_wconf 92' lang='lat' dir='ltr'>et</span> <span class='ocrx_word' id='word_1_200' title='bbox 730 3106 759 3165; x_wconf 91' lang='lat' dir='ltr'>in</span> <span class='ocrx_word' id='word_1_201' title='bbox 771 3105 888 3183; x_wconf 80' lang='lat' dir='ltr'>judiciis</span> <span class='ocrx_word' id='word_1_202' title='bbox 899 3108 987 3183; x_wconf 88' lang='lat' dir='ltr'>plene</span> <span class='ocrx_word' id='word_1_203' title='bbox 998 3108 1139 3184; x_wconf 87' lang='lat' dir='ltr'>probant.</span> 
     </span>
     <span class='ocr_line' id='line_1_25' title="bbox 106 3194 1142 3272; baseline 0.003 -17"><span class='ocrx_word' id='word_1_204' title='bbox 106 3194 183 3255; x_wconf 90' lang='lat' dir='ltr'>illud</span> <span class='ocrx_word' id='word_1_205' title='bbox 195 3201 296 3254; x_wconf 86' lang='lat' dir='ltr'>tamen</span> <span class='ocrx_word' id='word_1_206' title='bbox 311 3194 422 3254; x_wconf 83' lang='lat' dir='ltr'>adhoc</span> <span class='ocrx_word' id='word_1_207' title='bbox 435 3195 606 3272; x_wconf 68' lang='lat' dir='ltr'>requiritur,</span> <span class='ocrx_word' id='word_1_208' title='bbox 620 3202 654 3256; x_wconf 92' lang='lat' dir='ltr'>ut</span> <span class='ocrx_word' id='word_1_209' title='bbox 667 3196 864 3256; x_wconf 83' lang='lat' dir='ltr'>exhibeantur</span> <span class='ocrx_word' id='word_1_210' title='bbox 881 3197 1062 3270; x_wconf 86' lang='lat' dir='ltr'>authentica,</span> <span class='ocrx_word' id='word_1_211' title='bbox 1077 3197 1142 3258; x_wconf 85' lang='lat' dir='ltr'>sive</span> 
     </span>
     <span class='ocr_line' id='line_1_26' title="bbox 107 3279 1141 3362; baseline 0.005 -21"><span class='ocrx_word' id='word_1_212' title='bbox 107 3282 302 3358; x_wconf 81' lang='lat' dir='ltr'>autographa,</span> <span class='ocrx_word' id='word_1_213' title='bbox 318 3279 460 3360; x_wconf 84' lang='lat' dir='ltr'>nulloque</span> <span class='ocrx_word' id='word_1_214' title='bbox 476 3283 777 3345; x_wconf 78' lang='lat' dir='ltr'>infectaviti02no1n</span> <span class='ocrx_word' id='word_1_215' title='bbox 792 3283 896 3361; x_wconf 78' lang='lat' dir='ltr'>copiis,</span> <span class='ocrx_word' id='word_1_216' title='bbox 912 3283 975 3345; x_wconf 89' lang='lat' dir='ltr'>sive</span> <span class='ocrx_word' id='word_1_217' title='bbox 993 3285 1141 3362; x_wconf 85' lang='lat' dir='ltr'>exemplis</span> 
     </span>
     <span class='ocr_line' id='line_1_27' title="bbox 107 3370 1140 3448; baseline 0.007 -21"><span class='ocrx_word' id='word_1_218' title='bbox 107 3384 168 3428; x_wconf 92' lang='lat' dir='ltr'>non</span> <span class='ocrx_word' id='word_1_219' title='bbox 183 3370 360 3431; x_wconf 84' lang='lat' dir='ltr'>authenticis</span> <span class='ocrx_word' id='word_1_220' title='bbox 373 3372 496 3432; x_wconf 89' lang='lat' dir='ltr'>minime</span> <span class='ocrx_word' id='word_1_221' title='bbox 510 3371 658 3446; x_wconf 85' lang='lat' dir='ltr'>ereditur,</span> <span class='ocrx_word' id='word_1_222' title='bbox 678 3379 709 3433; x_wconf 89' lang='lat' dir='ltr'>et</span> <span class='ocrx_word' id='word_1_223' title='bbox 730 3372 810 3433; x_wconf 88' lang='lat' dir='ltr'>veris</span> <span class='ocrx_word' id='word_1_224' title='bbox 827 3371 919 3448; x_wconf 70' lang='lat' dir='ltr'>auam</span> <span class='ocrx_word' id='word_1_225' title='bbox 931 3373 1140 3435; x_wconf 79' lang='lat' dir='ltr'>instrumentis</span> 
     </span>
     <span class='ocr_line' id='line_1_28' title="bbox 106 3453 1136 3538; baseline 0.016 -25"><span class='ocrx_word' id='word_1_226' title='bbox 106 3453 213 3515; x_wconf 84' lang='lat' dir='ltr'>vitiatis</span> <span class='ocrx_word' id='word_1_227' title='bbox 227 3463 278 3518; x_wconf 89' lang='lat' dir='ltr'>aut</span> <span class='ocrx_word' id='word_1_228' title='bbox 290 3460 383 3533; x_wconf 93' lang='lat' dir='ltr'>nulla,</span> <span class='ocrx_word' id='word_1_229' title='bbox 401 3465 453 3520; x_wconf 88' lang='lat' dir='ltr'>aut</span> <span class='ocrx_word' id='word_1_230' title='bbox 465 3466 605 3536; x_wconf 75' lang='lat' dir='ltr'>susspecta</span> <span class='ocrx_word' id='word_1_231' title='bbox 618 3467 666 3522; x_wconf 85' lang='lat' dir='ltr'>est</span> <span class='ocrx_word' id='word_1_232' title='bbox 683 3458 760 3522; x_wconf 81' lang='lat' dir='ltr'>tides</span> <span class='ocrx_word' id='word_1_233' title='bbox 776 3463 830 3538; x_wconf 89' lang='lat' dir='ltr'>(t),</span> <span class='ocrx_word' id='word_1_234' title='bbox 844 3460 922 3530; x_wconf 83' lang='lat' dir='ltr'>sieut</span> <span class='ocrx_word' id='word_1_235' title='bbox 934 3460 1058 3526; x_wconf 85' lang='lat' dir='ltr'>interius</span> <span class='ocrx_word' id='word_1_236' title='bbox 1071 3479 1136 3528; x_wconf 84' lang='lat' dir='ltr'>me·</span> 
     </span>
     <span class='ocr_line' id='line_1_29' title="bbox 104 3537 391 3620; baseline 0.028 -22"><span class='ocrx_word' id='word_1_237' title='bbox 104 3537 162 3599; x_wconf 87' lang='lat' dir='ltr'>lius</span> <span class='ocrx_word' id='word_1_238' title='bbox 175 3545 391 3620; x_wconf 73' lang='lat' dir='ltr'>exponimus.</span> 
     </span>
    </p>
   </div>
   <div class='ocr_carea' id='block_1_4' title="bbox 0 0 1284 4080">
    <p class='ocr_par' dir='ltr' id='par_1_5' title="bbox 0 0 1284 4080">
     <span class='ocr_line' id='line_1_30' title="bbox 0 0 1284 4080; baseline 0 3"><span class='ocrx_word' id='word_1_239' title='bbox 0 0 1284 4080; x_wconf 95' lang='lat' dir='ltr'> </span> 
     </span>
    </p>
   </div>
  </div>
 </body>
</html>
