2432 4078
464 43 468 48 ,
557 85 720 154 ..em

120 211 145 274 5,
154 208 188 264 de
199 218 276 264 usur.
290 211 318 262 et
329 209 437 278 Encyol.
453 207 513 264 eod.
527 223 555 262 n.
574 207 615 261 tt.
635 237 666 248 —
684 210 719 276 (7)
735 209 898 264 Benedictus
910 209 976 262 XIV
990 209 1024 262 de
1037 210 1137 276 synod.

118 281 136 334 1.
154 281 193 344 10,
208 297 232 334 c.
249 283 272 343 l,
286 295 314 332 n.
329 283 352 333 3.
372 308 403 321 -
418 281 453 346 (8)
473 282 547 332 Adeo
563 295 644 347 grave
661 285 702 333 est
722 281 825 332 crimen
838 295 992 345 usurarum,
1005 281 1036 332 ut
1048 281 1138 333 clerici

116 353 235 404 usurarii
249 353 283 404 ab
296 351 390 415 officio,
401 357 429 403 et
440 353 572 404 beneflcio
586 352 768 419 suspendendi
784 353 846 411 siut,
856 352 989 404 eteoclem
1001 352 1136 420 privandi.

117 424 181 488 Cep.
199 422 209 473 l
226 428 253 474 et
264 424 280 474 't
293 423 327 475 de
340 437 416 475 usur.
429 424 495 477 (lan.
509 424 525 476 t
537 427 565 476 et
575 425 599 484 8,
611 438 634 475 o.
648 425 684 486 13,
695 438 722 490 q.
736 423 768 485 l,
781 424 843 475 laici
855 437 919 475 vero
938 423 1139 489 irregularitate

116 493 226 546 notandi
243 495 305 546 siut.
316 495 381 546 Gan.
396 495 420 558 l,
436 495 498 546 dist.
510 496 550 558 47,
565 495 840 547 excommunicatione
850 495 974 546 feriendi.
986 497 1031 546 cit.
1043 509 1103 560 cap.
1114 496 1136 558 7,

114 563 149 616 de
163 578 248 628 usur,
258 569 284 616 et
297 566 320 616 si
331 566 465 616 manifesti
477 566 539 628 sint,
553 566 646 618 altaris
656 567 851 624 communione,
863 569 890 616 el
898 566 1041 630 sepultura
1051 565 1136 617 ecole-

116 635 224 686 eiastica
237 635 369 701 privandi.
381 637 445 700 Cep.
455 636 470 687 3
482 636 515 688 dc
528 651 614 695 usur„
625 640 652 688 et
662 637 696 687 ad
706 637 855 688 oblationes
869 637 990 688 ecclesiae
998 636 1135 688 iaciendas

116 719 169 757 non
183 705 350 769 admittendi,
369 708 422 758 nisi
443 708 518 773 prius
534 721 633 759 usurae
654 708 829 759 restituerint.
849 708 914 772 Gap.
930 709 953 766 3.
968 709 1002 760 de
1019 713 1136 760 nannet

115 789 173 842 cap.
183 775 207 836 l,
223 777 281 834 eod,
292 777 319 826 in
333 777 362 837 63
373 791 455 842 super
471 778 571 844 quihus
583 791 633 829 nec
647 779 721 842 Papa
734 778 882 844 dispensat,
892 779 999 830 etiamsi
1009 782 1135 843 ageretur

114 847 148 900 de
167 847 367 913 dispensatione
388 861 436 912 pro
456 849 631 916 pauperibus,
646 849 735 904 causis
754 851 816 916 piis,
834 853 862 902 et
881 849 1031 902 redimendi
1053 850 1134 904 vitem

114 917 220 984 captivi.
236 917 301 986 (lap.
316 921 330 970 l
345 919 378 971 de
392 932 468 971 usur.

147 1164 210 1221 dli.
230 1161 341 1222 Eadem
355 1161 506 1222 conclusio
521 1178 581 1222 non
594 1159 730 1239 procedit
742 1159 773 1222 in
792 1159 841 1221 ille
854 1176 955 1236 usura,
970 1158 1061 1238 qoam
1076 1166 1134 1222 lio·

111 1255 211 1311 otoree
227 1251 376 1327 appellant
396 1251 669 1326 commendatoriam,
684 1255 714 1310 et
735 1249 868 1310 consistit
889 1251 920 1310 in
940 1252 1036 1324 lucro,
1052 1251 1134 1327 qnod

111 1354 150 1398 ex
169 1345 274 1400 mutuo
294 1338 467 1416 percipitur,
495 1354 555 1398 non
578 1339 692 1399 ratione
715 1337 808 1416 ipsius
827 1339 930 1413 mutui,
946 1341 999 1399 sed
1018 1340 1135 1400 ratione
1161 1339 1164 1345 '

110 1427 232 1488 alterius
250 1428 323 1505 justi
343 1427 419 1488 tituli
441 1428 469 1487 iu
490 1435 595 1488 mutuo
614 1427 827 1500 concurrentis,
849 1419 889 1488 ob
911 1445 1000 1504 quem
1020 1429 1134 1505 aliqrrid

110 1517 188 1576 ultra
202 1524 314 1577 sortem
324 1516 403 1578 licite
417 1516 495 1593 exigi
508 1523 616 1593 potest,
630 1515 698 1593 quia
707 1517 787 1594 quod
798 1516 925 1593 exigitur
938 1518 976 1577 ad
987 1516 1133 1578 interesse

109 1611 140 1665 et
154 1605 427 1682 compensationem
442 1607 578 1666 refertur.
597 1607 680 1667 Tales
694 1605 770 1666 tituli
784 1611 853 1666 suut
867 1613 1025 1684 sequentes
1039 1625 1046 1668 :
1069 1606 1131 1683 pri-

107 1711 176 1754 mus
193 1695 340 1754 Mannum
354 1711 511 1772 coercens,
528 1711 598 1755 cum
610 1701 760 1755 mutuator
779 1695 818 1754 ob
836 1705 972 1756 mutuum
985 1695 1131 1757 damnum

107 1783 228 1862 patitur,
244 1801 304 1860 quo
318 1801 390 1845 casu
404 1801 464 1844 non
478 1785 634 1858 lucrifacit,
651 1784 705 1844 sed
719 1801 753 1844 se
765 1784 936 1844 indemnem
949 1792 1048 1844 serrat
1062 1789 1104 1859 (l)
1119 1803 1128 1860 ς

106 1873 265 1948 secundus,
289 1873 408 1934 lucrum
425 1889 551 1948 cosano,
568 1891 637 1934 cum
649 1879 799 1933 mutuator
815 1874 854 1934 ob
868 1881 1004 1933 mutuum
1022 1872 1130 1934 amittit

106 1963 236 2034 lucrum,
256 1963 337 2038 quod
359 1961 552 2039 percipiebat,
567 1964 614 2022 vel
633 1962 787 2038 percipere
803 1962 922 2022 volebat
940 1979 979 2022 ex
998 1965 1130 2038 pecunia

106 2052 144 2111 ed
165 2051 275 2112 licitam
300 2049 542 2128 negotiationem,
558 2051 606 2111 vel
628 2051 811 2110 coemenda
834 2051 945 2126 praedia
968 2050 1125 2126 destinata,

106 2141 174 2218 quia
188 2139 374 2215 beneficium,
390 2140 473 2200 alteri
494 2139 657 2216 praestitum
677 2139 788 2199 nemini
808 2139 897 2200 dehet
915 2155 981 2200 esse
999 2139 1125 2200 damno-

105 2245 172 2290 sum
185 2233 226 2302 (2)
239 2246 246 2302 ;
259 2229 373 2303 tertius,
384 2228 551 2305 pericolum
565 2229 662 2298 sortis,
675 2245 744 2287 eum
756 2227 895 2288 nimirum
919 2230 1002 2288 adest
1014 2231 1124 2304 proba·

101 2317 164 2378 bile
177 2315 342 2395 periculum
352 2326 464 2378 sortem
475 2316 637 2390 amittendi,
648 2315 695 2376 vel
709 2332 768 2376 uon
783 2317 846 2376 sine
857 2317 971 2392 magnis
981 2318 1125 2379 molestiis

104 2408 311 2484 recuperandi,
326 2406 395 2483 quia
407 2407 447 2466 ob
462 2405 582 2466 alterius
597 2405 723 2480 gratiam
737 2422 888 2481 exponere
903 2406 973 2465 huic
989 2408 1123 2482 periculo

97 2514 156 2570 ¹res
170 2513 240 2556 suas
256 2502 301 2556 est
319 2503 399 2556 certe
414 2494 523 2570 aliquid
536 2495 631 2569 pretio
648 2494 819 2554 aestimabile
835 2498 892 2567 (3);
906 2499 934 2554 S.
953 2495 990 2554 de
1005 2494 1122 2571 Ligerio

104 2585 163 2646 hoo
183 2586 338 2645 confirmat
360 2600 399 2644 ex
416 2583 537 2643 decreto
557 2581 677 2642 concilii
695 2583 899 2642 lateranensis
917 2583 972 2642 sub
987 2589 1121 2644 Lecneli

98 2672 280 2734 insessione
295 2671 420 2746 decima,
431 2671 481 2730 uhi
495 2672 673 2744 decernitur,
685 2670 809 2746 periculi
821 2671 940 2731 titulum
953 2671 1120 2732 adamnata

101 2779 193 2824 usura
206 2779 361 2834 excusare,
376 2772 405 2822 et
425 2777 464 2821 en
478 2758 677 2820 declaratione
694 2763 722 2820 S.
739 2760 981 2836 congregationis
995 2762 1033 2822 de
1047 2767 1119 2822 Pro-

102 2851 239 2927 pagande
255 2850 332 2922 Fide,
348 2848 378 2908 in
393 2866 451 2925 qua
471 2847 659 2926 permittitur,
674 2846 785 2924 ahquid
805 2849 835 2908 in
849 2855 952 2909 mutuo
972 2849 1117 2925 accipere,

102 2938 182 3015 quod
194 2937 231 2996 eit
243 2937 373 3012 periculo
387 2938 645 3014 proportionatum
664 2937 779 2998 rationo
792 2937 916 3013 periculi
929 2939 1117 3014 probabiliter

101 3025 281 3086 imminentis
292 3031 344 3100 (l).
1212 3017 1213 3024 '

137 3116 313 3176 Praeterhos
330 3115 432 3176 titulos
445 3131 484 3176 ex
504 3114 654 3176 communi
666 3119 825 3175 llootorom
844 3115 988 3175 sententie
1009 3121 1113 3178 certos.

95 3211 172 3268 -sunt
185 3205 282 3278 etalii,
302 3204 339 3266 de
353 3199 460 3282 quilius
476 3203 715 3277 controvertitur,
735 3203 779 3264 uti
796 3209 842 3263 est
859 3210 979 3280 pactum
999 3203 1115 3282 poenale

100 3294 211 3372 aliquid
226 3300 334 3371 practer
359 3299 470 3354 sortem
492 3291 665 3354 restituendi
686 3291 717 3352 in
731 3308 802 3352 casu
824 3308 917 3352 morae
931 3293 970 3352 ad
982 3299 1113 3354 mutuum
1211 3295 1212 3359 l

100 3384 276 3445 solvendum
291 3399 330 3444 ex
352 3383 439 3458 culpa
453 3380 594 3442 debitoris
607 3385 659 3455 (tl),
683 3387 713 3441 et
730 3389 764 3441 nt
784 3387 829 3441 est
846 3381 935 3442 etiam
947 3383 998 3442 lex
1013 3381 1110 3454 ovile,
1210 3441 1211 3446 ,

92 3473 165 3552 'quae
178 3469 208 3570 in
222 3478 327 3538 mutuo
340 3485 463 3534 usuram
476 3469 577 3534 statuit
589 3471 715 3548 legalem
723 3469 906 3548 percipiendi
918 3469 1045 3550 quinque
1056 3486 1109 3548 pro
1210 3473 1211 3478 ’
