2560 4080
523 200 681 255 ..505-

96 317 238 380 delictum
261 333 351 382 suum
376 321 530 380 confessus
550 319 654 380 luisset
672 323 724 392 (3).
744 323 777 380 ln
796 317 918 395 reliquis
940 317 1063 380 demum
1087 317 1126 378 ad

96 407 254 484 egendum,
270 414 300 468 et
314 408 534 469 defendendum
552 407 650 468 medie
663 407 885 484 probationum,
900 405 1125 482 exceptionum,

95 503 125 557 ct
138 496 343 560 defensionum
362 497 551 573 adhibentur,
568 514 634 574 quse
653 514 746 576 supra
759 496 790 557 in
808 498 868 560 hoc
886 497 966 558 libro
983 495 1125 572 exposui·

95 602 172 647 mus.

126 739 160 807 (l)
175 739 204 793 Et
225 741 381 793 rens-intro
403 739 543 806 prefixum
565 743 672 807 tempus
697 740 904 806 interrogatorio
927 751 980 792 non
1006 738 1120 803 dederit,

96 825 173 878 aeque
187 812 222 864 ad
240 813 350 864 testium
365 812 552 877 repetitionem
566 812 721 879 proceditur
736 830 743 873 t
766 811 848 863 immo
872 811 901 862 in
920 811 1014 862 multis
1035 811 1119 863 curiis

96 883 374 948 haecinterrogatoria
388 883 512 936 desinon
528 885 622 936 solent.
638 910 663 924 -·
682 884 718 949 (l)
738 884 826 936 ludex
839 883 937 948 cuique
957 883 1020 934 testl
1043 895 1121 934 suam

96 955 290 1021 depositionem
304 955 477 1006 attestantem
494 955 522 1006 in
534 959 646 1020 secreto,
666 960 693 1006 et
713 955 856 1020 seperatim
875 955 911 1006 ab
927 953 990 1006 aliis
1005 953 1121 1006 testibus

96 1027 169 1092 legit,
183 1033 210 1078 et
222 1025 321 1080 deinde
337 1026 372 1077 ed
386 1025 709 1092 singulninterrogatoria
722 1027 786 1078 dote
802 1039 818 1076 ι
833 1039 889 1090 reo,
905 1026 982 1077 testis
1005 1025 1124 1090 primum

95 1099 249 1165 respondet,
259 1104 292 1150 ιι
305 1098 403 1150 (ιιιιιιιι
417 1098 607 1164 interrogetur,
622 1111 657 1150 an
667 1097 721 1150 olie
733 1099 767 1150 ab
783 1099 841 1163 ipso
851 1100 880 1150 ln
895 1098 983 1164 primo
1001 1097 1124 1148 examine

96 1169 218 1234 deposito
230 1183 295 1222 vera
309 1169 372 1225 sint,
388 1171 414 1220 et
423 1182 459 1220 an
471 1169 593 1220 intendet
606 1169 708 1235 aliquid
722 1169 832 1228 addere,
846 1168 889 1221 vel
902 1168 1056 1232 detrahere,
1071 1171 1123 1220 eto.

95 1239 275 1307 Pellegrinus,
291 1239 340 1292 loo.
357 1241 400 1291 eit.
412 1243 478 1292 sect.
495 1241 533 1300 ιι,
547 1254 564 1292 ι
577 1255 604 1292 n.
616 1242 639 1292 5.
653 1241 681 1291 Si
695 1254 758 1292 voro
771 1242 848 1293 testis
860 1240 937 1306 prius
951 1238 1124 1292 examinatus

95 1325 146 1376 pro
160 1311 348 1364 informatione
363 1311 451 1363 Curiae
470 1315 542 1364 esset
557 1317 688 1371 mortuus,
699 1313 759 1376 ejus
771 1311 906 1377 depositio
920 1311 1025 1378 absque
1044 1321 1122 1373 repo·

95 1383 189 1434 titione
204 1383 341 1448 probaret,
364 1382 429 1448 quia
447 1397 520 1434 mors
534 1383 644 1448 supplet
662 1385 847 1448 juramentum
869 1396 964 1434 coram
979 1395 1034 1446 reo,
1052 1379 1125 1446 qnod

96 1455 212 1520 amplius
234 1453 360 1520 prestari
378 1467 432 1505 non
454 1458 553 1519 potest.
578 1455 619 1506 Id.
641 1454 677 1506 ib.
700 1468 728 1506 n,
751 1455 790 1506 ιι.
813 1481 846 1492 -
861 1454 898 1517 (3)
912 1454 993 1506 Ιιιιιιι
1006 1453 1120 1511 obtinet,

95 1525 205 1592 quando
215 1538 278 1578 reus
291 1523 449 1590 declaravit,
463 1538 493 1578 se
506 1528 589 1578 testes
603 1539 652 1592 pro
662 1526 714 1578 rito
724 1525 886 1578 examinetis
902 1525 1014 1578 hebere.

133 1731 195 1789 899.
217 1726 246 1788 si
262 1728 370 1789 deinde
390 1734 460 1804 post
470 1727 537 1790 fisco
547 1727 740 1805 probationes
753 1735 897 1805 agnoscat
910 1747 995 1800 reus,
1012 1745 1045 1790 se
1056 1745 1127 1790 cau
1183 1794 1187 1801 ¹

97 1835 133 1879 se
147 1817 316 1906 periclitari,
332 1817 603 1878 extraordinarium
616 1819 706 1879 habet
718 1818 884 1879 remedium
897 1817 1073 1879 recurrendi
1087 1817 1126 1878 ad

97 1902 280 1982 Episcopum
295 1923 351 1982 pro
365 1913 432 1982 gret
432 1907 470 1966 ia.
484 1905 649 1983 Episcopus
658 1907 738 1967 enim
748 1907 806 1967 ad
798 1915 892 1968 roslar
904 1907 1048 1984 Principis
1056 1923 1126 1983 gra

97 1995 170 2056 dam
189 1996 227 2056 de
241 1996 357 2056 delictis
372 2013 411 2056 ex
426 1996 508 2072 insta
522 2013 625 2070 cansa,
641 2003 670 2056 et
689 1984 793 2057 salvo
783 2015 851 2073 June
870 1995 960 2071 ιιιιιι,
982 1996 1128 2073 impertiri

96 2092 216 2163 potest,
231 2102 293 2145 non
307 2102 380 2146 vero
394 2086 508 2160 absque
522 2083 644 2160 speciali
655 2083 842 2160 delegatione
854 2086 918 2162 ejus
930 2085 1062 2146 vicarius
1076 2101 1128 2160 ge-

96 2174 217 2235 neralis.
234 2174 287 2234 llic
301 2179 402 2234 autem
420 2190 561 2234 recursus
582 2173 616 2233 fit
629 2190 685 2250 per
697 2174 840 2234 libellam
854 2175 1081 2275 compositionis,
1096 2173 1128 2236 ia

99 2281 162 2340 quo
187 2279 267 2336 rens,
289 2263 361 2339 quin
382 2278 524 2339 expresse
538 2278 626 2322 snum
647 2263 774 2323 fateatur
789 2263 982 2337 delictum,s1
1002 2264 1129 2324 fortem

96 2351 199 2428 aliquo
214 2351 386 2428 simpliciter
401 2358 430 2412 et
441 2351 614 2426 ignoranter
627 2350 780 2425 erraverit,
793 2352 831 2410 ed
848 2351 1003 2436 evitandas
1015 2369 1128 2429 expen-

98 2459 158 2516 sae,
173 2447 203 2500 ιι
217 2440 408 2500 redimendas
420 2439 605 2511 vexationes·
621 2457 654 2500 se
666 2426 767 2515 J'ustae
786 2447 815 2500 et
835 2440 1000 2500 arbitreriae
1017 2440 1127 2515 judicis

98 2547 199 2607 poenae
211 2529 365 2602 submittit
381 2546 418 2590 en
430 2527 611 2602 conditione,
625 2529 681 2588 ut
674 2545 738 2606 lpse
749 2529 842 2605 judex
855 2547 1009 2604 precessor
1001 2529 1125 2603 finem,

98 2627 130 2680 et
153 2620 228 2678 fiseo
257 2618 351 2682 silent
332 2626 406 2678 trum
427 2617 570 2694 imponat.
595 2622 658 2688 Quo
680 2623 804 2694 accepto
826 2618 936 2692 libello,
959 2618 1125 2695 Episcopus

99 2708 268 2769 secundum
281 2707 453 2784 qualitatem
462 2707 571 2780 delicti,
587 2714 617 2766 ιι
632 2706 842 2783 delinquentis,
858 2714 888 2767 ιι
899 2725 938 2768 ex
954 2708 1018 2767 aliis
1031 2705 1129 2766 causis

99 2797 234 2858 animum
256 2813 345 2856 snum
365 2794 555 2854 moventibus
573 2795 611 2854 ad
631 2796 785 2855 arbitrium
805 2813 893 2856 suum
907 2795 1006 2872 petitis
1019 2795 1128 2873 poterit

100 2887 255 2962 indulgere
272 2890 323 2960 (t),
337 2890 367 2945 ct
377 2885 466 2960 justae
479 2901 579 2960 poenoe
593 2883 760 2945 arbitrariae
773 2901 858 2946 reum
872 2885 1028 2961 subiicere.

132 3031 169 3097 (l)
182 3030 272 3094 Hujus
286 3028 503 3094 supplicationis,
517 3032 544 3080 et
557 3029 654 3080 indulti
672 3029 802 3082 formulas
817 3031 899 3082 refert
910 3031 1076 3084 Monocollus
1085 3031 1127 3082 tit.

102 3101 142 3162 15,
158 3103 209 3153 lor.
220 3102 244 3165 3,
262 3101 384 3151 etBouix
399 3101 432 3151 de
441 3099 524 3164 judic.
542 3105 607 3153 sect.
622 3101 645 3160 6,
658 3102 708 3152 col.
722 3102 747 3166 l,
764 3116 788 3154 c.
809 3103 845 3154 tt.
858 3103 911 3154 Sed
925 3103 1033 3155 libellus
1053 3116 1125 3154 com-

100 3172 244 3240 positionis
257 3186 311 3223 non
326 3179 415 3236 potest
427 3171 528 3224 hebere
539 3171 628 3225 locum
641 3173 670 3224 in
687 3173 840 3240 homicidio,
855 3180 882 3228 ot
891 3175 971 3228 lurto.
983 3175 1044 3226 Bul.
1063 3173 1126 3226 Post

100 3243 251 3297 diatomos
262 3242 275 3309 ξ
293 3243 346 3302 1‘25,
360 3243 404 3296 Pii
416 3243 478 3296 Vll.

139 3417 203 3474 900.
219 3412 269 3472 Sin
283 3427 450 3474 secusreus
465 3411 535 3472 velit
550 3419 691 3474 eventum
703 3416 857 3476 sententiae
868 3415 1008 3492 experiri,
1021 3415 1129 3493 elapsis

102 3502 245 3563 omnibns
254 3499 433 3562 defensionis
441 3500 586 3576 terminio,
596 3501 747 3563 citaturad
754 3505 932 3588 audiendam
939 3505 1127 3582 senteutiam,

102 3609 174 3672 quae
191 3608 258 3653 esse
278 3597 378 3668 potest
396 3589 577 3654 absolutoria
596 3592 644 3653 vel
668 3593 917 3656 condemnatoris.
942 3594 1128 3657 absolutoria

213 3691 252 3746 11.
973 3695 1004 3749 29
