2426 4070
513 123 653 182 ..³31-

86 259 220 320 perquam
230 245 299 322 quis
310 244 410 306 ulium
421 246 459 308 de
472 263 560 306 sacro
569 246 804 323 regenerationis
813 247 907 322 fonte,
916 249 967 309 vel
976 248 1014 310 de
1024 253 1095 310 Gon·

84 333 244 394 &madonis
269 341 464 395 sacramento
483 335 659 412 suscipiens.
678 336 705 396 ei
726 337 891 412 inpetrem
912 337 1096 414 spiritualem

82 424 207 484 saonen.
226 425 371 500 cognatio
390 424 456 484 haeo
474 424 585 500 pariter
602 425 716 500 praebet
731 425 978 502 impedimentum
990 425 1093 487 matri-

83 512 200 574 monium
214 512 362 574 dirimens
375 532 382 572 :
395 529 467 574 nam
477 512 563 573 nteit
576 514 715 574 Nieol'aus
729 519 807 590 Papa
819 534 826 575 ε
836 513 870 576 St
883 516 962 576 inter
975 534 1021 578 eos
1034 533 1097 578 non

83 605 257 664 contrahitur
270 602 510 676 matrimonium,
527 620 598 680 quos
611 603 727 680 adoptio
739 603 979 684 jnnpit„pttonto
998 606 1096 681 potina

85 693 218 754 annali
232 699 345 768 oportet
364 691 443 751 inter
457 709 487 752 se
501 692 688 752 oontotemio
704 708 825 762 cessare,
837 709 908 769 patos
919 711 973 771 per
986 694 1095 755 eoeleste

85 776 303 842 Sacramentum
315 781 495 857 reponeretio
509 780 614 842 Sancti
626 781 756 857 Spiritus
770 782 860 841 vineit
874 787 926 854 (t).
947 783 1022 844 Olim
1040 785 1098 844 hoo

84 866 319 944 inpedimentum
332 871 393 930 late
408 870 547 946 patebet3
567 869 648 930 seda
662 870 792 930 coneilio
806 871 976 932 Tridentino
998 877 1039 946 (2)
1058 873 1098 934 ed

84 957 145 1018 duos
158 969 327 1037 sequentes
340 977 429 1020 casus
444 967 632 1020 contractum
652 959 715 1032 luit,
730 976 839 1036 nempe
854 961 1034 1036 prohibitum
1053 969 1099 1023 est

81 1050 294 1110 matrimonium
305 1049 361 1108 sub
376 1048 516 1109 nullitatis
530 1065 642 1126 poena:
663 1054 695 1109 1ο
712 1049 791 1109 inter
803 1050 948 1126 patrinos,
965 1051 1098 1129 baptiza·

82 1142 133 1198 tum
145 1147 198 1199 aut
220 1139 443 1212 confirmatum,
460 1145 490 1198 et
503 1138 645 1215 baptizati
663 1145 715 1199 eut
734 1139 901 1199 confirmati
918 1147 1096 1216 patremne

80 1236 215 1302 matrem3
231 1234 262 1288 2⁰
276 1228 354 1288 inter
373 1226 576 1303 baptizantem
596 1233 648 1288 aut
668 1228 903 1301 confirmantem,
926 1228 1024 1305 ipsum
1045 1230 1098 1289 ba-

81 1318 213 1392 piatum
226 1323 280 1376 aut
293 1317 514 1389 confirmatum,
532 1322 563 1376 et
584 1315 724 1391 baptizati
738 1323 790 1377 eut
803 1317 970 1377 oonflrmati
984 1323 1100 1394 patrem

82 1413 252 1468 etmetrem.
268 1411 365 1478 Quare
380 1423 437 1466 neo
447 1405 556 1482 patrini
573 1405 650 1465 inter
661 1422 694 1466 se
714 1405 835 1484 aliquod
851 1408 1030 1468 contrahunt
1044 1409 1099 1470 im·

81 1497 287 1570 perimentum,
304 1512 360 1556 neo
377 1494 562 1571 laptizantes
581 1510 651 1554 oum
670 1493 806 1570 patrinis.
831 1495 983 1572 Excipitur
1003 1503 1102 1556 tamen

82 1591 326 1659 pentameter,
343 1584 463 1660 quando
478 1583 631 1660 propriam
645 1583 781 1644 sobolem
798 1583 928 1659 baptizat
941 1583 971 1642 in
995 1601 1102 1645 neces-

84 1673 171 1748 sitate,
186 1680 219 1734 et
237 1673 357 1750 qnando
372 1691 412 1734 ex
431 1673 598 1749 ignorantia
616 1689 686 1733 cum
705 1688 742 1732 ea
759 1689 870 1733 munus
884 1673 992 1750 patrini
1014 1691 1101 1735 exer·

85 1770 125 1823 oet
137 1768 188 1836 (3).
203 1768 247 1823 An
258 1778 332 1822 vero
361 1761 556 1838 excipiendus
574 1761 663 1822 etiem
682 1760 720 1821 sit
744 1761 879 1838 patrinus
901 1761 1102 1839 in'baptismo

85 1852 192 1927 privato
206 1851 440 1912 controvertitur
457 1852 692 1911 interventores
712 1869 719 1908 :
744 1850 864 1925 quidam
892 1850 972 1910 enim
989 1858 1104 1927 tenent,

86 1943 228 2016 patrinum
250 1940 282 1999 in
307 1939 455 2016 baptismo
474 1940 593 2016 privato
617 1955 677 1998 non
700 1955 765 1998 esse
792 1939 1011 2016 excipiendum,
1036 1940 1105 2016 quie

91 2028 230 2088 contrahit
240 2028 497 2105 impedimentum,
514 2027 606 2088 modo
625 2028 655 2087 in
675 2028 741 2103 ipso
759 2027 908 2105 baptismo
928 2027 1044 2104 privato
1059 2029 1103 2089 in-

89 2119 192 2179 inntem
219 2124 320 2179 teneat
342 2135 403 2178 non
426 2135 509 2178 mere
534 2117 737 2191 materialiter,
765 2117 819 2178 sed
846 2134 915 2177 oum
941 2118 1105 2180 intentione

91 2207 211 2268 obeundi
231 2224 343 2268 munus
360 2207 471 2286 patrini
492 2211 557 2280 (ὓς
586 2207 636 2266 alii
655 2223 728 2266 vero
745 2206 928 2266 eontrarium
947 2207 1105 2282 sustinent,

93 2297 152 2372 qnia
165 2296 368 2358 tridentinum
382 2297 442 2356 hoo
460 2295 704 2371 impedimentum
724 2295 914 2355 restrinxisse
936 2296 1054 2356 uidetur
1067 2295 1107 2356 ad

92 2401 145 2458 eos,
164 2384 215 2460 qui
236 2385 380 2444 infantem
405 2386 439 2445 de
462 2401 546 2444 sacro
566 2385 647 2460 sonte
667 2384 833 2461 smnpinnt
848 2387 899 2456 (5),
914 2390 945 2443 et
959 2383 1028 2460 quia
1042 2383 1107 2444 Tri·

93 2472 271 2535 dentinorum
284 2479 406 2534 Petrum
418 2473 543 2534 intentio
558 2480 622 2534 erat
636 2473 791 2534 minuendi
802 2472 1021 2532 multitudinem
1034 2489 1106 2550 pro-

92 2560 270 2636 hibitionum,
283 2579 322 2623 ne
335 2563 523 2624 matrimonia
544 2562 665 2622 nulliter
690 2579 730 2622 ex
754 2561 923 2638 ignorantia
947 2561 1107 2623 contrahe·

18 2724 26 2736 .
93 2661 191 2730 renum,
206 2662 239 2715 ut
252 2659 335 2730 patet
346 2670 385 2714 ex
399 2659 483 2713 textu
497 2652 595 2712 eitatae
608 2650 792 2712 definitionis
807 2655 817 2722 (
836 2654 861 2724 ).

118 2796 149 2862 (t)
159 2797 221 2850 Can.
236 2797 245 2848 l
253 2838 258 2858 ,
272 2811 295 2849 e,
311 2797 350 2859 30,
361 2811 388 2864 q.
400 2797 424 2849 3.
436 2797 479 2848 Ita
492 2798 574 2850 etiarn
588 2797 622 2850 ad
636 2810 692 2850 rem
710 2796 826 2848 saucivit
839 2797 908 2860 Imp.
918 2794 1107 2848 iustinianus:

95 2868 151 2919 «lla
163 2883 279 2935 persone
295 2869 368 2920 omni
387 2869 466 2921 modo
485 2869 520 2920 ad
534 2870 642 2934 nuptias
661 2868 755 2920 venire
775 2867 942 2934 prohibenda
955 2874 1006 2928 est,
1025 2882 1108 2935 quam

95 2940 209 3005 «aliquis
225 2955 242 2991 a
260 2947 432 2992 sacrosancto
454 2941 575 3005 suscepit
599 2940 777 3006 Baptismato,
803 2954 864 2992 cum
882 2939 951 2991 nihil
975 2941 1049 2992 aliud
1069 2939 1109 2992 sio

96 3027 105 3056 ι
119 3010 238 3064 inducere
252 3018 341 3080 potest
359 3015 509 3078 paternam'
523 3011 700 3076 allectionem,
712 3017 742 3064 et
753 3015 856 3076 justam
870 3013 1027 3076 nuptiarum
1042 3025 1107 3077 pro-

96 3081 280 3145 «linitionem,
294 3096 376 3148 quem
395 3082 581 3148 hujuscemodi
604 3096 702 3147 nexus,
724 3097 772 3148 per
788 3097 877 3150 quem,
893 3085 948 3137 Deo
961 3083 1109 3146 mediante,

96 3156 210 3207 «animae
222 3169 317 3208 eorum
338 3155 472 3220 eopulatae
492 3157 563 3206 sunt.
579 3175 592 3198 »
607 3155 637 3205 L.
656 3154 695 3213 26,
719 3156 779 3206 aod.
792 3157 922 3220 nonupli.
938 3185 965 3194 -
986 3157 1018 3220 ti)
1035 3156 1108 3206 Sess.

95 3221 128 3285 ll,
140 3239 161 3276 e.
175 3227 199 3285 2,
212 3227 246 3278 de
263 3226 311 3278 rer.
327 3231 406 3276 matr.
419 3252 449 3263 -
464 3226 499 3290 (3)
518 3225 585 3277 Cen.
601 3227 622 3286 l,
638 3239 660 3276 o.
677 3225 716 3285 30,
734 3241 760 3292 q.
778 3225 799 3286 l,
818 3230 844 3278 et
864 3241 922 3293 cap.
938 3228 963 3292 i,
977 3228 1011 3280 de
1031 3239 1108 3290 oopn.

96 3295 170 3358 spirit.
186 3297 302 3359 Quidam
321 3302 451 3348 excusant
472 3297 554 3348 etium
574 3297 608 3347 ab
629 3295 819 3360 impedimento
833 3299 1014 3351 contrahendo
1036 3300 1111 3363 ipsos

96 3374 218 3432 parentes,
234 3369 298 3420 lieet
319 3381 353 3420 ex
371 3367 476 3418 malitia
491 3367 630 3433 propriam
650 3369 769 3421 sobolem
789 3369 945 3433 baptizent;
960 3369 1007 3421 sed
1030 3366 1108 3420 card.

96 3435 178 3502 Soglia
189 3440 312 3500 sustinet,
324 3444 466 3506 parentem
480 3443 557 3492 extra
570 3451 664 3491 ausum
673 3440 842 3493 necessitatis
852 3441 1030 3504 baptizantem
1040 3438 1112 3489 hano

99 3510 277 3574 agnationem
289 3525 351 3567 oum
363 3510 449 3566 alano
465 3511 580 3578 eonjuge
594 3511 835 3578 annuntiataque
848 3510 943 3563 sunm
956 3521 1037 3561 usum
1050 3521 1112 3562 oon·

983 3602 1010 3658 5.
