2432 4078
567 196 724 254 ..296-

128 317 357 392 quaedamque
377 315 497 376 relative
515 321 631 377 tentum
647 315 874 377 conventionem
894 331 956 377 non
975 315 1131 378 admittunt.

127 405 267 479 Absolute
281 404 509 465 conventionem
530 411 676 481 respuunt
696 423 746 466 res
767 412 881 482 turpes,
900 413 931 466 et
951 406 1136 483 impossibiles

127 493 166 554 de
184 495 273 568 laeto,
295 500 325 554 et
344 494 461 569 dejure
480 513 486 553 ε
504 509 574 554 nam
592 495 751 571 promissio
769 494 929 571 impia-est,
945 513 1014 572 quae
1036 497 1136 555 seelera

127 581 314 658 adimpletur,
335 588 365 643 et
389 583 489 656 stulta,
509 599 576 658 quae
598 582 729 642 eontinet
748 583 937 660 impossibile,
959 585 1046 660 euJus
1067 583 1137 642 nulla

127 675 226 746 potest
245 687 312 730 esse
330 671 484 746 obligati03
498 669 625 747 ideoque
646 678 752 731 neutra
770 671 932 732 subsistere
949 678 1061 748 potest,
1079 671 1137 730 lieet

127 756 165 816 sit
178 758 287 834 juretn,
303 759 373 836 quie
383 762 584 835 iuramentum
606 777 667 820 nou
682 766 780 836 potest
795 777 861 820 esse
874 760 1026 820 duculum
1040 759 1140 835 iniqui·

127 846 1137 926 tatis(t).Turpeautemdieituromnepactinn,quodlaeditpietetem,

128 934 386 1011 existimationem,
400 937 621 1010 verecundiam,
638 945 667 997 et
684 937 781 998 bonos
795 955 904 1009 mores,
920 938 968 998 vel
982 937 1065 1013 quod
1078 953 1138 1012 pre

127 1023 273 1084 mittendo
285 1023 402 1085 crimini
414 1024 570 1101 praemium
581 1031 632 1085 aut
649 1024 854 1102 impunitatem
865 1025 903 1084 ad
916 1025 1140 1101 delinquendum

128 1120 273 1188 provocet
286 1117 337 1186 (3).
353 1113 538 1190 Impossibile
547 1130 619 1174 vero
629 1113 746 1188 dieitur,
756 1115 836 1191 quod
850 1120 964 1187 natura,
975 1114 1023 1173 vel
1034 1111 1140 1188 legibus
1198 1121 1199 1198 i

128 1201 195 1261 lieri
212 1219 272 1262 non
294 1209 392 1279 potest
405 1223 411 1262 :
434 1203 514 1262 uude
531 1203 710 1279 impossibile
723 1204 801 1263 facto
816 1210 861 1263 est
874 1207 1007 1263 montem
1020 1215 1138 1262 aureum
1198 1227 1199 1230 ¹

129 1297 315 1364 construere,
330 1292 440 1352 ooelum
462 1293 674 1366 conscendere,
688 1300 761 1365 ete.;
777 1299 808 1352 et
825 1299 872 1352 est
883 1293 948 1366 iure
965 1290 1137 1367 impossibile

128 1395 264 1440 sororem
278 1379 308 1439 in
321 1379 509 1440 matrimonio
527 1380 673 1456 aeeipere,
687 1381 839 1441 hominem
853 1380 1000 1452 ooeidere,
1017 1386 1074 1440 eto.

166 1467 295 1528 Relative
307 1476 408 1528 eutem
427 1467 657 1529 conventionem
674 1476 837 1545 respuunt:
854 1476 883 1530 1⁰
895 1485 945 1528 res
957 1467 1136 1544 spiritualem

132 1571 202 1615 nam
214 1557 371 1632 Gregorius
384 1563 430 1630 lll,
446 1557 616 1630 declaravit,
632 1558 801 1634 pactionem
813 1559 921 1618 laetam
937 1558 976 1618 de
990 1553 1137 1633 spirituali·

131 1644 188 1704 bus
202 1645 311 1704 nullius
330 1663 397 1706 esse
414 1647 566 1718 momenti,
588 1663 657 1706 eunt
679 1647 712 1705 in
735 1647 907 1721 hujusmodi
929 1647 1025 1706 omnis
1042 1644 1137 1722 pantio,

131 1732 283 1808 omnisque
297 1733 445 1792 conventio
459 1733 556 1793 datan
570 1734 691 1794 omrnne
704 1750 815 1794 cessure
826 1737 887 1806 (l),
902 1741 1103 1794 verumtamen
1114 1729 1139 1789 id

132 1819 246 1880 obtinet
255 1825 380 1894 tantum,
391 1820 510 1896 quaudo
523 1822 622 1898 paolio
632 1827 678 1882 est
688 1822 846 1882 inhoneste
861 1825 912 1895 (5),
920 1822 970 1882 vel
982 1820 1079 1882 illicite
1088 1824 1136 1890 (dlz

132 1925 203 1968 nam
216 1907 324 1985 injure
338 1911 424 1985 plura
437 1911 573 1987 exempla
590 1912 739 1970 lectorum
755 1910 787 1970 iu
810 1911 1021 1988 spiritualibus,
1037 1916 1066 1970 et
1083 1907 1139 1984 ipsa

133 2001 391 2058 sacramentorum
405 1999 573 2072 collatione,
591 2016 658 2075 quae
674 2000 712 2059 ab
731 1999 796 2075 ipso
807 2001 875 2076 jure
890 1999 986 2060 valide
999 1999 1139 2060 declaran-

134 2092 183 2145 tur
201 2089 253 2157 (7).
266 2091 298 2146 2⁰
309 2091 378 2146 lura
392 2087 616 2160 beneficiorum,
632 2105 781 2164 quaecum
801 2089 839 2148 ab
859 2087 991 2148 Ecclesia
1006 2086 1138 2148 delinien-

133 2180 192 2248 tur,
214 2180 244 2234 et
260 2174 298 2233 ed
318 2175 368 2252 jus
389 2175 541 2252 pubbeum
554 2176 693 2237 Ecclesia
711 2177 887 2253 pertineant,
902 2193 921 2236 a
939 2176 1011 2236 solis
1024 2175 1139 2252 privato

132 2277 202 2323 rum
214 2263 310 2338 puetis
320 2265 497 2340 regulariter
509 2265 618 2326 mutari
630 2282 690 2326 non
703 2273 828 2342 possrmt
840 2269 894 2338 (8).
914 2270 946 2324 3⁰
960 2270 1040 2326 Bona
1054 2263 1138 2324 eoele-

132 2350 253 2424 siarum,
270 2369 336 2428 quea
350 2371 404 2429 per
425 2352 642 2416 dedicationem
664 2359 724 2416 lieo
746 2355 854 2415 laetam
876 2353 961 2429 quasi
982 2354 1139 2414 autenmtur

133 2457 173 2500 ex
184 2440 337 2502 bominum
349 2442 539 2515 commercio,
547 2443 591 2503 uti
604 2445 690 2519 plene
699 2443 906 2504 auferebantur
915 2459 955 2504 ex
965 2443 1033 2519 jure
1046 2447 1139 2502 Roma·

134 2546 243 2592 norum
260 2548 310 2592 res
327 2548 420 2592 saoree
441 2538 473 2592 et
491 2530 638 2608 religiosae
659 2535 715 2605 (9);
735 2549 772 2592 ae
790 2531 915 2607 proinde
933 2531 972 2592 de
989 2530 1025 2590 iis
1042 2523 1138 2606 pacisci

134 2635 195 2678 non
208 2619 288 2696 lieet,
302 2620 358 2681 nisi
375 2620 537 2682 observatis
551 2621 627 2696 juris
643 2619 889 2696 solemnitatibus,
905 2619 1062 2695 dequibus
1074 2615 1137 2676 uta

135 2723 267 2782 egemus.
284 2737 288 2744 ¹

167 2875 199 2939 (l)
211 2875 324 2930 Nomine
344 2878 384 2930 rei
407 2877 565 2944 intelligitur
587 2879 699 2931 materia
721 2880 886 2943 contractus,
911 2879 969 2931 sive
989 2890 1032 2930 res
1045 2872 1138 2942 proprie

135 2945 206 2998 diota
220 2947 263 3005 sit,
276 2948 332 3000 sive
344 2963 443 3013 operae,
457 2951 513 3001 sive
531 2950 609 3015 laeta,
621 2951 678 3002 sive
688 2964 741 3002 non
754 2951 831 3001 iacta.
843 2978 873 2986 -
886 2950 922 3014 (l)
932 2950 997 3002 Gan.
1007 2949 1024 3000 l.
1037 2943 1137 3011 asela,

135 3029 158 3068 o.
174 3017 212 3074 tt,
223 3017 247 3071 l.
263 3021 290 3068 et
303 3033 353 3083 per
366 3022 412 3070 tot.
424 3020 489 3084 (lep.
503 3021 527 3083 8,
544 3023 577 3073 de
591 3025 659 3088 pact.
676 3026 703 3073 et
717 3035 776 3086 nep.
794 3021 825 3069 (6
836 3025 863 3071 et
874 3020 914 3078 ts,
930 3021 964 3072 de
975 3020 1055 3085 juris.
1069 3043 1096 3056 —
1109 3013 1136 3078 (3)

135 3086 293 3152 Speeialiter
303 3091 405 3154 exjure
419 3091 490 3141 civili
512 3097 589 3156 turpe
604 3097 645 3144 est
660 3096 769 3157 paetum
783 3091 851 3142 inter
861 3091 985 3143 clientem
1003 3089 1137 3143 etadvooe·

134 3159 193 3208 tum
205 3157 239 3209 de
263 3165 344 3224 quota
363 3160 427 3224 litis,
444 3175 477 3212 ne
497 3161 643 3214 advocatus
663 3163 763 3228 iniquis
782 3163 879 3214 mediis
905 3157 1138 3214 ouusae'victoriem

135 3233 269 3294 procuret.
283 3230 413 3282 Gonzelez
425 3231 459 3282 ed
473 3245 533 3298 cap.
546 3235 595 3284 ult.
608 3235 642 3284 de
658 3239 727 3298 paet.
746 3261 773 3271 -
787 3233 822 3298 (l)
833 3234 900 3297 Cep.
913 3234 937 3297 8,
952 3233 986 3286 de
998 3225 1137 3300 pent-(5)

136 3300 225 3352 Gloss.
235 3301 263 3352 in
278 3314 337 3353 een.
350 3303 374 3361 l,
390 3317 413 3354 e.
429 3302 450 3361 l,
465 3316 491 3367 q.
506 3303 530 3362 2,
545 3305 626 3355 verbo
641 3303 738 3368 pactio.
755 3331 787 3343 -
808 3304 843 3368 (6)
860 3305 946 3356 Gloss.
962 3305 991 3356 in
1008 3317 1063 3368 oep.
1077 3301 1098 3358 8.
1110 3297 1137 3348 (¹⁰

136 3375 205 3436 peel.
218 3373 301 3424 verbo
311 3384 419 3426 cessure.
431 3400 461 3412 -
474 3374 510 3438 (7)
520 3373 589 3426 Hine
598 3373 671 3424 velet
682 3379 797 3439 paetum,
811 3389 863 3440 quo
877 3375 939 3442 quis
951 3379 1089 3442 postsuem
1101 3380 1137 3418 or·

136 3442 299 3496 dinationem
312 3443 409 3496 debeat
421 3447 502 3496 eertae
520 3446 641 3496 eeclesias
655 3445 800 3497 deservire.
825 3445 890 3512 Cap.
912 3446 936 3504 6,
957 3447 989 3498 de
1011 3456 1074 3496 serv.
1093 3449 1137 3518 nou

136 3512 206 3574 ord.;
219 3517 244 3564 et
256 3518 373 3579 paetum,
387 3530 439 3581 quo
458 3515 520 3581 quis
533 3514 631 3567 debeat
645 3517 813 3581 obsequium,
832 3520 859 3566 et
882 3517 1054 3568 reverentiam
1067 3511 1136 3563 aliem

136 3581 189 3632 sibi
202 3585 389 3646 praeminenti
404 3585 538 3638 exbibens.
552 3586 616 3638 Can.
636 3587 661 3652 6,
674 3587 737 3638 dist.
751 3587 791 3638 2³.
807 3587 938 3640 Similiter
956 3588 1026 3640 velet
1038 3581 1135 3651 promis·
