2410 4068
447 161 551 220 -lsl
571 189 608 202 -

27 271 151 347 randum,
171 273 264 348 qnod,
285 271 369 332 salvo
378 271 491 349 jndicio
504 272 654 348 petitorio,
672 271 794 332 ultimus
810 268 857 332 rei
874 275 969 334 statos
987 280 1034 335 est

29 361 215 435 atcndcndns,
237 361 313 422 sieut
331 362 529 423 communitor
552 362 715 437 loquuntur
732 365 883 424 Doctores.
900 367 1033 439 Quapro-

29 457 85 524 pter,
103 449 248 511 siullima
270 451 337 512 rice
362 451 530 527 capellania
548 453 656 512 collata
671 451 709 510 sit
721 451 760 512 ab
774 453 931 529 Episcopo,
957 458 1033 514 larn-

29 554 98 612 qnam
118 540 322 601 ecelesiastica
335 541 462 600 habetur
476 557 484 613 ς
505 540 530 599 si
548 557 621 600 vero
634 540 673 601 de
691 557 728 602 ea
742 541 922 618 disposuerit
936 558 1032 603 saecu-

28 626 80 688 laris
90 646 228 705 persona,
243 629 354 689 lunulis
367 641 507 694 censetur
520 631 573 701 (3).

52 794 78 858 (l)
89 795 149 848 Ideo
170 794 279 862 legibus
296 795 491 847 beneficiorum
511 807 566 846 non
584 795 626 847 ast
643 793 767 856 obnoxia,
783 795 846 861 qnia
860 796 977 862 simplex
990 800 1033 851 ast

31 863 124 928 legatum
135 869 224 932 pium,
238 869 353 933 ejusque
365 867 438 918 hona
454 869 570 933 possunt
579 866 725 934 possideri,
738 869 766 918 ot
784 867 969 922 administrari
982 883 1032 935 per

31 935 129 990 horodes
147 939 333 998 sandalorum,
350 942 398 990 ant
413 952 463 1003 per
480 937 634 1002 designatos
654 943 792 1003 patronos,
806 939 885 990 modo
902 940 1031 992 oneribus

31 1008 69 1070 piis
81 1010 252 1072 satisfaciant,
264 1009 335 1075 quod
346 1009 489 1074 inspicere,
500 1022 606 1072 curare,
616 1014 643 1060 et
654 1009 763 1062 visitare
772 1013 881 1061 tonatur
890 1011 1033 1075 episcopus

32 1078 64 1141 qni
75 1093 89 1130 a
101 1081 259 1133 Tridentino
272 1081 434 1132 oonstltnlns
447 1085 490 1132 ost
502 1081 622 1132 omnium
634 1082 741 1146 piarum
754 1081 922 1136 voluntatum
934 1093 1032 1136 exsort-

31 1153 67 1208 lor,
79 1155 102 1201 at
117 1153 145 1202 in
163 1152 199 1204 iis
218 1152 390 1216 Apostolicns
403 1151 553 1216 delegatus,
569 1164 637 1202 sess.
652 1151 693 1210 Ὦ,
713 1165 736 1202 o.
753 1152 779 1215 8,
792 1151 826 1204 de
838 1153 902 1212 τοὶς
917 1151 965 1204 ssd
978 1165 1033 1204 non

32 1225 97 1284 potest
117 1223 283 1288 capellanis
302 1222 407 1276 laioslis
422 1223 535 1274 visitare
555 1222 628 1274 bons
648 1222 817 1288 temporalia,
831 1223 856 1273 A
869 1223 985 1276 llostnao
999 1222 1033 1274 de

32 1289 93 1355 legat
105 1295 156 1358 piis
170 1298 235 1346 torn.
258 1295 282 1359 l,
297 1293 314 1345 l.
331 1293 355 1352 3,
369 1307 392 1344 o.
407 1293 431 1352 2,
445 1306 471 1344 n.
487 1295 526 1344 35.
542 1293 646 1346 Similis
659 1292 810 1359 ospollanis
822 1307 877 1346 non
889 1293 1034 1358 subjicitur

33 1361 116 1427 legibus
129 1367 270 1427 simoniae,
282 1369 371 1432 potest
384 1366 498 1416 conferri
512 1366 539 1416 in
552 1365 674 1434 qnalibet
687 1367 767 1416 aetste
779 1365 884 1430 absque
900 1377 1034 1416 onnssnsu

33 1433 148 1502 Episcopi,
157 1438 238 1488 modo
252 1450 306 1488 non
321 1437 480 1488 adversetur
493 1436 642 1488 lundstoris
651 1438 789 1497 volantum
799 1441 888 1501 potest
899 1435 1034 1502 possideri

33 1505 169 1569 alonium
183 1522 238 1559 non
252 1512 295 1559 est
307 1507 423 1559 obnoxia
437 1507 546 1558 tributis
560 1505 674 1558 subsidii
687 1506 848 1570 charitativi,
859 1512 905 1558 sut
919 1507 1033 1570 synoda·

34 1574 168 1644 ticinense
182 1579 306 1645 ejusdem
321 1591 460 1645 possessor
474 1578 590 1630 clericus
601 1578 636 1628 ad
650 1578 770 1628 divinum
784 1577 902 1632 officium
919 1579 1034 1630 recitan-

34 1644 81 1698 dnm
87 1652 198 1702 tenetur.
212 1651 366 1701 Cardlnalis
375 1649 507 1714 Sogliade
513 1651 569 1714 jur.
579 1649 647 1713 priv.
663 1650 675 1712 ξ
689 1649 719 1700 8¹2
728 1652 754 1701 st
764 1651 788 1700 A
799 1649 912 1700 Mostazo
919 1651 977 1714 jam
987 1649 1032 1701 oit.

36 1718 78 1768 cod.
90 1720 136 1771 loc.
148 1736 175 1773 n.
192 1721 224 1772 43
239 1726 266 1772 at
279 1735 355 1787 seqq.
366 1747 395 1758 -
415 1721 451 1785 (2)
464 1720 541 1782 Quod
555 1719 669 1770 dicimus
683 1719 717 1772 da
730 1721 902 1774 observantis
915 1720 1033 1786 quadra-

37 1788 93 1850 ginta
104 1805 235 1844 annorum
247 1793 336 1844 losum
351 1791 403 1844 sibl
414 1791 544 1854 vindicat,
556 1805 617 1842 oum
631 1791 665 1844 de
680 1791 815 1845 contraria
826 1791 976 1845 fundatoris
988 1805 1034 1843 vo·

37 1857 118 1914 luntata
131 1863 202 1916 clara
214 1877 270 1915 non
284 1869 402 1925 oonststc
413 1863 437 1916 si
450 1864 522 1914 anim
536 1862 569 1913 de
583 1861 635 1914 hae
654 1862 790 1917 voluntate
810 1862 952 1914 manifesto
970 1875 1033 1934 oon·

39 1933 110 1999 staret,
126 1935 236 2000 quidam
247 1935 378 1986 Doctores
398 1935 541 2002 requirnnt
558 1933 756 1986 observantiam
771 1931 991 1984 immemorialem
1004 1944 1037 1984 ax

38 2005 103 2122 {autfini
124 2005 155 2058 ds
175 2005 370 2128 pransfflpt.tin
390 2005 465 2130 ὃτςὶοὲ
486 2003 597 2088 quidam
616 2002 1035 2128 quggrimgrqgre'olnsarrffitilam

40 2079 331 2214 mnsssribgrffowgp
339 2089 391 2202 135.
404 2091 449 2202 oirt
464 2080 556 2130 emo
571 2088 639 2130 sm·
683 2089 725 2139 ’a'
753 2113 760 2136 ⁹
791 2087 849 2128 m
862 2112 870 2127 ⁹
881 2072 935 2140 sog
992 2085 1033 2127 ⁰⁰·
