2432 4078
543 137 701 196 ,330-

104 265 258 324 causantur,
270 273 332 326 qun
349 264 479 326 annania
490 273 624 314 summani
636 263 774 314 matorum
793 275 937 318 turcorum
951 264 1053 322 (166661.
1063 277 1125 330 quo

105 329 207 382 libellis
229 331 382 396 octuaginta
401 331 507 384 circiter
521 336 635 384 moneto
657 337 758 386 nostra
779 335 948 401 respondent.
962 335 1058 400 opera
1075 335 1124 386 do·
1164 357 1166 362 ·

107 415 191 462 mum,
202 415 263 468 quaa
277 403 437 468 araligiosis
446 417 496 470 pro
510 403 571 455 eliis
586 403 661 474 liunt,
675 405 715 454 uti
731 411 773 456 est
786 410 942 456 ornamento
956 405 1050 456 altaris
1062 419 1125 456 con·

105 475 195 531 llaoro.
214 485 265 524 ocu
283 474 404 539 pingere,
426 480 454 526 et
476 475 585 533 similla,
600 475 651 526 sub
666 475 761 526 eadem
778 475 838 540 lege
859 475 968 536 cadunt,
994 479 1126 542 quatenus

104 545 303 612 permittantur,
317 545 341 596 si
354 546 468 611 exiguae,
483 553 510 596 et
524 545 727 610 prohibeantur,
744 545 768 597 ai
782 559 886 610 magnac
910 547 975 610 aiut,
991 549 1056 613 quia
1068 559 1127 598 mo-

104 615 255 668 nasterium
273 616 354 668 etiotn
372 617 408 668 ad
431 616 630 682 Religiosorurn
649 631 747 682 opums
757 619 804 682 jos
817 617 907 670 habat
924 620 949 670 A
961 618 1082 670 Mostazo
1096 617 1129 670 do

106 699 180 738 caus.
196 687 232 752 pl.
244 691 307 738 torn
321 686 346 747 t,
360 687 378 738 l.
394 687 419 746 6.
429 701 452 740 6.
467 688 492 748 7,
507 701 531 740 a.
546 702 573 740 n.
591 687 631 742 65.
642 715 670 728 -
685 687 784 754 (5)(111.
798 687 995 756 bulNunora
1013 686 1130 756 donare·

106 757 214 826 aniona
226 758 331 812 Urbani
345 757 419 812 VIII.

144 947 207 1004 662.
228 948 272 1006 lix
282 945 350 1022 jure
367 944 513 1006 canonico
526 945 637 1008 nedum
650 944 818 1022 praescntic,
834 945 887 1006 scd
905 951 936 1006 et
951 946 1064 1019 futtuo,
1082 962 1130 1008 nc·

110 1033 183 1096 dum
196 1034 227 1094 in
241 1031 350 1112 speeie,
365 1034 418 1094 sed
432 1041 462 1094 et
473 1034 573 1095 omnio
584 1035 664 1094 bona
677 1034 801 1112 alicujus
814 1034 994 1110 6666666616
1007 1051 1130 1112 genero,

112 1123 344 1198 1166166116,661
369 1137 467 1184 causae
492 1121 549 1199 piae
575 1130 701 1199 possunt
727 1122 832 1182 donari
858 1128 909 1196 (l).
941 1122 1131 1184 innocentius

112 1212 373 1288 enirnlll,npe1te
390 1212 562 1286 declaravit,
579 1211 699 1272 cuilibet
717 1210 806 1272 licere
823 1228 853 1271 sa
869 1219 896 1270 at
910 1229 967 1272 aaa
986 1219 1135 1272 66666616-

113 1302 170 1372 rto,
186 1301 231 1362 uel
251 1299 382 1360 66616616
399 1301 503 1376 offerre
517 1305 574 1374 (t),
589 1307 618 1360 et
632 1305 787 1376 Fagnanus
802 1300 844 1362 ¹ad
857 1315 923 1360 rem
935 1299 1088 1374 observat,
1102 1300 1135 1360 li-

115 1389 290 1452 cerealium
303 1388 494 1462 monasterio,
515 1390 564 1449 vel
579 1384 718 1450 Ecclesiae
733 1390 841 1450 offerre
861 1389 963 1448 omnia
976 1388 1136 1462 bonaoua,

116 1479 160 1538 ila
174 1485 201 1538 et
213 1495 271 1538 sua
286 1478 349 1537 siae
363 1494 393 1538 ac
408 1481 459 1547 (3).
476 1483 526 1538 llae
541 1477 662 1554 quidem
679 1476 866 1552 donationes,
881 1483 914 1538 ut
927 1477 1016 1538 docet
1026 1514 1028 1519 ,
1037 1481 1137 1558 lingui,

116 1583 156 1626 ex
171 1566 238 1642 juro
253 1571 367 1625 noturae
382 1573 412 1625 et
439 1565 573 1641 gentium
585 1565 689 1625 validae
704 1572 783 1640 sunt,
798 1583 856 1626 nec
874 1575 1001 1642 possunt
1024 1585 1081 1644 per
1095 1569 1140 1644 jus

118 1655 204 1716 civile
214 1652 245 1714 in
259 1653 398 1714 aeclesia
409 1653 613 1732 praejudicium
629 1655 738 1716 irritari
752 1659 806 1728 (l);
822 1655 854 1716 in
868 1655 1028 1716 donatione
1044 1663 1141 1718 turum

119 1742 254 1804 omnium
270 1743 420 1804 bonorum
438 1743 581 1817 Ecclesia,
608 1745 655 1804 vel
675 1744 831 1820 usucapio
850 1745 988 1810 donatori
1005 1745 1142 1806 admenta

120 1838 272 1908 prestare,
288 1842 319 1892 et
343 1831 409 1906 ejus
433 1830 631 1894 creditoribus
656 1831 696 1892 ob
724 1831 824 1894 debita
850 1840 1006 1894 contracto
1027 1834 1141 1894 satista-

121 1935 190 1982 ocre
217 1925 333 1980 leuetur
347 1924 399 1994 (6).

152 2086 188 2152 (1)
202 2085 266 2139 con.
280 2085 305 2144 8.
320 2100 343 2140 c.
361 2086 398 2146 19,
412 2099 438 2153 q.
455 2085 551 2140 61166
570 2086 615 2140 his
634 2087 825 2140 donationibus
845 2087 961 2141 ecclesia
983 2087 1141 2154 parochialis

120 2161 210 2226 potest
222 2157 377 2210 canonicam
391 2158 541 2224 portionem
554 2158 732 2223 pretendere,
746 2159 800 2212 nisi
809 2159 917 2212 donatio
929 2159 1052 2212 omnium
1064 2160 1141 2212 bono·

122 2244 182 2284 rum
196 2230 358 2282 monasterio
377 2229 448 2280 lactu
461 2233 628 2296 proponetur
635 2231 662 2281 ln
676 2231 846 2296 aegritudine,
859 2245 891 2284 ex
912 2245 966 2298 qua
978 2231 1092 2283 donator
1103 2229 1141 2282 de

124 2301 248 2355 cessarit.
275 2301 341 2366 Cap.
363 2299 423 2354 lde
441 2301 539 2365 sepult.
555 2327 586 2339 -
599 2301 636 2364 (i)
656 2302 721 2366 Gap.
741 2299 812 2364 3,(16
827 2316 932 2354 succos.
955 2303 991 2353 ab
1017 2303 1104 2354 intest
1118 2303 1143 2352 et

123 2386 182 2438 cup.
197 2374 222 2437 8,
237 2372 270 2424 de
285 2372 390 2438 probat.
405 2399 435 2410 -
449 2372 484 2436 (3)
498 2371 541 2424 nd
555 2373 600 2424 cit.
616 2387 674 2438 cop.
690 2374 714 2436 8,
728 2387 756 2423 n.
777 2373 800 2424 6.
816 2399 847 2410 -
864 2372 900 2437 (i)
918 2373 957 2424 lle
976 2373 1068 2425 donat.
1080 2387 1105 2424 n.
1119 2371 1140 2433 8,

123 2445 151 2496 in
166 2444 210 2496 lln.
227 2444 282 2496 Noc
296 2444 394 2501 obstat.
408 2447 438 2495 ut
452 2445 523 2495 idem
533 2444 714 2510 prosequitur,
728 2443 800 2508 quod
814 2443 920 2496 donatio
934 2445 1054 2496 omnium
1063 2444 1140 2496 boua-

125 2529 186 2568 rum
200 2515 305 2568 unierat
317 2513 433 2566 testandi
448 2515 613 2575 facultatem,
631 2514 696 2581 quia
715 2519 907 2566 testamentum
929 2515 1028 2576 lacere,
1041 2515 1081 2566 vel
1094 2526 1142 2564 non

124 2587 213 2640 lacere
227 2587 324 2654 cuique
339 2586 512 2638 arbitrarium
535 2591 593 2645 est3
609 2599 640 2635 ua
665 2588 809 2652 propterea
830 2585 877 2650 qui
893 2584 940 2636 illa
959 2585 1083 2638 facultate
1093 2597 1140 2634 non

123 2659 217 2719 utitur,
233 2671 288 2710 non
303 2659 405 2723 patitur
418 2657 578 2723 injuriosam
589 2657 708 2708 testandi
722 2655 921 2720 inhibitionem,
938 2657 972 2708 ds
986 2671 1041 2722 qua
1062 2655 1140 2707 solum

58 2723 60 2730 ’
112 2728 300 2794 'intelligenda
318 2734 361 2780 est
381 2729 506 2793 objectio,
522 2741 584 2780 cum
607 2728 706 2778 volenti
723 2741 777 2778 uon
793 2727 840 2780 ilat
857 2728 968 2792 injuria,
989 2733 1017 2779 et
1037 2725 1141 2792 qidlibot

118 2801 175 2865 juri
191 2813 240 2852 suo
255 2799 414 2852 renunciare
423 2799 520 2852 valeat.
536 2826 567 2836 -
579 2799 614 2864 (5)
630 2797 767 2864 Zallluger
781 2798 815 2852 de
828 2798 921 2851 donat.
934 2799 946 2864 ξ
961 2798 1020 2850 257.

161 2985 223 3042 663.
244 2985 345 3042 causae
363 3000 381 3042 a
400 2984 467 3060 lege
490 2984 633 3060 probatae,
650 2983 689 3042 ob
711 2983 881 3060 quaefacta
905 2981 1028 3043 donatio
1050 2983 1139 3058 potest

124 3068 259 3132 revocari
293 3077 362 3131 sunt
389 3079 557 3147 sequentes.
588 3079 620 3132 l·
651 3071 834 3147 ingratitudo
870 3071 1018 3136 donatarii
1046 3081 1140 3130 contra

123 3161 310 3230 donatorem,
326 3177 393 3236 quae
413 3159 456 3220 sic
470 3160 647 3222 describitur
661 3179 680 3220 6
696 3160 837 3237 Gregorio
858 3165 913 3221 lli:
939 3161 1063 3236 Propter
1082 3158 1138 3234 ajat

124 3249 386 3326 inuratdudiucna,
408 3249 442 3309 ln
468 3267 554 3326 quem
580 3249 740 3310 liberalitas
770 3257 811 3309 ast
845 3249 974 3321 6611616,
997 3244 1139 3308 duamur

123 3355 250 3416 persona
263 3338 407 3414 (16619666
420 3339 497 3414 luris
511 3355 578 3398 earn
590 3340 685 3414 potuit
698 3355 833 3398 revocare
846 3359 856 3398 :
871 3339 898 3398 ai
908 3340 987 3413 forta
1000 3339 1034 3397 in
1050 3337 1138 3414 16666

108 3429 232 3505 virnptas
250 3445 359 3488 awaus
380 3429 509 3504 inJ'eccrlt
523 3445 530 3500 ;
545 3436 599 3488 aut
619 3429 674 3487 sibi
688 3435 798 3488 atroces
819 3426 963 3502 injurias,
986 3443 1039 3486 sea
1057 3437 1136 3501 arcae

124 3534 228 3577 raram
250 3533 377 3578 suarum
401 3518 565 3592 66666616,
586 3515 631 3578 vel
655 3516 720 3578 vita
739 3516 908 3594 pernotum
933 3516 1045 3594 inferre
1065 3527 1133 3591 prc-
