2432 4078
168 336 307 398 bentibus
316 336 486 412 paciscitur,
498 343 542 411 ut
558 338 655 415 pretio
666 339 743 398 intra
754 345 869 400 certum
881 344 997 416 tempus
1010 339 1165 411 musoluto,

170 441 219 485 ree
230 434 347 485 maneat
360 425 498 502 inempta.
520 426 631 487 Dicitur
647 427 862 502 commissoris,
883 429 932 488 vel
946 423 1207 497 commissorium,

171 514 242 590 quin
266 513 291 574 si
315 523 432 592 emptor
457 515 585 592 pretium
610 535 671 576 non
703 517 840 590 solverit,
866 518 1021 578 committit
1045 515 1207 630 blegent

172 609 353 677 contractus
369 605 426 664 hoo
440 613 485 665 est
500 623 539 665 ex
558 613 712 682 partesue
730 605 893 682 delinquit
886 624 916 666 m
935 607 1040 682 legem,
1061 606 1096 664 ita
1107 613 1134 664 ut
1145 585 1207 672 ini

172 692 293 753 arbitrio
308 700 399 753 restet
413 693 614 768 venditoris,
607 709 637 752 1n
660 695 744 769 cujus
770 696 917 755 favorem
924 703 1043 770 pactmn
1058 691 1207 752 introdu-
1206 699 1207 778 l

174 787 256 842 ctum
269 781 332 858 luit,
347 799 412 842 rem
425 790 560 860 repetem
575 800 642 843 cum
655 783 792 843 omnibus
804 783 961 858 fructibus,
976 791 1005 844 et
1019 781 1207 843 accessioni-

172 869 239 944 bus,
253 873 301 932 vel
312 871 441 948 pretium
450 872 502 932 rei.
518 877 550 932 ln
564 872 734 932 venditione
748 872 805 932 hoc
819 879 945 948 pactum
960 879 1006 934 est
1015 873 1123 946 licitum,
1134 876 1169 930 ut·

175 966 247 1035 pote
261 961 342 1038 quod
356 961 523 1022 contractui
537 962 667 1040 quodam
681 961 771 1022 modo
784 959 860 1022 inest
873 967 923 1036 (l).

206 1149 243 1218 (l)
256 1149 344 1202 Aliter
360 1149 462 1204 obtinet
471 1150 499 1202 in
513 1150 633 1218 pignore,
649 1153 678 1204 ut
692 1150 764 1202 intro
773 1164 822 1203 suo
835 1149 893 1202 loco
902 1149 1064 1204 ridebimus.

210 1385 275 1442 629.
290 1385 412 1442 Pactum
426 1379 553 1456 denique
565 1379 721 1440 additionis
734 1381 765 1440 in
775 1379 854 1441 diem
868 1386 914 1441 est
924 1379 1008 1454 illud,
1022 1395 1079 1456 quo
1092 1393 1175 1436 acon-

176 1471 362 1532 trahentibus
374 1470 543 1547 paciscitur,
558 1476 591 1529 ut
605 1469 753 1530 venditori
765 1470 853 1529 liceat
866 1485 931 1530 rem
950 1469 1099 1528 venditam
1111 1463 1175 1525 alteri

176 1559 317 1632 vendere,
333 1557 384 1635 qui
397 1557 474 1618 intra
487 1565 602 1618 certum
613 1563 731 1634 tempus
743 1559 896 1618 meliorem
911 1557 1108 1618 conditionem
1120 1555 1175 1614 olse-

176 1655 240 1721 rat,
268 1647 294 1707 si
317 1647 452 1707 eamdem
478 1648 678 1707 conditionem
700 1647 763 1724 ipse
790 1655 907 1724 emptor
932 1649 1042 1707 offerre
1068 1649 1174 1706 recuset.

176 1736 289 1796 llicitur
304 1741 424 1812 pactum
438 1733 596 1795 additionis
610 1735 640 1795 in
653 1736 742 1811 diem,
769 1737 838 1812 quia
859 1753 910 1796 res
928 1736 1048 1796 vendita
1067 1732 1179 1808 adjidtur

176 1825 303 1901 emptori
316 1825 347 1887 in
361 1825 449 1897 diem,
464 1824 523 1884 hoc
537 1833 584 1885 est
600 1842 695 1902 usque
709 1826 806 1885 donec
823 1826 909 1885 alteri
923 1827 992 1902 plus
1006 1821 1132 1885 offerenti
1143 1837 1179 1879 se·
1206 1827 1207 1878 ξ

177 1914 310 1975 cundum
329 1921 450 1990 pactum
472 1914 631 1988 vendetur3
656 1916 758 1992 elapso
778 1931 850 1975 vero
872 1922 1010 1990 tempore
1033 1919 1144 1983 statuto,
1159 1915 1181 1968 et
1206 1907 1207 1992 l

176 2005 259 2064 nulla
278 2003 357 2062 iacta
380 2019 459 2062 nova
479 2004 659 2076 venditione,
679 2022 729 2064 res
753 2011 909 2091 perpetuo,
924 2010 954 2063 et
969 2000 1207 2064 irrevocabiliter

177 2091 305 2168 emptori
322 2091 502 2165 attribuitnr3
526 2093 578 2152 sed
593 2093 741 2196 pendente
763 2086 940 2152 additione
933 2109 964 2152 m
984 2092 1067 2152 diem
1086 2094 1207 2186 emptor

177 2181 384 2242 consideratur
394 2181 438 2240 rei
451 2181 599 2254 dominus,
614 2189 644 2241 et
658 2183 722 2257 ejus
735 2179 860 2258 percipit
871 2182 997 2254 fmctus‚
1015 2197 1091 2257 quos
1102 2139 1207 2238 umen

146 2281 149 2289 ·
176 2269 334 2331 restituere
345 2274 473 2344 tenetur,
488 2269 513 2329 si
528 2270 638 2346 emptio
651 2269 803 2329 bonafide
816 2271 994 2330 resolvatur.

212 2361 275 2418 630.
292 2358 446 2418 Secundus
459 2363 629 2418 contractus
639 2359 844 2418 consensualis
858 2365 904 2419 est
911 2359 1023 2419 locatio
1034 2354 1183 2424 conductio,

177 2465 245 2525 quae
259 2446 397 2524 proxime
410 2452 455 2506 est
476 2446 619 2524 emptioni
637 2447 809 2522 venditioni,
828 2453 858 2508 et
884 2448 997 2507 eisdem
1020 2447 1112 2507 terme
1128 2441 1185 2522 juris

177 2537 287 2614 regulis
308 2536 429 2612 regitur.
449 2536 590 2596 Definitur
615 2544 723 2610 autem,
755 2545 921 2598 contractus
944 2532 1187 2597 eonsensuelbde

179 2642 239 2688 usu
255 2626 299 2686 rei
317 2627 357 2686 ad
370 2632 483 2684 certum
505 2631 627 2702 tempus,
652 2635 706 2686 eut
725 2627 759 2686 de
779 2643 867 2703 opere
890 2626 1034 2686 illiberali
1050 2642 1104 2702 pro
1125 2629 1187 2682 certe
1206 2615 1207 2648 ³

180 2715 310 2776 mercede
329 2714 506 2790 prestanda.
536 2713 609 2774 lline
632 2715 692 2774 duo
717 2721 786 2774 sunt
806 2721 914 2791 praeter
933 2730 1117 2775 eonsensum
1139 2712 1189 2786 ejus

178 2802 403 2864 substantialia:
424 2801 552 2878 primum
563 2801 700 2863 videlicet
712 2821 785 2863 usus
798 2803 842 2862 rei
851 2805 908 2863 «vel
929 2819 1036 2878 opera,
1053 2810 1083 2863 et
1098 2797 1188 2861 deinde

179 2908 306 2953 merces.
323 2891 454 2952 Primum
467 2891 668 2964 substantiale,
678 2891 709 2951 id
723 2898 768 2952 est
780 2908 852 2952 usus
865 2890 909 2950 rei
927 2891 1116 2952 demonstrat
1128 2903 1189 2966 prae·

179 2979 298 3056 cipuem
319 2979 513 3039 differentiam
534 2980 611 3040 inter
629 2980 832 3040 venditionem
855 2987 885 3040 et
908 2979 1113 3040 locationem:
1135 2989 1190 3034 nem

77 3098 79 3104 ·
178 3069 209 3128 in
227 3068 275 3127 illa
288 3065 331 3126 rei
346 3067 520 3143 dominium,
536 3075 566 3128 et
579 3068 609 3127 in
622 3069 679 3128 hac
695 3075 812 3128 mutum
823 3068 866 3128 rei
883 3085 957 3128 usus
970 3069 1159 3138 transfertur3
1169 3067 1191 3122 et

178 3162 337 3236 propterea
356 3157 459 3230 multe,
475 3173 541 3234 quae
559 3158 647 3218 vendi
661 3175 721 3218 non
741 3165 875 3236 possunt,
895 3165 1026 3235 possunt
1050 3156 1148 3228 locari,
1166 3157 1191 3209 ut

180 3253 249 3308 sunt
262 3263 312 3306 res
325 3244 473 3320 Ecclesiae,
488 3253 518 3306 et
543 3246 678 3322 civitatis,
704 3253 734 3308 et
753 3249 857 3322 multa,
878 3265 945 3324 quae
959 3253 1092 3325 possunt
1107 3239 1191 3314 vendi,

179 3353 239 3396 non
254 3342 379 3413 possunt
391 3335 494 3406 locari,
510 3341 544 3394 ut
552 3344 621 3396 sunt
629 3353 678 3396 res
690 3335 859 3412 fungibiles,
874 3353 941 3412 quae
952 3353 1010 3396 usu
1023 3349 1192 3396 consumun-

181 3432 238 3486 tur.
259 3429 403 3484 Caetemm
417 3439 522 3482 omnes
536 3441 596 3496 res,
613 3441 678 3500 quae
698 3424 728 3483 in
752 3424 906 3484 hominum
919 3425 1106 3484 commercio
1126 3424 1192 3489 sunt,

128 3521 131 3527 '
181 3531 307 3590 quaeque
325 3527 414 3572 usum
431 3513 564 3588 praebent
586 3513 740 3588 temporali
757 3513 890 3574 mercedi
905 3513 1125 3586 aestimabilem,
1145 3510 1194 3569 sire

148 3603 151 3614 “
181 3601 317 3676 mobiles,
347 3601 410 3661 sive
429 3599 606 3677 immobiles,
630 3601 769 3678 proprie,
798 3607 829 3664 et
853 3601 1097 3678 nsuunctuoriae,
1116 3599 1194 3660 inno
