2410 4068
488 620 694 702 TITULUS
734 618 845 700 XVII.

407 877 444 924 ΒΕ
461 877 642 936 00444Ἡο44Ε,
661 877 696 922 E'l'
713 875 920 924 Immemores.

147 1055 379 1112 enutriuntur.
395 1058 490 1112 collatio
505 1057 677 1119 4444444444,
693 1061 717 1110 et
735 1071 786 1122 que
806 1057 837 1110 al
859 1071 909 1110 eam
927 1057 1086 1124 perficiendam
1097 1058 1170 1122 requi·

178 1129 274 1182 rantur?
290 1130 384 1183 -l88.
403 1130 492 1182 Primus
508 1130 603 1182 collator
611 1135 647 1182 esi
660 1129 731 1194 Papa,
744 1130 782 1194 qui
795 1129 867 1180 tribus
880 1129 955 1181 medis
968 1129 1064 1182 conteri.
1074 1158 1102 1166 -
1113 1129 1170 1180 489.

177 1199 307 1267 Episcopus
315 1201 486 1254 estorriinarius
499 1201 592 1252 collator
602 1201 765 1252 beneficiorum
777 1214 825 1252 sua
838 1201 951 1252 dicereris.
965 1230 992 1238 -
1007 1201 1062 1252 490.
1072 1200 1169 1264 Capituh

180 1272 316 1324 cathedralia
329 1273 432 1339 quedam
452 1271 560 1324 44444444
574 1272 703 1322 conterunt.
717 1300 748 1308 -
764 1272 819 1322 494.
834 1271 878 1330 Qui
897 1272 945 1322 sint
964 1271 1120 1322 beneficiorum
1132 1272 1169 1321 in-

178 1343 294 1408 capaces‘.i
303 1372 334 1382 -
346 1345 401 1394 lea.
414 1344 469 1404 Qua
486 1343 516 1394 ait
527 1342 600 1394 torma
612 1341 758 1394 collationis?
773 1371 796 1378 -
813 1342 867 1393 493.
884 1343 910 1392 44
921 1357 966 1407 que
980 1343 1087 1394 consistat
1098 1343 1171 1393 iornra

178 1427 302 1466 concursus
315 1415 345 1466 ad
369 1415 510 1479 parochiales
524 1412 656 1466 Ecclesiae?
667 1441 698 1450 -
714 1414 770 1464 494.
788 1413 814 1464 14
833 1427 945 1464 counrrau
965 1417 1013 1466 ires
1031 1415 1168 1480 requiruntur

177 1485 342 1538 examinatores
356 1485 485 1550 synodales.
503 1512 530 1522 -
550 1485 606 1536 495.
625 1485 669 1543 Qui
688 1484 794 1536 dicuntur
810 1484 978 1536 examinatores
996 1485 1129 1550 synodales?
1141 1513 1167 1522 -

178 1555 233 1606 496.
251 1555 306 1616 Qua
321 1557 367 1607 sint
380 1556 405 1607 in
417 1569 529 1608 concursu
543 1559 620 1622 partes
634 1555 762 1608 ordinarii?
777 1583 807 1594 -
828 1557 883 1606 497.
898 1555 1019 1614 Quomodo
1033 1571 1047 1606 a
1060 1556 1169 1608 decisione

177 1625 201 1678 in
216 1640 328 1680 concursu
340 1631 404 1694 capta
417 1628 482 1680 delur
493 1627 637 1692 appellatio?
651 1655 682 1666 -
702 1628 757 1679 498.
771 1629 807 1680 ho
821 1628 895 1679 torma
907 1641 1037 1686 concursus
1051 1629 1079 1678 sit
1091 1627 1166 1678 obser-

176 1699 250 1749 vanda
262 1698 287 1749 in
303 1699 415 1764 parochiis
424 1698 634 1764 jurispatronatus?
644 1726 675 1736 -
688 1698 743 1749 499.
756 1697 904 1758 Quandonam
918 1700 1074 1763 parochiarum
1083 1699 1167 1750 collatio

178 1768 248 1820 iihera
263 1770 294 1820 sil
311 1784 325 1820 a
339 1770 413 1821 torma
425 1769 568 1821 concursus?
577 1797 608 1808 -
620 1769 676 1821 500.
691 1769 736 1819 Per
750 1783 886 1822 concursum
899 1770 1043 1822 conterenda
1057 1773 1106 1822 sunt
1115 1783 1167 1834 pra·

177 1839 258 1892 4444444
271 1840 434 1903 Peniteartiarii‚
443 1844 465 1890 et
474 1840 584 1905 Theolessl
596 1840 743 1892 4444444444]
753 1841 923 1892 cathedralium.
937 1867 967 1878 —
979 1841 1036 1892 501.
1048 1840 1168 1905 Quotupler

177 1913 208 1964 sit
219 1911 330 1966 institutio
346 1912 371 1964 in
384 1910 516 1963 4444444444
529 1939 560 1950 -
571 1911 625 1964 502.
643 1911 762 1971 Quomodo
780 1911 845 1964 detur
858 1911 969 1964 instilqu
978 1909 1118 1978 corporalis?

180 2084 243 2139 487.
264 2079 386 2140 collatio
404 2077 527 2155 proprie
547 2079 626 2140 dicte
639 2079 789 2160 delinitur,
810 2080 950 2141 corconicc
962 2082 1102 2141 concessio
1124 2079 1165 2138 hc-

143 2168 241 2243 nepieia'
253 2168 386 2228 44444444
401 2168 437 2227 44
456 2167 578 2228 emeno
590 2175 763 2244 potestatem
778 2169 864 2228 libere
880 2172 971 2245 focio.
993 2169 1066 2228 ilinc
1079 2173 1164 2245 patei,

143 2256 182 2314 ab
205 2255 363 2328 electione,
387 2266 418 2316 et
440 2256 639 2334 postulatione
663 2257 852 2317 collationem
869 2258 1006 2318 differre:
1026 2275 1096 2318 nem
1115 2258 1165 2315 ilice

142 2345 219 2404 flunt
234 2361 251 2404 4
266 2344 445 2406 clericorum
460 2343 585 2420 collegio
604 2344 633 2404 in
653 2345 805 2404 beneficiis
819 2345 1000 2420 majorihua;
1020 2347 1085 2406 hacc
1100 2360 1164 2404 vero

87 2431 95 2450 ⁸
143 2434 174 2493 in
188 2433 341 2496 beneflciis
353 2433 519 2494 minorihus
539 2433 577 2492 eb
591 2433 680 2492 unico
693 2435 866 2493 4444444444
881 2433 974 2494 libere
999 2433 1165 2510 regulariter

141 2525 194 2597 flr;
210 2523 278 2585 licet
296 2525 476 2600 quandoque
495 2522 615 2582 collatio
629 2539 685 2598 pro
699 2521 855 2596 electione,
869 2521 929 2584 imo
943 2530 974 2586 et
989 2523 1166 2584 institutione

140 2612 302 2690 improprie
316 2613 488 2688 accipietur.
504 2611 570 2670 Tria
584 2611 621 2670 ed
635 2609 797 2686 legitimam
809 2611 1001 2672 collationem
1013 2611 1163 2688 requirun-

141 2708 200 2774 tur,
209 2717 336 2777 nempe:
352 2707 483 2776 poteslas
495 2698 525 2758 44
538 2699 722 2774 4444444444,
737 2699 887 2775 capacitas
898 2700 929 2760 44
941 2706 1124 2778 acceptante,
1138 2701 1163 2755 et

142 2791 286 2848 canonica
296 2789 462 2848 collationis
477 2789 581 2848 lomna.

176 2881 240 2935 488.
260 2877 377 2936 Primus
389 2875 533 2951 omnium,
547 2884 577 2937 cl
590 2877 747 2936 absolutus
760 2877 974 2938 beneficiorum
988 2879 1112 2938 collator
1123 2879 1163 2934 cst

139 2979 275 3023 summus
287 2963 433 3037 Pontifex,
446 2964 484 3024 ed
492 2967 577 3040 cujus
590 2964 729 3026 intuitum
740 2964 841 3025 omnia
856 2967 938 3025 orbis
949 2967 1092 3027 beneficia
1100 2967 1161 3023 4444

140 3051 299 3114 manualia.
326 3057 393 3128 lpse
406 3069 479 3113 vero
495 3070 534 3113 ex
555 3054 624 3130 jure
639 3055 791 3114 communi
804 3055 949 3115 herrelicie
966 3057 1082 3116 4444444
1097 3053 1162 3128 jore

67 3161 74 3172 ⁸
139 3141 354 3218 proventionis,
363 3159 537 3212 concursus,
548 3150 579 3202 el
587 3143 790 3204 derelictionis.
801 3149 870 3202 lure
881 3144 1091 3219 praeventionis
1099 3153 1160 3200 cum

141 3235 231 3290 certae
245 3245 383 3306 personae
404 3230 456 3290 det
475 3230 650 3292 mandalum
669 3231 703 3291 de
718 3231 906 3308 providendo,
921 3249 982 3309 qno
999 3231 1160 3292 interiorem

140 3319 318 3379 collatorem
329 3318 483 3394 praevenit,
498 3335 537 3379 ne
549 3318 751 3404 4444444444
759 3320 934 3380 mandatum
944 3321 1063 3381 habenti
1076 3319 1157 3377 bene-

138 3405 240 3467 ficium
259 3423 380 3480 recens,
405 3413 456 3467 444
476 3407 614 3483 proxime
637 3417 812 3469 vacaturum
839 3409 1071 3470 commotiore
1092 3417 1157 3464 eon·

139 3511 256 3574 cursus,
277 3511 348 3558 cum
360 3511 433 3558 rere
456 3495 521 3576 ipse
546 3495 683 3558 Pontifex
696 3497 825 3577 aliquem
837 3497 869 3560 in
882 3504 1008 3560 recente
1020 3487 1154 3559 beneflcio
