2432 4078
333 217 336 220 ,
441 167 616 226 ·-t·n-

54 291 97 359 tur,
109 292 135 346 et
153 287 219 364 ejus
233 301 352 364 sponsae
366 287 516 348 Ecclesia.
532 288 646 349 idcirco
659 303 771 350 norum
790 285 995 349 conditionem
1009 288 1056 348 in·

51 374 134 446 duunt,
147 391 206 452 per
219 391 310 450 quam
322 377 415 436 veluti
429 383 533 436 sancta
546 377 694 437 habentur
709 380 761 452 (1),
777 383 807 436 et
828 393 847 435 a
861 376 955 436 sacris
966 390 1057 436 cano·

51 462 328 539 rmuaappellantnr,
351 481 400 523 ror
421 465 585 538 dominica,
609 482 656 526 rer
681 463 984 535 &contramoliri
1003 467 1055 538 (9),

50 552 260 626 patrimonium,
278 553 415 628 promia,
430 560 457 612 et
470 553 636 613 substantia
656 553 776 626 Christi,
790 552 836 612 vet
848 552 991 627 Gracifioi
1004 555 1058 627 (3),

53 646 104 696 totu
115 639 259 715 fidetium,
272 641 369 715 pretio
382 649 578 716 peccatorum,
593 641 810 716 patrimonium
822 657 990 716 pauperiem
1004 645 1015 714 (
1035 646 1057 713 ),

52 732 105 800 etc,
119 745 186 803 quac
200 727 301 786 omnia
322 727 477 788 manifeste
495 728 711 802 demonstrant,
733 728 814 788 bona
836 725 976 788 Ecclesiae
998 743 1060 788 uon

51 830 102 874 ease
112 821 229 875 tantum
243 815 398 888 Ecclesiae,
409 822 553 892 quantum
564 815 668 876 Christi
680 822 751 876 sunt
764 819 816 888 (5).
829 820 922 888 Quam
936 816 974 874 ab
988 831 1060 874 cau·

50 918 109 978 sam,
122 903 175 980 qni
189 919 226 962 ea
237 904 345 976 aufert,
361 902 409 963 rel
428 904 556 978 mandat,
578 904 690 964 nedum
701 903 750 962 iur
763 909 819 976 cst,
845 901 871 962 si
884 909 1013 977 secreto,
1029 908 1060 962 et

49 999 147 1065 raptor,
160 992 187 1052 si
205 991 323 1067 publice
345 991 375 1050 id
399 991 497 1066 iaciat,
513 993 568 1052 sed
592 991 734 1052 continuo
748 997 779 1052 et
790 989 910 1051 rebellis
922 991 954 1050 in
967 995 1063 1051 iteum

50 1085 73 1138 ct
83 1079 250 1154 Ecclesiam,
265 1086 295 1139 et
309 1079 472 1156 sacrilegus
488 1085 540 1154 (6).

72 1243 101 1307 (1)
112 1242 268 1295 Boniiaclus
282 1244 358 1309 Papo
370 1244 384 1294 Ι
397 1244 425 1294 11
440 1257 498 1295 can.
510 1241 588 1296 Nulti
602 1243 716 1309 licenti,
730 1257 752 1295 1.
772 1242 811 1306 lt,
826 1255 852 1308 q.
867 1243 901 1302 ic
917 1241 964 1308 qui
979 1253 1065 1294 conon

49 1313 113 1365 aPio
135 1315 177 1366 Vl
194 1313 313 1365 allertur
336 1315 363 1365 in
387 1315 563 1380 responsione
587 1313 622 1366 ad
644 1313 787 1380 episcopos
807 1312 912 1379 Galliae,
934 1312 961 1364 l0
975 1313 1069 1364 martii

48 1383 106 1444 1191,
119 1389 151 1437 nt
161 1387 255 1436 ridere
269 1387 311 1436 cst
324 1386 397 1452 apud
410 1385 528 1436 Thainer
541 1385 646 1436 docum.
667 1386 738 1436 ined.
760 1391 823 1437 tom.
842 1387 863 1448 1,
873 1399 899 1435 n.
919 1382 956 1444 19,
966 1387 995 1436 et
1007 1384 1067 1438 haeo

49 1453 137 1508 labet:
152 1455 229 1508 Nulli
240 1455 318 1509 liceat
331 1456 468 1522 ipoorore,
483 1457 553 1522 quod
568 1469 654 1519 omne,
670 1458 741 1522 qtrod
752 1455 866 1510 uorntno
886 1458 1066 1518 conterretur,

48 1525 93 1578 tior
107 1527 192 1592 Μή(
207 1527 294 1588 homo,
308 1526 364 1579 siva
377 1527 491 1586 animat,
506 1527 562 1580 siut
576 1541 649 1592 uper,
663 1526 704 1579 vei
725 1525 859 1594 quidquid
880 1526 965 1591 suerit
987 1525 1068 1578 temet

49 1603 230 1657 ammarum,
244 1602 367 1651 scottum
390 1601 544 1650 sanctornm
568 1595 620 1652 etit
639 1595 762 1662 Domino,
778 1601 803 1652 et
824 1596 861 1650 cd
881 1599 929 1662 jot
950 1599 1067 1662 pertinet

49 1669 214 1722 sacerdotum.
230 1669 317 1731 Quod,
329 1671 361 1720 ut
373 1670 489 1734 explicat
501 1669 602 1720 ibidem
617 1669 722 1728 Glossa,
740 1669 839 1720 dicitur
854 1671 987 1730 sanctum,
1003 1669 1068 1733 quio

48 1737 167 1791 Ecclesiae
177 1740 343 1804 deputatum,
359 1743 524 1799 scortorum,
544 1741 629 1792 idest
645 1741 825 1802 secerdotum,
840 1744 920 1804 atque
941 1739 1066 1804 Domino,

49 1808 71 1858 id
86 1813 126 1862 est
137 1813 166 1862 in
182 1810 311 1862 honorem
326 1811 442 1862 Domini.
457 1811 524 1861 liceo
549 1816 704 1862 sanctarum
723 1825 822 1869 rerunt,
838 1817 865 1861 ot
887 1823 1067 1876 personarum

49 1882 158 1946 acceptio
173 1895 226 1932 nou
240 1881 334 1932 deerat
348 1882 421 1946 apud
434 1881 579 1945 Romanos,
591 1882 638 1948 qui
655 1885 748 1933 sancte
762 1882 899 1932 hebebant
911 1880 1013 1932 moenia
1031 1880 1069 1930 ci-

49 1951 139 2015 vitatis,
154 1955 181 2004 et
196 1958 303 2004 sanctos
316 1953 439 2003 tribunos
452 1952 551 2016 plebis,
562 1958 589 2004 et
602 1953 648 2016 qui
662 1953 706 2004 his
721 1953 763 2004 vel
778 1952 943 2004 levissimam
957 1951 1068 2001 fecisset

50 2020 176 2086 injuriam,
194 2023 292 2088 capitis
310 2023 403 2074 adibat
416 2023 575 2089 periculum.
594 2023 757 2074 Heineccius
769 2023 799 2074 in
813 2022 926 2074 Recital.
944 2022 962 2072 l.
976 2021 1001 2085 9,
1012 2027 1029 2072 t.
1045 2021 1068 2080 1,

49 2092 118 2154 itti.
134 2094 293 2158 -(9)011.
309 2095 388 2156 il,c.
406 2094 485 2159 191.
502 2095 523 2144 l.
546 2095 695 2146 Concilium
710 2095 805 2145 Nicon.
830 2094 865 2152 li,
891 2095 941 2145 act.
962 2093 987 2152 l,
1008 2105 1067 2144 can.

52 2163 83 2222 11,
97 2169 123 2216 et
134 2166 210 2216 Trid.
226 2177 293 2216 sess.
309 2165 349 2216 25.
364 2179 389 2216 c.
404 2165 428 2224 l,
443 2166 477 2216 sle
491 2165 540 2216 ref.
557 2191 585 2202 -
598 2165 635 2229 (3)
648 2165 715 2230 Cap.
734 2165 772 2226 16,
787 2165 820 2216 de
834 2163 973 2230 praebend.
989 2191 1020 2201 -
1033 2163 1069 2228 (3)

52 2233 105 2284 Can.
117 2237 156 2296 59,
170 2250 194 2287 c.
212 2235 250 2298 16,
267 2249 292 2300 q.
310 2235 332 2286 1.
347 2263 377 2274 -
391 2236 427 2300 (5)
440 2236 509 2298 Quia
522 2239 550 2284 ut
570 2235 719 2286 docuerunt
731 2236 824 2286 Petras
838 2235 946 2286 concilii
960 2234 1069 2285 Trosle·
1080 2237 1085 2243 ”

49 2304 99 2367 jani
111 2307 138 2357 in
148 2306 239 2358 Gallia
251 2319 321 2357 anno
335 2306 390 2365 909,
404 2307 432 2356 in
447 2320 505 2357 can.
524 2307 539 2356 l
553 2322 559 2356 ε
574 2303 705 2368 Christro,
720 2309 744 2358 et
759 2305 817 2370 eius
831 2303 946 2358 Bodetia
962 2317 1019 2356 unu
1032 2306 1070 2356 est

50 2388 165 2440 perrona,
180 2379 205 2430 et
228 2391 398 2444 quaeautque
423 2374 545 2430 Ecctnte
567 2381 639 2437 suat.
666 2375 767 2430 Christi
790 2374 902 2429 11111.-
928 2376 964 2440 (6)
984 2376 1070 2426 Immo

50 2446 374 2507 praecantatorum
389 2462 447 2500 cen.
466 2450 491 2511 6,
512 2463 535 2500 c.
563 2449 600 2510 tt,
616 2462 642 2513 q.
665 2449 699 2502 2.·
714 2447 765 2512 Qut
779 2445 882 2498 Christi
893 2445 1031 2512 pecunias,
1045 2447 1070 2498 et

52 2513 161 2571 imeae
173 2518 261 2584 rapit,
276 2518 379 2584 aufert,
394 2518 434 2570 rel
448 2517 573 2584 fraudat,
595 2517 731 2570 homicida
750 2521 797 2576 cst,
812 2517 885 2582 quia,
899 2520 930 2567 ut
945 2515 1069 2580 explicat.

54 2585 146 2653 illoesa,
157 2589 238 2654 patri,
254 2591 281 2640 et
293 2589 374 2640 matri
389 2603 446 2640 suae
464 2589 564 2653 injuste
581 2589 708 2640 elimenta
727 2586 862 2638 subtrahit
880 2607 887 2636 ι
907 2585 980 2637 unde
992 2589 1071 2649 Juxta

54 2659 168 2724 antiquos
185 2671 302 2711 canones
318 2660 346 2709 in
359 2659 552 2724 quadruplum,
566 2659 608 2710 rel
629 2659 657 2709 in
679 2657 825 2724 declupunr
848 2656 996 2722 sacrilegus
1020 2656 1071 2708 iste

53 2729 197 2794 puniendus
210 2735 276 2783 erat.
292 2730 357 2782 Can.
376 2731 390 2781 'l
406 2731 522 2790 et10,c.
539 2728 577 2794 lt,
594 2744 619 2796 q.
634 2731 658 2782 i.

87 2918 143 2976 itt.
162 2921 215 2975 tus
229 2915 362 2976 ecclcsiae
375 2916 414 2976 ed
428 2932 483 2976 sua
496 2913 673 2992 temporalia
684 2914 764 2974 hona
776 2913 1002 2989 comprehendit
1011 2928 1073 2974 om·

56 3001 97 3060 nia
116 3003 236 3065 mobilia
259 3011 291 3064 et
310 3004 482 3078 immobilia,
500 3005 577 3079 iura,
599 3009 629 3062 et
647 3003 791 3076 actiones,
811 3017 879 3078 quae
896 3000 927 3060 in
940 2999 1074 3068 Ecclesia

55 3099 128 3165 sunl,
150 3099 180 3153 et
201 3092 312 3169 aliquid
336 3091 509 3170 temporalis
530 3091 664 3152 utilitatis
687 3091 815 3164 habent3
841 3091 895 3150 scd
915 3090 1023 3166 primo,
1043 3097 1074 3147 et

56 3179 249 3258 principaliter
270 3181 351 3241 hona
372 3180 512 3241 Ecclesia
535 3185 685 3252 llornanoe,
706 3179 803 3240 sancti
827 3179 905 3239 Petri
928 3176 1070 3254 patrimo-

57 3265 142 3342 nium,
163 3287 199 3330 ac
219 3272 413 3346 temporalem
431 3269 539 3330 summi
556 3268 707 3332 Pontificis
719 3269 918 3345 principatum
933 3279 1071 3339 compre-

57 3351 150 3426 hcndit
165 3376 172 3415 :
187 3373 258 3417 narn
274 3359 333 3433 J'us,
350 3357 431 3434 quod
453 3356 483 3415 in
503 3357 643 3418 Ecclesis
660 3357 826 3418 minoribus
838 3356 1026 3424 observatur,
1040 3348 1071 3408 in

59 3443 178 3504 Ecclesia
186 3449 318 3506 Romana
329 3445 463 3506 omnium
475 3451 581 3520 matre,
592 3451 622 3505 ct
632 3446 774 3521 magistra
782 3453 830 3505 est
839 3441 1070 3513 observandum,

59 3530 122 3603 qun
138 3550 244 3609 parum
263 3535 421 3612 prodesset
440 3547 564 3598 serrare
578 3535 724 3610 membra,
744 3539 776 3596 at
793 3530 922 3610 perdere
936 3534 1038 3606 ceput,
1051 3545 1072 3588 a

161 3631 197 3684 il.
937 3628 967 3686 16
