2560 4080
519 164 681 228 *⁴0¹1-

94 287 241 356 puhlionis,
256 290 285 342 in
297 303 347 344 suo
363 289 460 344 robora
475 294 594 345 manant
619 289 790 358 pellegrinus
807 291 876 358 puri
897 289 923 352 t.
941 292 1006 345 soci.
1021 291 1048 358 8,
1060 291 1113 346 snb

95 362 153 416 nst
168 361 192 422 3,
205 360 252 414 int.
267 363 290 428 i,
302 377 330 414 n.
347 362 385 416 lt.
395 389 426 401 -
439 362 475 430 (i)
492 362 575 416 Glsm.
589 359 631 417 Aci
651 363 849 430 compescendos
864 362 898 417 ds
915 367 1034 430 ssqucst.
1048 377 1109 432 pos.

94 433 118 483 si
128 431 206 486 ituci
223 432 282 486 Bul.
299 431 381 487 Gordi
396 435 425 487 Β.
445 434 490 486 Pii
503 435 536 488 V.

38 628 42 634 ·
125 611 184 668 843.
204 608 336 686 nonique
357 609 565 683 observamus,
583 608 615 669 in
629 609 843 686 quaestionihus
856 595 1053 672 incidentibus
1065 628 1114 672 cx·

91 696 195 757 transis
207 695 368 760 videndum
380 714 458 772 csse,
470 704 572 758 uirum
587 707 778 775 poponantur
791 717 846 776 per
854 700 976 760 modum
991 700 1113 762 actionis

89 786 133 844 vel
145 803 198 862 per
210 789 333 849 modum
346 788 528 865 exceptionis.
544 787 573 848 si
588 788 668 850 enim
685 795 893 865 proponantur
913 804 968 865 par
987 790 1114 852 modum

90 873 219 951 actionis,
244 883 306 937 iam
326 877 450 955 quaesiio
471 877 655 954 principalis
679 894 770 954 qnam
793 876 928 940 incidens
944 876 973 937 in
990 879 1113 955 proprio

89 962 150 1023 loro
159 965 354 1027 examinanda
368 949 425 1042 ast,
444 966 513 1043 quia
526 967 623 1043 agitur
635 965 673 1027 do
685 965 768 1036 initio
783 982 891 1040 causae,
910 966 1024 1026 nonde
1039 983 1113 1028 con·

89 1049 204 1112 tinentia
225 1071 343 1140 osusaeg
362 1057 411 1130 jus
430 1061 530 1116 autem
548 1054 680 1132 requirit,
701 1062 734 1115 ui
752 1052 892 1132 quaslibet
910 1069 1001 1116 causa
1013 1054 1044 1114 in
1056 1071 1132 1116 suo¹
1226 1125 1230 1133 ,

87 1137 148 1199 loro
161 1151 359 1218 proponatur3
375 1144 482 1206 sivero
496 1151 703 1220 proponantur
713 1143 900 1221 posmodum
911 1143 1113 1220 exceptionis,

88 1230 147 1288 ium
159 1232 283 1306 quaesiio
296 1231 476 1309 principalis,
493 1238 556 1293 tum
568 1231 703 1293 mutiens
715 1232 746 1292 in
761 1233 868 1294 codem
878 1233 945 1293 iorn
960 1232 1114 1294 tractanda

88 1323 140 1391 cst,
161 1317 192 1377 in
212 1321 321 1381 eodem
341 1337 486 1397 processu
505 1319 673 1394 inserenda,
697 1338 734 1380 ac
748 1321 854 1382 eadam
874 1321 1021 1382 sententia
1040 1313 1128 1383 dell·¹

87 1403 199 1480 alenda,
212 1408 305 1470 modo
319 1410 358 1470 ad
373 1409 567 1487 exceptiones
584 1407 801 1486 peremptorias
820 1425 882 1473 non
900 1409 1057 1488 pertineat,
1074 1398 1114 1472 ds

88 1495 190 1570 quibus
203 1515 296 1578 supra
306 1499 369 1576 jam
382 1506 483 1560 actum
496 1506 542 1559 est
551 1502 602 1572 (i).

113 1660 145 1725 (l)
160 1663 345 1732 Inconcursu
368 1667 459 1717 sutsrn
472 1675 562 1716 causas
586 1663 675 1716 civilis
692 1667 720 1716 st
735 1665 885 1718 criminalis
899 1665 1046 1718 videndum
1060 1668 1110 1725 ssi,

85 1742 117 1782 an
129 1733 219 1800 aliqua
233 1737 269 1789 sit
283 1734 480 1802 praejudiclalis
495 1755 501 1786 ι
516 1743 580 1788 nam
604 1736 801 1803 pcaejudioislis
814 1736 890 1802 prius
903 1736 1044 1789 tractanda
1058 1739 1109 1794 ost.

86 1802 139 1856 sira
149 1806 184 1858 sit
196 1808 294 1867 ciuilis,
307 1807 364 1860 sivo
374 1807 410 1859 sit
424 1806 582 1861 criminalis.
608 1805 637 1857 Sl
649 1812 740 1860 autern
761 1809 838 1860 nulla
853 1809 889 1861 sit
907 1807 1111 1875 praejudicialis,

86 1873 124 1924 rol
144 1877 346 1945 praeparatorin,
361 1881 419 1930 tum
446 1875 595 1929 criminalis
610 1877 686 1941 prius
708 1879 850 1930 tractanda
868 1883 918 1939 ssi,
936 1877 1001 1948 quin
1026 1879 1111 1943 maio·

87 1943 122 1996 ris
132 1953 174 2000 ssi
187 1948 326 2002 momenti.
335 1947 525 2012 Nihilominus,
534 1947 603 1998 siitn
614 1947 746 2013 expedire
757 1949 1004 2014 judsxarbiirotnr,
1013 1953 1113 2000 utram·

87 2027 135 2080 qus
146 2033 257 2074 conum
273 2025 364 2087 potest
376 2033 431 2073 uno
440 2019 544 2084 judiolo
556 2016 709 2076 absolvere.
721 2021 817 2074 stnti
830 2019 850 2072 l.
869 2020 894 2085 t,
907 2027 926 2074 t.
941 2020 978 2083 ll,
992 2019 1005 2085 i
1018 2020 1033 2072 i
1047 2024 1073 2074 st
1087 2021 1111 2070 5·

983 2252 987 2260 ι

456 2509 660 2606 TITULUS
691 2522 739 2602 Il.

394 2789 431 2837 Ii!
450 2789 639 2838 GONGLUSIOIOE
655 2789 691 2835 1⁰1⁸
708 2787 802 2835 ciust.

87 2985 232 3042 Surculum!
243 3002 251 3041 r
261 2987 317 3040 tit.
326 2986 385 3047 Quid
399 2987 430 3040 sit
443 2987 562 3040 conclusio
585 2987 609 3039 iu
626 2989 751 3039 causal-
765 2987 820 3038 8t5.
831 2983 857 3036 in
870 2982 951 3050 numus
960 2983 1050 3052 judiciis
1058 2982 1122 3050 requi

112 3064 186 3122 ntur,
201 3064 225 3113 st
238 3060 353 3127 quomodo
363 3057 420 3110 inti
431 3086 462 3098 -
477 3059 535 3110 846.
553 3058 648 3120 Quando
669 3061 725 3129 post
737 3055 905 3109 concinionum
917 3055 942 3108 iu
955 3069 1023 3108 musa
1035 3054 1118 3122 proin·

112 3131 189 3185 muns
202 3131 276 3184 adhuc
291 3131 458 3183 riultiantnci
470 3158 499 3168 -
514 3130 571 3182 llil.
588 3129 643 3188 ilua
656 3127 785 3196 peragenda
797 3127 843 3179 sini
853 3130 906 3194 posi
916 3125 1118 3180 conclusiunculis

113 3216 192 3266 musa,
205 3206 229 3254 st
241 3200 357 3269 quomodo
368 3195 480 3256 uiuitis
489 3200 675 3267 proicmturi-
690 3191 745 3252 ili.
759 3198 824 3251 lutra
834 3197 895 3266 quod
904 3202 993 3265 unm·
1006 3195 1118 3250 misnia

113 3270 598 3342 posipmnunciaiioncuslipulrlicsnini
796 3265 801 3274 '

120 3471 185 3528 iii.
205 3473 275 3530 Post
287 3466 400 3528 edictas
414 3465 577 3540 cononum,
591 3469 622 3526 si
631 3463 844 3542 exceptionum
856 3441 1058 3541 probationes,
1068 3462 1118 3524 rcl

85 3563 155 3630 post
169 3557 306 3636 clapsum
321 3563 441 3634 tompus
456 3555 495 3617 ad
511 3553 702 3633 probandum
715 3568 902 3630 concessum,
919 3552 953 3614 nt
964 3551 1118 3616 conclusio
