2410 4068
562 115 721 173 -eri-

133 243 227 294 vatum
239 254 256 293 a
267 241 316 292 Pio
330 239 382 291 vn
403 238 431 290 iu
447 238 506 290 bul.
521 237 572 304 Oui
585 235 686 291 Christi
700 235 822 299 Domini,
838 239 866 288 et
877 236 906 288 iu
919 236 1083 290 concordata
1093 238 1150 289 anni

136 311 196 366 taor
208 312 277 365 inito
288 325 349 362 eum
364 310 468 361 Gallico
480 310 628 372 Guberuio,
640 309 668 359 in
679 323 744 374 quo,
756 308 895 359 veteribus
912 309 1076 372 suppressis,
1098 310 1155 360 novi

135 385 276 447 eriguntur
287 385 315 432 in
326 381 415 432 Gallia
428 383 617 448 episcopatus:
629 393 692 430 uam
704 381 732 430 iu
746 379 840 430 eodem
854 383 1015 433 revocantur
1028 380 1154 445 primitiva
1187 411 1188 436 2

134 457 199 521 jura
214 452 342 504 Ecclesiis
362 451 543 516 competentia
562 465 624 504 cum
644 450 804 518 privilegiis,
819 453 846 500 et
864 451 1052 516 prerogativis
1070 451 1154 515 cujus-

138 537 253 591 cumque
267 523 383 588 generis.

172 723 235 778 517.
256 717 423 792 Subieetiva
436 717 508 780 unio
526 719 702 794 appellatur,
721 733 791 778 eum
810 733 902 777 unum
922 716 1098 776 beneficium
1116 717 1153 775 al-

137 807 194 870 teri
212 807 367 883 subjicitur
376 807 418 866 ita
429 814 463 867 ut
474 805 562 884 primi
575 813 680 868 natura
695 813 837 880 mutetur,
857 807 968 882 fiatque
982 804 1099 866 alterius
1112 823 1154 865 ec-

139 896 312 966 cessoriuru,
320 903 353 954 ut
362 895 387 954 si
398 913 459 955 una
467 893 609 971 parocbia
620 913 657 955 ex
665 895 782 955 deiectu
794 893 873 954 dotis
885 893 969 954 alteri
978 895 1103 967 uniatur,
1111 900 1155 952 aut
1187 935 1188 938 ,

139 985 267 1061 dignitas
289 986 435 1062 dignitati.
465 991 527 1044 Hoc
547 1001 619 1044 casu
633 984 762 1059 primum
775 984 955 1044 beneficium
972 983 1056 1060 quusi
1069 983 1154 1042 extin-

139 1076 249 1152 guitur,
269 1091 306 1134 ac
328 1077 419 1135 veluti
445 1073 590 1150 praedium
609 1073 730 1133 alterius
750 1073 921 1148 principalis
937 1072 1155 1142 consideretur,

141 1166 227 1241 cujus
237 1171 382 1237 naturam,
395 1163 563 1240 qualitates,
575 1169 604 1222 et
616 1162 769 1240 privilegia
777 1161 971 1238 consequitur
981 1163 1053 1220 dum
1063 1160 1157 1220 amittit
1187 1159 1188 1166 ’

142 1271 188 1325 ee,
204 1269 270 1328 quae
284 1253 341 1312 sibi
354 1260 440 1312 erant
452 1253 582 1328 proprie.
598 1252 709 1311 {linesi
723 1251 901 1310 beneficium
915 1252 1054 1326 regulare
1066 1267 1153 1309 saecu·
1187 1273 1188 1284 ¹

143 1340 198 1400 lari
213 1341 307 1400 taliter
320 1341 449 1415 unietur,
459 1348 511 1400 aut
521 1339 648 1400 ecclesia
660 1346 799 1414 exempta
811 1355 873 1398 uon
886 1345 1044 1414 exemptae,
1053 1339 1156 1397 nullum

144 1429 286 1504 competit
310 1429 436 1504 amplius
459 1435 528 1505 post
548 1428 689 1488 unionem
712 1427 873 1502 religionis,
893 1434 944 1486 aut
969 1426 1155 1502 exemptionis

144 1515 340 1592 privilegium.
362 1517 435 1576 lllud
453 1524 552 1578 tamen
566 1524 612 1576 cst
625 1515 654 1575 in
671 1515 814 1576 similibus
827 1515 986 1576 unionibus
1006 1517 1155 1576 observes·
1187 1523 1188 1564 f

145 1606 226 1676 duur,
239 1605 321 1680 quod
334 1605 511 1680 generaliter
534 1605 624 1666 debet
641 1604 741 1664 miuus
762 1605 885 1680 dignum
900 1605 1077 1665 beneficium
1088 1601 1155 1662 uniri

144 1691 281 1768 digniori,
293 1699 323 1752 et
337 1693 418 1768 quod
429 1684 635 1769 specialitoriu
648 1693 790 1769 parocbia
802 1694 842 1752 ita
852 1695 935 1754 elteri
946 1695 1029 1754 unita
1041 1691 1156 1752 vicarius
1187 1713 1188 1718 ¹

145 1788 192 1842 est
205 1797 323 1858 semper
337 1781 572 1857 constituendus,
589 1781 640 1858 qui
655 1799 758 1844 curem
772 1782 936 1845 ammarum
952 1790 1036 1859 gerat
1050 1785 1097 1855 (i).
1187 1781 1188 1784 ’

176 1946 212 2010 (i)
226 1946 291 2012 Cep.
308 1945 347 2006 30.
361 1945 390 1998 iu
403 1947 450 1998 tiu.
463 1946 496 2000 de
512 1948 654 2014 praebend.

180 2163 243 2218 ste.
263 2163 355 2236 Eque
369 2159 540 2236 principalis
554 2160 625 2220 unio
648 2160 828 2236 appellatur,
849 2177 918 2221 cum
943 2160 1004 2220 duo
1029 2155 1158 2220 beneficia
1187 2167 1188 2176 ¹

146 2248 233 2308 simui
258 2255 487 2321 connectuntur,
509 2256 542 2309 ut
559 2249 684 2309 unicum
706 2257 886 2326 perpetuum
911 2249 1039 2309 debeant
1062 2248 1158 2308 habere
1187 2251 1188 2318 g

147 2343 306 2411 rectorem,
323 2340 405 2399 salve
415 2339 447 2398 in
460 2339 581 2414 reliquis
595 2339 709 2414 absque
723 2339 784 2397 ulia
798 2338 993 2410 confusionis,
1015 2343 1064 2396 eut
1075 2335 1159 2408 subis·
1187 2363 1188 2410 1

149 2425 256 2502 ctiprris
271 2429 372 2504 specie
394 2443 498 2488 eorum
512 2434 627 2488 natura.
653 2431 721 2487 Haec
736 2427 806 2486 unio
821 2429 897 2486 solet
910 2427 1021 2486 habore
1032 2427 1122 2486 locum
1133 2421 1158 2480 ir
1187 2419 1188 2422 ’

148 2517 302 2578 beneflciis
316 2517 488 2593 majoribus,
509 2533 578 2576 cum
605 2516 664 2576 duo
685 2533 734 2575 ex.
755 2533 800 2590 gr.
824 2506 1014 2591 episcopatus
1038 2515 1091 2574 sub
1109 2529 1157 2572 uuo
1187 2511 1188 2532 ³

149 2606 371 2666 constituuntur
385 2605 541 2680 Episcopo,
566 2610 617 2665 aut
640 2605 842 2681 episcopatus,
857 2615 887 2664 et
897 2605 1106 2664 monesterium
1119 2600 1158 2660 uoi

57 2762 62 2768 ¹
150 2694 330 2769 adjiciuntur
344 2695 500 2770 Episcopo,
517 2693 567 2769 qui
576 2693 614 2753 sit
628 2693 717 2752 simul
730 2691 905 2768 Episcopus,
917 2699 946 2752 et
957 2693 1063 2751 Abbes.
1073 2697 1158 2764 Quem·
1187 2691 1188 2762 i

152 2782 256 2841 obrem
277 2783 422 2840 beneficia
447 2789 515 2856 post
534 2781 704 2856 hujusmodi
727 2781 868 2840 unionem
886 2781 984 2840 adhuc
1002 2781 1033 2840 in
1054 2797 1084 2839 se
1098 2785 1157 2837 tem·
1187 2813 1188 2844 i

61 2877 63 2884 “
152 2885 241 2944 quam
251 2877 388 2944 seperate
400 2870 557 2942 habentur,
571 2869 785 2945 propriumque
793 2869 921 2940 titulum,
935 2870 1071 2944 gradum,
1080 2869 1158 2927 hono-

151 2955 226 3029 iem,
241 2955 405 3032 privilegis,
421 2959 663 3032 consuetudines
677 2964 708 3018 et
720 2957 833 3017 reditus
844 2963 974 3032 servent,
989 2965 1023 3018 ut
1036 2961 1158 3018 Doctores
1187 2965 1188 2968 ’

151 3043 351 3105 communiter
365 3045 508 3117 tradunt(
528 3052 549 3121 ).
645 3039 647 3046 ’
1100 3075 1101 3082 κ
1130 3076 1132 3080 1
1187 3039 1188 3064 ³

102 3239 106 3247 -
184 3209 219 3275 (t)
233 3207 291 3260 Hoc
313 3209 403 3261 evenit
424 3200 525 3264 nostris
546 3211 714 3277 temporibus
737 3211 766 3263 iu
790 3211 948 3276 episcopatu
966 3210 1104 3271 Naulcusi,
1122 3206 1157 3274 qul

153 3281 247 3334 unitus
260 3281 311 3332 tuit
325 3282 483 3336 savonensi.
551 3312 553 3316 -

187 3480 249 3538 519.
262 3481 304 3538 be
313 3475 483 3554 unionibus,
495 3493 561 3555 quae
570 3477 798 3544 uuntasummo
808 3478 961 3554 Pontiiioe,
970 3494 1033 3540 nou
1043 3477 1154 3556 agimus,
1187 3443 1188 3446 Ἴ
