2432 4078
473 171 581 227 —325
601 199 633 213 -

63 289 175 366 pontem
188 293 239 364 (l);
253 289 313 352 boc
325 305 398 351 vero
413 289 494 350 circa
506 307 571 352 rem
582 289 754 368 lungibilem
766 295 892 366 tentum,
907 299 937 354 et
951 309 1060 373 corpo.

60 383 154 446 niem:
169 382 232 444 illud
248 389 394 460 praeterea
407 383 451 442 rei
465 383 628 444 dominium
641 400 733 458 penes
747 385 986 448 commodantem
998 405 1062 450 ser·

61 479 108 550 rat,
121 485 172 536 ree
189 472 217 532 in
240 473 507 533 commodatarium
529 472 653 545 transit3
673 473 732 532 hoc
745 489 817 534 vero
831 473 875 534 rei
897 474 1062 540 dominium

59 559 81 618 iu
93 551 292 622 nitunturium
306 563 454 621 transfert.
471 565 595 638 Insuper
609 561 718 622 cumin
733 563 921 624 commodato
933 582 1006 626 usus
1018 567 1063 628 rei

59 649 246 724 ingramnus,
266 649 489 710 commodatum
510 649 608 710 differt
622 651 812 726 elocutione,
835 657 866 712 et
878 653 918 711 ab
936 655 1062 734 emphy-

57 741 126 810 teusi,
140 739 168 798 in
183 739 291 815 quibua
303 738 462 798 intervenit
472 754 599 811 mercen,
615 746 666 799 aut
677 755 785 800 canon.
801 745 842 800 dc
855 741 977 802 demum
991 761 1062 806 cum

57 828 259 888 commodatum
274 827 455 888 concedatur
468 829 507 887 ad
527 836 642 888 certum
659 835 788 904 tempus,
814 829 942 891 differta
956 849 1063 908 preca,-

55 912 99 988 n'c‚
120 917 198 992 quod
224 915 315 975 habet
334 916 444 989 locum,
469 931 538 974 cum
563 931 612 976 res
633 917 745 976 utenda
768 917 852 978 alicui
878 921 1063 998 conceditur,

53 1003 136 1064 donec
149 1003 326 1066 concedenti
339 1004 485 1080 placuerit
499 1007 540 1075 (2)
554 1022 560 1063 :
573 1003 643 1064 hino
657 1005 827 1080 precarium
839 1014 884 1067 est
899 1011 1064 1072 revocabile

52 1094 203 1156 adnutum
222 1091 433 1166 concedentis3
459 1093 681 1154 commodatum
700 1111 773 1154 vero
794 1102 864 1156 ante
882 1101 1009 1174 tempus,
1033 1107 1063 1162 et

51 1199 125 1242 usum
137 1183 337 1261 prestitutum
350 1181 526 1258 regulariter
536 1181 673 1242 revocari
685 1182 808 1259 nequit(
828 1189 849 1257 ).

73 1338 104 1404 (l)
117 1339 169 1392 lies
182 1341 289 1392 tuntum
297 1351 352 1388 non
365 1335 511 1402 sungibilcs
525 1337 689 1390 commodari
703 1342 832 1404 possunt3
851 1339 998 1406 sungibiles
1011 1355 1059 1396 ve·

51 1411 193 1478 inproprie
208 1407 373 1462 commodari
390 1422 444 1459 non
462 1415 584 1474 pessunt,
606 1409 671 1474 quia
688 1423 767 1460 usum
782 1423 836 1462 non
853 1415 992 1478 prestant,
1008 1415 1061 1466 nisi

48 1487 242 1534 consumentur.
263 1480 384 1532 Dicimus
401 1482 494 1530 tamen
516 1479 634 1545 proprie,
656 1480 721 1546 quic
735 1481 898 1548 quandoque
918 1483 1065 1550 improprie

46 1555 177 1606 resedam
197 1551 346 1616 lungibiles
369 1549 497 1601 dicuutur
517 1551 680 1603 commodari
695 1551 733 1603 nd
750 1565 887 1618 pompam,
901 1557 926 1607 et
946 1559 1064 1609 ostenta-

47 1622 145 1687 tionem,
161 1629 194 1676 ut
208 1625 232 1676 si
256 1621 299 1673 cui
313 1621 497 1673 commodetur
514 1622 616 1682 vinum,
631 1628 676 1673 eut
695 1624 820 1689 pecunia,
834 1627 865 1675 ut
879 1633 1010 1692 apparent
1024 1627 1065 1678 di-

44 1707 93 1758 ves,
105 1709 168 1748 cum
182 1707 267 1748 onere
282 1694 391 1745 eusdem
402 1706 445 1744 res
460 1694 488 1743 in
500 1694 589 1758 specie
599 1694 768 1746 restituendi.
784 1695 854 1746 Alte
875 1709 920 1748 ros
940 1698 1065 1764 mobiles,

44 1768 66 1815 et
76 1769 257 1826 semoventes,
272 1763 434 1822 immobiles,
448 1767 479 1814 ut
488 1763 593 1827 domus,
605 1767 632 1816 et
648 1765 838 1832 incorporales.
851 1771 882 1818 ut
891 1769 1006 1821 servitus
1017 1770 1065 1822 he·

43 1834 175 1890 bitationis
187 1835 355 1890 commodari
373 1838 494 1900 possunt.
514 1834 601 1886 Gloss.
618 1837 646 1886 iu
660 1849 719 1900 cap.
734 1839 758 1900 l,
771 1837 804 1888 de
825 1839 956 1891 commod.
981 1841 1065 1892 verbo

40 1909 248 1963 commodatum.
265 1905 434 1959 Commodcri
447 1905 528 1961 etium
543 1915 657 1971 possunt
669 1920 714 1958 res
728 1921 813 1959 sacrae
828 1909 863 1958 ub
879 1922 935 1961 une
951 1911 1067 1964 ecclesie

41 1979 113 2032 alteri
127 1981 164 2032 ed
182 1993 267 2032 usum
282 1986 372 2029 temen
385 1990 491 2041 semper
509 1990 625 2040 sucrum,
636 1992 691 2028 uon
705 1979 859 2043 profanum,
871 1981 942 2046 quod
954 1981 987 2034 de
1001 1996 1067 2048 pre·

40 2051 113 2104 mriis
134 2064 270 2118 expresse
291 2048 425 2100 sancitum
446 2051 496 2112 est,
517 2052 544 2098 et
562 2061 611 2113 per
625 2047 793 2100 identitatem
805 2049 837 2100 ad
857 2051 1065 2117 commodatum,

38 2123 157 2176 trahitur.
175 2125 245 2189 cap.
259 2122 283 2180 2,
304 2120 337 2172 de
360 2131 464 2183 precer.
478 2145 509 2156 -
523 2117 560 2183 (t)
578 2117 650 2170 Illud
673 2123 763 2172 tsmeu
781 2124 823 2171 est
841 2119 885 2172 hic
908 2122 1064 2174 notandum‘

38 2196 102 2257 quod
115 2194 288 2261 precarium,
309 2191 343 2242 de
358 2203 411 2256 quo
428 2190 543 2255 egimus,
558 2188 648 2241 differt
660 2203 677 2241 a
690 2190 825 2254 precaria,
841 2192 897 2244 sive
913 2194 1066 2258 precariis:

34 2278 91 2318 nam
105 2267 248 2334 precaris,
263 2264 320 2315 sive
333 2261 464 2328 precariae
478 2261 542 2312 olim
557 2261 711 2326 presertim
725 2262 797 2328 upud
813 2262 905 2314 Gallos
920 2265 1065 2316 usitatissi-

35 2351 90 2397 mee,
105 2341 192 2390 erunt
206 2334 317 2402 quidam
331 2335 494 2394 contractus,
508 2345 562 2396 quo
576 2345 643 2384 usus
660 2333 700 2384 rei
716 2332 909 2384 ecclesiastice
919 2333 1067 2387 immobilis

36 2409 111 2460 elicui
123 2409 162 2460 ad
173 2409 238 2472 ejus
252 2417 355 2471 presse,
370 2407 401 2453 ut
413 2402 561 2469 plurimum
574 2403 608 2452 ad
623 2405 683 2468 ejus
704 2403 795 2468 vitum,
813 2405 892 2468 quasi
909 2405 1065 2457 admodum

32 2479 167 2542 beneficii,
184 2475 407 2530 concedebantur
419 2473 471 2524 hec
481 2473 550 2540 lego,
564 2479 596 2525 ut
609 2473 723 2538 singulis
742 2475 935 2539 quinquenniis
949 2490 1065 2528 renove-

33 2559 133 2604 rsntur.
145 2552 218 2604 Can.
233 2549 258 2605 5,
273 2561 296 2598 c.
314 2546 352 2604 10,
370 2559 395 2610 q.
411 2545 466 2596 tet
479 2559 537 2610 cap.
555 2546 565 2595 l
584 2545 617 2596 de
626 2559 735 2610 precam
751 2544 798 2596 sed
812 2559 866 2607 non
879 2551 937 2598 eret
950 2546 978 2597 in
990 2553 1066 2612 pote·

32 2624 97 2674 state
112 2618 297 2674 concedentis
311 2630 357 2668 ees
371 2629 508 2679 revocare,
527 2629 588 2682 quae
602 2620 722 2682 potestas
737 2620 829 2666 tamen
849 2621 907 2668 erat
926 2618 954 2668 in
967 2631 1066 2670 conce·

29 2691 116 2748 dentis
139 2702 316 2746 successore.
341 2687 406 2753 Cap.
423 2689 447 2746 2,
464 2687 523 2739 eod.
539 2687 574 2738 At
591 2686 687 2738 horum
701 2689 826 2740 neutrum
843 2685 870 2737 in
885 2689 1007 2753 precario
1021 2703 1066 2742 cc·

30 2769 121 2829 currit,
138 2777 210 2816 cum
234 2759 384 2812 concedens
402 2759 489 2823 possit
503 2757 536 2808 ad
558 2771 636 2809 suum
656 2764 753 2809 nutum
769 2759 993 2825 quandocumque
1009 2775 1066 2812 rem

27 2833 52 2886 in
66 2837 206 2902 precario
219 2833 310 2883 datam
329 2830 363 2880 ad
376 2843 408 2896 se
426 2843 561 2882 revocare.
586 2830 722 2881 Proceriae
736 2835 827 2881 tumen
850 2844 922 2882 nnnc
935 2831 1067 2898 temporis

26 2911 138 2961 omnino
155 2909 190 2960 in
207 2901 406 2956 disuetudinem
420 2901 548 2954 abierunt
561 2928 592 2938 —
603 2901 637 2966 (tt
653 2901 718 2967 Gap.
733 2901 757 2966 3,
773 2901 806 2954 de
820 2915 926 2968 precer.
939 2909 967 2958 et
979 2903 1063 2971 cept

26 2979 56 3031 de
67 2978 217 3032 commod.

56 3199 126 3256 648.
149 3196 234 3252 Cum
246 3189 467 3248 commodatum
475 3185 564 3246 luerit
573 3183 774 3260 principaliter
783 3184 949 3246 institutum
961 3187 992 3246 in
1006 3185 1064 3246 uti·

19 3285 141 3345 litatem
157 3275 392 3342 commodatarii
401 3281 451 3350 (l),
466 3282 500 3336 ut
510 3274 603 3351 liquet
616 3291 655 3334 ex
669 3274 798 3334 adducta
808 3275 936 3334 nominis
949 3282 1066 3351 etymo·
1151 3283 1152 3290 ¹

17 3374 114 3451 logie,
137 3366 286 3444 sequitur
303 3366 401 3442 ipsum
417 3363 567 3440 praecipue
586 3361 720 3437 obligari.
742 3361 816 3422 ilinc
829 3362 918 3422 debet
934 3379 968 3422 re
982 3377 1065 3423 com-

15 3465 152 3524 modata
178 3456 228 3517 uti
246 3455 366 3515 adeum
379 3454 513 3526 modum,
528 3457 558 3512 et
570 3453 669 3524 usum,
693 3452 778 3527 cujus
795 3451 889 3527 gratia
907 3451 1066 3512 recineret

17 3534 234 3613 commodem
253 3549 309 3618 (tn
328 3543 400 3604 aliae
418 3543 582 3604 secundum
600 3545 799 3602 Romanarum
815 3539 899 3614 leges
911 3544 1064 3600 teneretur
1138 3599 1145 3610 ,

138 3647 188 3702 11.
945 3639 975 3689 19
