2524 4080
499 169 660 230 ...381-

83 286 208 350 rcetrcruc,
222 287 293 354 quod
305 301 339 340 ex
361 288 458 342 militie
471 295 585 352 uncta,
604 293 648 348 rel
663 307 696 348 cx
706 292 803 348 cesule
814 291 995 351 militaribuea
1008 303 1087 358 quase

82 357 208 420 castrense,
221 359 291 424 quod
301 373 333 411 ex
346 361 443 413 militia
457 365 555 428 togata,
569 365 626 415 sive
640 379 670 416 ex
687 364 814 416 exercitio
823 363 978 416 liberalium
988 361 1087 414 artium

81 431 116 478 est
127 427 343 494 iurisprudentiae
356 436 383 483 et
397 432 555 496 rucdicinae;
572 435 762 495 adventitium,
778 434 850 502 quod
872 447 905 485 ex
926 434 1005 485 bonis
1028 446 1086 484 me-

80 500 154 549 terne
168 503 344 554 successionis
360 503 403 554 vel
418 503 530 556 elterius
550 519 691 570 personae;
708 512 735 559 et
758 505 952 572 profectitium.
970 505 1041 570 quod
1054 517 1087 556 cx

78 567 147 620 bonis
166 573 291 635 paternis,
306 572 350 625 vel
371 574 457 638 patris
478 575 701 642 contemplatione
720 575 859 642 acquisitis
877 575 1008 640 provenit,
1030 574 1088 626 sive

79 641 240 704 componitur.
254 643 271 694 J
273 658 316 694 am
329 658 394 696 vero
408 646 544 710 peculium
559 651 706 712 castrense,
723 650 751 700 et
764 647 841 712 quasi
856 651 995 700 cestrense
1006 645 1087 710 pleno

75 710 130 773 iure
142 713 218 763 etiam
233 727 267 764 ex
280 715 417 766 modernis
431 713 536 781 legibus
549 717 674 770 civilibus
688 718 806 782 partinet
818 719 851 769 ed
866 717 951 768 tilium
966 717 1086 778 ;edvcn-
1153 709 1163 735 ”

77 780 155 832 titium
168 795 229 836 vero
242 785 361 850 pertinet
371 785 405 836 ad
420 785 503 837 tilium
516 788 604 854 quoad
617 790 817 854 proprietatem,
828 792 855 840 et
868 789 902 840 ad
913 790 972 853 cJus
981 792 1087 853 patrem

78 853 156 914 quoad
166 856 363 908 usumfructum
374 869 383 922 ,⁸
399 857 515 924 danique
524 861 703 926 profectitium
714 865 769 911 tem
783 859 873 926 quoad
885 860 1086 925 proprietatem,

77 935 149 986 wem
162 927 249 990 quoad
270 929 442 982 usufructum
463 929 498 980 ed
520 933 626 996 petram
649 931 774 996 pertinet,
799 930 871 996 quod
893 929 1088 982 verificaturin

77 997 203 1061 acquisitis
213 1012 263 1064 per
275 999 437 1052 industriam
447 998 495 1050 tilii
508 1001 559 1054 sub
571 1001 717 1054 directione
731 1003 825 1070 patris,
837 1005 864 1054 et
877 1001 904 1052 in
918 1000 1024 1054 traditis
1032 999 1088 1052 tilio

48 1070 50 1076 '
76 1070 172 1130 epatre
186 1069 288 1136 absque
302 1084 430 1138 expressa
443 1071 575 1123 dictorum
586 1073 688 1138 jurium
700 1073 911 1126 renunciatione.
924 1073 965 1124 Ex
973 1072 1087 1136 iurece-

74 1137 160 1190 uouico
174 1153 217 1193 res
232 1141 327 1193 codem
340 1143 418 1194 modo
434 1143 556 1208 procedit
569 1143 598 1194 iu
620 1145 726 1209 peculio
749 1143 889 1203 cestrensi,
907 1146 935 1195 et
949 1143 1026 1208 quasi
1040 1155 1086 1192 ce-

74 1210 180 1272 strensi3
195 1212 223 1264 iu
237 1211 345 1277 paculio
358 1225 422 1265 vcro
437 1213 584 1266 adventitio
599 1215 727 1281 Episcopi
740 1216 850 1281 plenum
868 1217 915 1279 Jus
929 1213 1030 1264 hebent
1042 1211 1086 1264 in·

74 1277 247 1344 dependenter
263 1287 377 1350 epatre,
392 1284 456 1350 quia
471 1285 600 1350 Episcopi
613 1300 663 1350 per
673 1288 901 1338 consecrationem
914 1284 1028 1350 epatris
1037 1296 1087 1349 po-

73 1352 157 1404 testate
169 1355 320 1406 solvuntur.
335 1355 400 1422 Cep.
417 1356 454 1420 13,
467 1357 513 1421 qui
528 1355 565 1423 til.
581 1357 828 1424 sintlegit301ericl
840 1363 931 1410 eutem
945 1354 1086 1408 interiores

72 1419 96 1470 in
109 1423 198 1476 eodem
212 1425 321 1492 peculio
335 1426 481 1478 adventitio
495 1441 529 1479 ex
542 1428 684 1494 privilegio
709 1429 821 1497 plenum
837 1431 884 1494 jus
899 1427 1024 1479 similiter
1036 1425 1086 1478 ha·

71 1489 137 1555 ient,
151 1496 173 1546 si
186 1497 222 1548 sit
235 1496 399 1562 acquisitum
413 1502 475 1563 post
488 1499 678 1562 sacerdotium,
693 1499 717 1552 si
731 1514 796 1552 vero
814 1500 850 1552 sit
863 1499 1026 1564 acquisitum
1037 1510 1084 1548 en·

72 1562 295 1631 teaucerdotium,
310 1568 338 1620 in
352 1582 383 1620 ao
395 1573 475 1633 pater
486 1582 566 1621 suum
580 1571 779 1622 usumfructum
796 1574 944 1627 muserret.
961 1568 1027 1635 quia
1039 1581 1085 1620 se-

70 1635 210 1688 cerdotium
222 1639 339 1703 petriam
352 1642 512 1706 potestatem
525 1654 580 1692 uon
593 1641 681 1701 solvit,
695 1641 749 1694 uisi
769 1642 797 1693 in
819 1640 1016 1706 spiritualibus.
1030 1639 1085 1690 Fe·

68 1707 208 1768 gnanusad
223 1722 284 1776 cap.
295 1711 318 1766 3.
333 1707 367 1762 de
382 1714 453 1762 aetat.
469 1716 496 1762 et
509 1713 603 1778 qualit.
618 1717 679 1776 etc,
695 1726 711 1764 e
726 1727 752 1764 n.
770 1713 808 1772 lt,
823 1712 902 1766 Gerd.
917 1711 1084 1778 chliatnst.

63 1775 114 1842 jur.
127 1780 193 1844 priv.
210 1781 223 1845 ξ
242 1779 305 1840 119;
320 1780 428 1833 demum
442 1782 470 1833 in
482 1783 588 1848 peculio
602 1783 751 1849 profectitio
766 1784 838 1846 idem
851 1783 995 1836 dicendum
1007 1780 1084 1834 vide·

67 1849 114 1911 tur,
124 1852 154 1900 ut
165 1849 198 1902 de
209 1853 274 1916 jura
287 1851 417 1918 Romano,
429 1853 493 1920 quie
502 1853 530 1905 iu
539 1855 698 1920 profectitiis
710 1856 806 1920 patries
817 1855 959 1922 potestatis
973 1851 1085 1908 effectus

63 1927 254 1974 conserventur
267 1923 348 1974 etiem
361 1923 391 1974 in
403 1924 550 1976 secerdote.
565 1925 709 1990 Fagnanus
722 1927 767 1978 cit.
782 1927 833 1978 loc.
848 1939 875 1978 n.
890 1926 930 1978 tt.

96 2091 156 2149 110.
175 2093 258 2150 Bone
271 2105 345 2150 vero
368 2090 568 2152 ecclesiastica
589 2092 768 2152 clericorum
785 2099 855 2154 eunt
875 2099 909 2154 ut
926 2093 990 2170 iem
1008 2091 1084 2154 dixi-
1184 2151 1188 2158 .

63 2185 135 2252 inus,
149 2195 216 2255 quae
240 2177 281 2238 illi
295 2179 334 2238 ab
355 2180 488 2241 Ecclesia
510 2180 708 2256 proveniunt3
723 2181 777 2242 sed
796 2181 873 2242 iuter
887 2183 953 2242 heac
967 2183 1024 2242 elia
1038 2181 1085 2241 di-

65 2273 167 2327 cuntur
180 2283 261 2328 merc
276 2267 477 2340 ecclesiastico,
490 2269 548 2329 alia
561 2269 765 2341 industrialia,
781 2277 810 2332 et
823 2271 879 2332 elia
887 2271 1085 2348 parsimonie·

64 2352 112 2414 tiu.
126 2359 205 2416 llere
218 2355 421 2416 ecclesiastica
433 2357 582 2430 dicuntur,
599 2376 666 2434 quea
679 2359 717 2418 ab
728 2360 871 2434 Ecclesia,
885 2359 946 2420 sire
959 2377 978 2419 a
991 2361 1084 2420 benc-

63 2441 126 2503 flcio
135 2445 174 2504 ob
179 2445 319 2506 beneficii
326 2445 417 2522 ipsius
427 2445 769 2524 titulumlpercipiuutur,
779 2449 946 2526 cujusmodi
955 2454 1025 2509 sunt
1035 2467 1084 2510 re·

62 2529 137 2592 ditus
144 2532 241 2610 ipsius
251 2531 519 2606 beneflcii,fructus
527 2536 627 2610 annui,
641 2537 755 2596 tructus
765 2539 924 2610 naturales,
933 2554 1009 2614 quos
1019 2537 1085 2614 ipsa

62 2627 165 2682 nuere
177 2624 247 2694 tert,
262 2630 295 2683 ul
309 2623 435 2696 loenum,
450 2623 573 2699 lignum,
586 2631 743 2699 castanea,
755 2626 869 2685 tructus
881 2625 1083 2705 industriales,

62 2725 134 2784 quoe
147 2717 257 2772 nature
270 2711 358 2772 simul
370 2718 400 2771 et
412 2711 565 2773 hominum
579 2715 696 2774 cultura
706 2713 855 2789 producit,
869 2721 903 2773 ut
916 2720 985 2773 suist
997 2731 1083 2790 sege·

62 2803 114 2871 tes,
126 2799 207 2872 vine,
223 2801 300 2874 olea,
316 2805 346 2860 et
361 2800 476 2859 fructus
490 2800 602 2874 civitae,
618 2818 694 2878 quos
711 2803 870 2863 occasione
883 2802 1021 2864 beneficii
1034 2821 1083 2864 ra-

63 2884 100 2946 tio
114 2886 209 2948 civilis
224 2885 358 2959 instituit,
373 2895 407 2947 ul
425 2895 495 2949 eunt
513 2889 673 2965 pensiones
685 2891 906 2965 ecclesiasticae,
923 2891 1084 2969 pensiones

63 2972 230 3051 domorum,
246 2984 277 3036 et
290 2975 470 3052 praediorum
484 2979 680 3052 urbanorum,
694 2986 825 3040 vecturae
841 2981 971 3056 navium,
986 2989 1017 3042 et
1029 2997 1083 3058 pc·

63 3065 217 3126 ceniarum
239 3083 339 3126 usuras
353 3071 406 3139 (1),
426 3074 461 3127 ut
482 3075 553 3128 sunt
570 3085 690 3144 quoque
709 3069 825 3130 ductus
843 3085 997 3146 censuum,
1015 3072 1084 3132 loca

62 3156 216 3229 montium,
232 3161 262 3216 et
275 3155 380 3215 similia
394 3159 445 3229 (2).
1066 3163 1069 3170 '

90 3297 126 3361 (1)
138 3299 286 3366 Fagneuus
302 3299 331 3352 in
345 3311 405 3365 cap.
422 3299 460 3364 11,
475 3300 508 3354 de
518 3298 604 3354 restit.
619 3297 726 3366 spoliet.
740 3314 757 3356 u
769 3316 797 3356 n.
817 3302 855 3356 tt.
868 3305 944 3370 -(‘l)
956 3303 997 3356 De
1010 3304 1084 3357 Luce

63 3363 95 3418 de
106 3367 197 3422 benef.
213 3371 278 3422 diso.
295 3369 348 3438 loo,
362 3383 389 3422 u.
405 3369 445 3424 tl.

95 3537 157 3600 itt.
178 3541 261 3601 luter
278 3537 359 3599 bona
379 3555 463 3601 merc
479 3539 682 3602 ecclesiastice
701 3539 758 3628 elie
775 3549 845 3604 eunt
862 3539 1031 3604 necesseda
1043 3545 1083 3606 ad
