2410 4068
554 109 716 166 -178-

100 230 232 308 ,Ιαιειιυε
245 244 311 290 esse
325 233 437 304 potest;
454 234 484 289 et
503 227 621 290 aliunde
636 227 779 307 injustum
793 235 839 290 est
852 230 1027 290 ebcnetlcio
1042 229 1166 346 ‹lima-p

114 321 179 382 tere
192 315 411 391 beneficiatum,
427 315 478 392 qui
497 317 554 377 rite
566 318 629 377 suis
641 318 815 378 muneribus
826 317 965 394 fungitur.
979 319 1039 379 Sed
1054 336 1156 394 nega-

114 406 175 470 tiva
189 395 386 466 dommumter
406 423 425 464 a
445 405 633 482 Doctoribus,
649 412 679 467 et
701 411 866 466 allcmene
880 407 967 467 Curia
988 351 1167 484 recipiturj

116 513 183 572 quea
206 512 246 556 cx
262 493 328 569 ipsa
347 494 484 554 beneficii
499 502 607 554 natura
620 494 745 572 emergit
766 514 775 554 ε
798 512 868 556 nam
892 496 1075 556 beneficium
1089 513 1159 556 maa

116 585 205 646 nuale
230 581 399 643 revocabile
426 588 472 644 est
491 584 530 643 ed
552 591 666 644 nutum.
691 581 744 656 Qui
768 583 893 662 proinde
907 583 950 644 sic
964 584 1035 662 egit,
1055 535 1169 653 utitur]

112 673 180 750 iure
192 678 300 747 suo,ct
313 670 425 732 nemini
439 671 508 732 lacit
522 672 661 750 injuriam
682 674 734 744 (l).
1168 741 1170 748 Α

145 835 181 902 (l)
195 837 263 888 Haec
278 838 370 890 tamen
388 837 522 889 sententia
542 835 606 888 licat
628 836 719 890 verior
738 837 767 888 in
787 835 859 890 thasi
876 837 1007 902 generali,
1033 851 1090 890 non
1109 840 1155 890 est

115 911 189 960 certo
201 908 375 972 admittenda,
390 908 414 959 si
428 909 527 959 amotio
540 920 590 972 per
608 907 709 967 edlum,
723 911 772 960 eut
790 907 938 960 vindictam
956 909 1012 968 Eat,
1027 909 1052 960 si
1067 909 1156 962 ledea
1172 947 1173 980 ,

111 980 160 1044 lus
171 980 253 1038 tertii.
265 982 298 1030 ut
309 978 412 1045 populi,
430 979 478 1044 qui
497 979 613 1030 multum
630 979 757 1032 utilitatis
771 993 805 1032 ex
819 979 921 1044 optimc
940 979 1082 1032 secerdote
1096 980 1154 1031 sibi

114 1049 151 1102 ad
164 1055 261 1102 nutum
274 1051 402 1116 deputato
418 1053 547 1114 reportat,
558 1051 586 1101 et
599 1050 623 1101 si
637 1047 671 1102 dc
685 1050 817 1102 banetlcic
828 1055 935 1114 agatur,
946 1050 976 1100 in
989 1064 1043 1116 quc
1057 1051 1153 1116 requi·
1173 1045 1174 1088 l

117 1123 188 1174 ritur
200 1122 376 1186 presentatio
389 1120 506 1186 patroni,
521 1122 549 1172 et
561 1119 693 1172 institutio
706 1120 844 1188 episcopi,
859 1133 921 1170 nem
935 1119 1051 1172 clericus
1061 1122 1153 1172 nomi·
1174 1163 1175 1166 ,

116 1196 198 1243 natus
212 1195 239 1242 et
253 1191 393 1244 institutus
403 1192 466 1244 licet
478 1197 560 1258 queat
573 1193 713 1257 apatrouo
726 1191 784 1244 sina
795 1203 877 1242 causa
891 1191 1024 1242 removeri
1037 1203 1095 1242 non
1110 1195 1156 1242 est

117 1262 216 1314 amotio
227 1261 286 1315 sine
299 1276 382 1315 causa
395 1261 431 1314 ab
445 1261 572 1328 episcopo
586 1261 760 1326 acceptanda,
769 1263 886 1313 maxime
900 1273 962 1313 cum
973 1263 1073 1326 nequit
1085 1262 1152 1313 abs·

117 1346 171 1400 que
179 1334 288 1460 Ῑπῑιὲξὲ
302 1335 383 1388 lame
396 1334 483 1402 ipsius
495 1332 649 1386 beneficiati
663 1333 804 1400 acceptari.
820 1334 860 1386 De
879 1332 1104 1386 accussaret.
1121 1334 1153 1385 in

119 1417 227 1459 eum-ra
290 1442 298 1456 .

152 1593 216 1649 llll.
245 1589 392 1649 Beneficia
419 1589 534 1665 majora
560 1589 854 1667 mchieptsccpetus,
880 1589 1093 1666 Episcopatus,
1120 1593 1151 1649 ct

118 1677 286 1740 Praelaturae
308 1677 489 1738 ordinariam
506 1676 744 1753 iurisdictionem
769 1677 948 1751 exercentis,
967 1678 1040 1738 item
1062 1675 1152 1738 bene-

117 1764 348 1839 ficialbbetum,
359 1766 583 1844 prunarumque
603 1766 779 1843 dignitatum
793 1768 824 1828 in
842 1766 982 1828 Ecclesiis
1004 1765 1152 1842 regulari·

120 1854 188 1927 bus,
196 1855 417 1916 cathedralibus
430 1862 460 1916 et
474 1856 638 1932 collegiatis
646 1855 823 1918 auctoritate
831 1862 947 1916 cacam
956 1855 1151 1918 smnmiPon-

121 1942 207 2003 nucis
220 1943 294 2020 erigi
312 1950 443 2021 queunt:
459 1946 524 2005 baec
542 1945 663 2022 quidem
676 1944 783 2005 merito
797 1944 875 2004 inter
889 1944 1030 2020 primaria
1044 1945 1150 2004 Eccle-

117 2030 169 2092 siae
182 2033 328 2092 beneficia
343 2040 546 2107 recensentur,
561 2039 592 2094 et
604 2041 674 2094 sunt
696 2050 814 2096 summo
828 2033 963 2096 Pontifici
982 2039 1148 2094 reservata.

119 2120 267 2182 Beneficia
277 2137 348 2182 vero
355 2121 546 2198 parochialia,
554 2129 584 2182 et
591 2121 735 2199 simplicia
744 2121 837 2183 solius
843 2121 981 2200 Episcopi
988 2121 1152 2182 dioecesani

120 2208 296 2269 auctoritate
316 2210 486 2286 eriguntur,
508 2211 599 2270 modo
617 2210 814 2271 observentur
834 2209 1037 2271 solemnitates
1052 2209 1151 2285 aiure

120 2297 314 2374 prascriptae,
337 2315 404 2375 que
431 2300 496 2360 lere
522 2299 704 2360 conveniunt
730 2315 801 2358 cum
823 2297 892 2374 illie,
912 2315 979 2375 quae
997 2313 1090 2374 supra
1112 2297 1151 2357 de

120 2385 270 2446 erectione
283 2387 483 2448 Ecclesierum
496 2386 711 2465 parochialium
725 2387 947 2450 numeravimus
961 2390 1012 2461 (t).

151 2517 188 2585 (l)
202 2518 337 2587 zellinger
350 2519 385 2574 ds
398 2519 537 2590 prebend.
553 2520 566 2584 ξ
580 2517 609 2570 61
625 2520 652 2572 et
665 2518 706 2570 62.

155 2700 219 2757 l76.
234 2698 338 2770 Quoad
351 2698 535 2758 erectionem
547 2694 778 2758 canonicatuum
791 2696 822 2756 in
840 2693 979 2757 Ecclcaiis
997 2692 1148 2756 cathedra-

122 2784 211 2859 libus,
226 2792 256 2846 et
269 2785 432 2861 collegiatis
445 2785 688 2862 distinguendum
701 2791 757 2858 est,
768 2791 819 2845 aut
832 2801 975 2845 numerus
988 2781 1151 2844 canonico-

122 2891 190 2934 rum
201 2875 231 2934 in
246 2875 315 2934 date
328 2873 461 2934 Ecclesia
470 2881 515 2934 est
530 2890 585 2950 per
597 2890 748 2935 summum
760 2872 936 2933 Pontificem
944 2872 1091 2945 delinitus,
1100 2879 1151 2933 aut

122 2979 185 3023 non
194 2963 242 3023 :in
257 2962 354 3038 primo
369 2979 443 3022 casn
453 2961 559 3038 'nequit
576 2961 741 3038 Episcopus
755 2978 868 3022 novum
877 2959 1085 3021 canonicatum
1098 2961 1151 3020 eri·

119 3067 202 3128 gere,
218 3050 288 3126 quia
308 3051 412 3127 nequit
424 3058 551 3126 mutare,
566 3050 648 3126 quod
659 3050 714 3110 luit
732 3067 786 3127 per
808 3065 958 3110 summum
977 3047 1150 3110 Pontificem

121 3139 275 3202 definitum
290 3143 343 3213 (t),
365 3140 396 3200 in
417 3140 551 3200 secundo
564 3156 637 3199 vero
658 3155 740 3213 casu,
761 3145 860 3214 potest
878 3137 1041 3214 Episcopus
1055 3155 1149 3198 novoe

124 3229 318 3310 canonicatus
332 3229 458 3305 erigere,
472 3227 497 3288 si
511 3228 588 3288 adsit
600 3228 656 3287 dos
672 3227 833 3301 sufflcIens,
849 3234 879 3288 et
888 3226 1012 3303 Capituli
1025 3243 1149 3288 consen·

120 3334 182 3392 sus,
197 3333 380 3395 quemquam
401 3318 617 3380 canonicorum
638 3332 782 3378 numerus
806 3315 895 3378 luerit
912 3316 951 3376 ab
964 3315 1065 3392 aliquo
1088 3314 1151 3391 Epi·

125 3423 220 3483 scopo
247 3413 436 3470 antecessore
459 3405 609 3479 definitus,
633 3404 702 3482 quia
728 3405 766 3464 eb
792 3404 928 3480 ejusdem
952 3397 1146 3466 interessetis

125 3493 297 3565 delinitione
311 3489 372 3558 nou
386 3493 549 3558 devincitur
562 3497 613 3570 (2).
629 3492 795 3588 sednequit
808 3492 973 3586 Episcopus
988 3491 1148 3557 Canonicos
