2410 4068
489 153 648 212 „209-

71 276 230 343 superatam
244 291 280 330 an
291 287 357 332 roro
371 277 637 345 comprehendantur
649 277 758 331 vicariae
776 279 915 344 perpetuae
934 279 1076 344 mapulam

69 349 188 402 1111111111.
205 350 315 416 Riganti
328 350 364 402 ad
379 364 436 416 rag.
453 351 477 412 9,
489 364 516 401 u.
532 350 556 410 3,
571 350 611 410 ii,
626 350 671 402 tlt
685 349 777 401 11333.
792 375 824 388 -·
841 349 877 414 (l)
892 349 1020 403 Summus
1033 355 1074 404 ta-

69 433 118 470 1111
130 420 409 476 Ρ1111111ω1111111111
418 421 560 488 lipiscopis
572 421 744 486 privilegium
753 420 921 472 alternativae
930 421 1073 484 mensium,
1095 441 1097 446 ¹

69 491 205 557 ntepisccpi
219 492 324 558 possint
345 492 478 544 beneficia
502 493 624 544 conferre
645 491 786 544 urensibus
807 489 947 552 februarii,
968 493 1073 558 aprilis,

66 561 131 625 iunii,
143 563 257 626 augusti,
268 563 387 615 octobris
397 567 425 614 et
437 563 599 623 decembris,
609 576 664 614 non
676 562 788 627 derogat
807 562 868 614 aliis
880 563 1074 616 beneficiorum

70 633 286 692 macerationibus,
301 637 329 685 et
341 633 540 693 affectionibus
557 638 587 685 ut
601 633 722 686 declarat
736 635 764 684 in
776 633 871 686 eadem
886 635 981 700 regula
993 649 1073 699 nona,

70 701 119 752 dnm
134 703 168 754 ait
181 724 188 755 ι
202 701 354 758 Dummodo
367 704 437 756 olim
452 702 625 768 dispositioni
638 703 793 768 nannetica
807 709 954 768 recreata,
969 705 1011 758 cel
1026 706 1071 774 ns·

69 773 124 836 [ecto
137 775 358 840 censuerint-
372 777 405 840 (3)
419 775 478 826 Hoc
494 777 656 828 indultumn
670 776 745 839 Papa
754 789 912 828 concessum
926 776 1006 828 debet
1018 778 1072 844 epi·

69 857 147 908 scopus
159 851 307 914 acceptare,
323 849 347 898 ei
359 847 418 900 vult
430 860 461 898 eo
476 847 516 898 uti
530 866 538 896 1
554 860 617 898 nam
630 861 680 913 per
693 845 744 898 hcc
754 847 783 898 tit
797 846 907 912 quidam
919 849 1073 903 contractus

69 913 124 966 inter
136 918 243 984 Papam,
256 923 284 970 et
297 919 462 984 episcopum.
487 918 645 984 Acceptatic
660 921 750 970 tamen
763 917 822 969 haeo
838 918 999 982 regulariter
1013 919 1072 971 lieri

70 985 171 1038 debeteb
186 990 314 1056 episcopo
327 990 356 1040 iu
370 1003 420 1042 sua
434 989 545 1040 dioecesi
561 988 696 1040 residente
706 1001 756 1054 per
770 987 874 1040 litteras
888 992 1012 1054 patentes
1022 1003 1071 1042 suo

69 1056 139 1120 sigillo
151 1061 276 1118 munitas,
290 1064 321 1114 ut
336 1059 490 1125 prescribit
511 1060 570 1126 ipsa
587 1060 691 1124 regula,
705 1071 773 1124 quas
791 1060 885 1123 postea
898 1061 1004 1110 tenetur
1017 1059 1071 1112 Ro·

68 1139 122 1178 nan
133 1129 236 1182 mittere
251 1130 286 1182 ad
299 1130 449 1192 Datarium,
462 1130 509 1196 qui
527 1143 574 1182 ses
590 1131 743 1194 recognitas
757 1128 868 1180 mandat
884 1129 1028 1181 transcribi
1042 1130 1072 1182 in

67 1199 161 1262 registro
174 1201 208 1252 ad
221 1202 295 1254 bunc
305 1201 431 1253 effectum
443 1201 577 1253 destinato
591 1221 598 1250 ι
610 1201 712 1266 quibus
726 1199 889 1264 adimpletis,
900 1195 950 1252 det
966 1199 1071 1254 litteras

67 1269 248 1335 testimoniales,
263 1277 290 1325 et
302 1273 401 1338 incipit,
411 1271 571 1324 alternative
585 1271 719 1323 mensium
729 1284 809 1322 sunm
821 1269 922 1321 habere
937 1269 1070 1324 ellectum.

66 1339 168 1394 Diximus
182 1343 356 1410 regulariter,
364 1345 430 1411 quia
444 1344 571 1396 Deterius
585 1345 683 1408 potest,
700 1342 774 1394 salvo
785 1341 898 1402 indulto,
909 1341 959 1392 hes
972 1341 1070 1393 solem·

65 1410 145 1464 nlutes
161 1415 260 1466 missas
272 1415 370 1467 iacere.
388 1415 497 1482 Rignnti
511 1414 545 1466 ad
560 1427 615 1480 reg.
633 1415 658 1475 9,
671 1416 742 1478 pert.
752 1413 777 1472 2,
793 1411 838 1477 22.
854 1410 908 1464 Sed
923 1411 1071 1466 notandum

62 1481 119 1544 iusta
126 1486 255 1540 venerem
271 1487 442 1548 sententiam,
457 1485 531 1552 quod
544 1485 692 1550 acceptatio
706 1484 777 1536 laete
793 1483 823 1534 in
840 1495 935 1536 mense
952 1483 1070 1548 Aposto-

63 1552 103 1604 lico
116 1556 236 1610 inchoato
257 1571 312 1610 non
329 1557 399 1610 tollit
417 1558 574 1623 qualitatem
598 1557 700 1608 mensis
720 1553 886 1621 Apostolici;
901 1567 933 1606 ac
956 1553 1069 1620 proinde

62 1622 174 1680 beneficia
190 1643 241 1695 pro
252 1629 299 1681 illc
309 1643 402 1682 manse
414 1633 526 1682 monent
540 1628 623 1692 Papae
643 1632 789 1686 reservata,
810 1625 875 1690 quia
887 1626 990 1678 mensis
1003 1640 1067 1691 pro-

62 1695 117 1748 cedit
128 1713 187 1766 cum
202 1713 252 1752 sua
262 1701 391 1766 qualitate
402 1701 437 1752 ab
451 1699 529 1752 initio
542 1702 687 1750 contracte.
702 1698 859 1762 noeepntic
872 1711 936 1750 vero
958 1696 1069 1750 11111111

61 1778 136 1821 nense
151 1771 289 1824 Ordinnrii
298 1773 356 1836 jam
379 1771 513 1836 inchoato,
528 1784 569 1822 ex.
585 1783 625 1834 gr.
640 1769 669 1820 in
684 1769 792 1828 martio,
810 1773 858 1820 aut
880 1768 1036 1834 septembri
1051 1782 1069 1821 a

62 1835 94 1888 die
107 1843 295 1906 acceptationis
307 1844 372 1894 lecit
383 1844 474 1909 ipsum
488 1849 610 1897 mensem
624 1839 825 1904 apostolicum:
838 1841 866 1890 et
879 1839 918 1890 sic
931 1839 1002 1890 inter
1015 1839 1068 1890 Pa·

61 1921 109 1970 pan
122 1917 148 1963 et
161 1915 320 1981 episcopum
337 1913 471 1965 claudicat
484 1916 640 1964 contractus
651 1915 661 1972 ς’
672 1915 699 1962 et
716 1911 799 1975 hujus
820 1909 985 1961 discriminis
999 1909 1067 1962 ratio

61 1983 170 2048 estquis
184 1986 330 2052 episcopus
348 1985 501 2036 voluntarie
524 1979 665 2034 renunciat
674 1982 731 2047 juri
745 1995 805 2044 suo,
822 1982 846 2032 si
866 1980 902 2031 ed
924 1979 1066 2032 alternati-

17 2094 21 2103 .
60 2061 106 2102 vam
117 2055 305 2120 acceptandam
322 2056 429 2122 tempus
453 2067 600 2120 congruum
617 2067 671 2104 non
686 2055 817 2120 expectet.
836 2050 877 2102 Id.
892 2051 930 2102 ib.
946 2049 958 2118 ἕ
976 2051 999 2102 3.
1015 2053 1067 2102 Ac·

61 2126 155 2187 tentatio
170 2127 264 2190 incipit
278 2127 379 2178 habere
400 2125 523 2178 effectum
538 2139 554 2176 e
571 2125 660 2176 medin
679 2126 757 2174 nocto
778 2122 867 2173 ultimi
888 2121 941 2173 diei
955 2121 1065 2172 mensis.

60 2189 89 2242 ld.
100 2195 132 2246 ib.
148 2199 201 2248 Pro
214 2199 312 2262 majori
325 2199 514 2263 episcoporum
524 2197 639 2248 utilitate
652 2193 794 2258 Rigentiue
804 2205 850 2245 eos
871 2196 971 2252 monet,
984 2195 1016 2244 nt
1028 2193 1066 2243 nl·

59 2265 352 2334 lemativamacceptent
365 2270 393 2319 in
406 2282 500 2323 mense
511 2267 642 2333 januarii,
659 2271 687 2318 et
705 2265 778 2329 julii,
795 2268 822 2314 et
844 2263 872 2316 in
893 2265 946 2316 tine
964 2263 1064 2328 martii,

60 2341 93 2386 cut
104 2340 282 2404 septembris:
299 2354 362 2392 nam
382 2343 404 2392 si
425 2342 564 2405 acceptent
582 2341 611 2388 in
633 2350 725 2392 mense
743 2335 883 2398 februarii,
906 2338 961 2386 tres
985 2333 1066 2399 primi

59 2418 146 2461 menses
159 2412 224 2462 anni
237 2410 272 2461 ad
286 2411 389 2474 Papam
403 2411 576 2476 pertinerent,
591 2421 688 2473 nempe
704 2405 856 2472 januarius,
871 2407 899 2455 et
911 2403 1065 2456 februarius

60 2475 164 2544 dejure,
191 2487 218 2534 et
245 2483 370 2541 martius,
389 2481 463 2547 quia,
482 2484 514 2532 ut
532 2481 663 2541 diximus,
679 2476 790 2538 mensis,
812 2475 859 2540 qui
884 2473 995 2525 intravit
1012 2473 1064 2525 sub

60 2553 194 2618 aposnlieo,
208 2554 261 2605 sub
278 2553 372 2604 ecdem
386 2552 495 2612 desinit,
510 2553 562 2604 erit
576 2551 605 2602 in
614 2548 779 2602 centrarium
799 2547 926 2610 operante
939 2547 1062 2610 accepta·

60 2618 300 2685 ticuealternatlvee,
315 2623 356 2676 ld.
372 2624 409 2676 ib.

85 2827 135 2888 511.
155 2833 193 2888 Ut
208 2822 443 2905 Episcopns'frui
457 2823 552 2906 possit
570 2825 685 2886 indulto
699 2821 882 2884 alternative
895 2817 1064 2880 mcessarie

59 2919 92 2971 ist
104 2911 162 2992 ejus
181 2919 342 2978 residentia
355 2936 437 2992 vera,
461 2924 491 2978 et
508 2915 674 2994 personalia
688 2913 719 2972 in
733 2929 787 2973 sua
800 2909 933 2982 dioeeesi,
952 2908 1064 2968 nedum

59 2997 86 3058 de
98 3009 235 3081 tempore,
251 3025 311 3084 qno
324 3007 503 3068 beneficium
516 3010 613 3078 vacat,
626 3001 679 3063 ned
693 3002 782 3062 etiem
793 3001 830 3060 ab
844 2999 927 3060 initio
939 2997 1061 3071 mensis,

58 3085 115 3148 alias
124 3094 212 3155 inunt
226 3096 414 3172 apostolicus
433 3097 483 3166 (t).
498 3099 533 3156 tt
555 3094 581 3152 si
595 3093 654 3152 hoc
675 3107 747 3152 casn
760 3095 828 3167 post
840 3089 950 3150 lectam
969 3087 1062 3147 colla·

58 3171 160 3256 tionem,
175 3185 266 3246 etiam
280 3187 386 3246 ecdem
401 3184 583 3261 perdurante
604 3197 718 3254 mense,
734 3197 751 3238 a
764 3177 888 3240 dioecesi
908 3173 1062 3247 abscedet,

58 3265 155 3330 alano
168 3275 206 3333 ab
220 3293 257 3335 eo
271 3275 349 3335 iacta
365 3277 454 3348 valet,
470 3272 538 3349 quia
552 3272 704 3348 negotium
718 3276 853 3346 tempore
866 3266 956 3330 habili
978 3278 1063 3323 com·

60 3352 155 3432 litium
166 3363 229 3423 tuit.
245 3369 301 3424 Per
314 3381 399 3424 snam
414 3361 580 3442 absentiam
594 3367 763 3420 tamennon
778 3357 885 3418 amittit
898 3353 1062 3430 Episcopus

56 3437 94 3510 jus
105 3451 272 3518 conterendi
284 3452 429 3514 beneficia
441 3451 577 3512 vacantia
591 3449 621 3509 in
646 3447 798 3510 mensibus
808 3445 884 3523 junii
896 3449 927 3503 11
939 3441 1060 3538 decem-

58 3529 117 3612 bris,
132 3541 240 3616 quiebi
262 3542 323 3605 duo
343 3558 465 3606 menses
480 3541 623 3604 1111111111
641 3540 709 3616 jnre
722 3532 874 3600 communi
887 3533 926 3592 ad
939 3534 1062 3606 Episco-

896 3630 935 3684 tr„
