2560 4080
532 193 692 256 ..491-

121 317 156 383 (1)
169 317 244 370 'trid
255 331 323 370 sess.
340 318 377 376 13.
394 333 416 370 c.
436 321 458 380 t,
473 319 508 370 de
522 321 572 370 rel.
589 333 657 372 sess.
667 321 708 378 tt.
721 334 746 372 c.
762 320 784 379 l,
799 320 833 372 de
846 321 896 372 ref.
913 323 940 372 et
953 333 1021 374 sess.
1034 322 1074 385 ti,
1089 337 1114 375 c.

94 389 130 454 lo,
144 389 178 440 do
194 389 243 442 rel.
263 417 286 428 -
303 390 337 454 (t)
352 390 412 440 Bul.
430 389 472 441 Aa
482 390 642 443 militantis.
657 418 686 430 -
699 391 734 455 (3)
747 377 784 442 lli
797 392 926 456 praaprui
949 396 1012 444 sunt
1025 407 1115 458 casus,

91 461 118 510 in
130 461 230 526 quibus
237 462 316 526 juxta
331 462 438 512 citatam
453 461 656 513 Benedictinam
671 461 853 513 definitionem
872 463 1015 529 appellatio
1036 464 1116 515 datur

93 537 194 581 tantum
209 532 243 582 ad
258 532 381 583 allectum
392 531 584 588 devolutivum
604 545 658 583 non
675 533 871 598 suspensivum.
888 533 941 584 Sed
955 534 1005 585 hoc
1019 547 1115 598 proce·

91 600 130 651 dit
144 601 307 664 regulariter
321 602 464 666 loquendo,
485 605 516 652 ut
531 617 615 667 supra
635 605 691 668 jam
715 605 866 664 innuimus,
881 617 953 663 nam,
976 608 1006 655 nt
1018 606 1116 656 latetur

90 671 161 722 idem
174 673 347 734 Benedictus,
362 673 420 722 dari
435 677 461 723 ct
475 673 502 723 in
522 672 568 724 his
583 678 699 738 possunt
713 687 801 736 casus,
816 675 844 725 in
861 676 958 740 quihus
970 677 1059 728 valeat
1068 677 1114 741 ju·

90 743 140 794 dex
149 744 358 810 appellationem
373 745 515 796 admittere
529 744 655 796 etiamad
669 745 793 796 ellectum
807 747 1005 812 suspensivam.

123 917 186 972 879.
208 913 290 972 Circa
304 912 534 995 appellationem
547 932 565 973 a
579 913 713 974 censuris
733 916 870 992 quadam
890 913 1031 991 specialia
1045 922 1114 977 sunt

88 1000 284 1062 observanda.
299 1005 372 1060 Nam
384 1001 481 1077 primo
502 1001 527 1060 si
548 1019 675 1063 censura
691 1004 730 1062 sit
754 1011 868 1065 tantum
883 1005 1062 1064 comminata
1074 1007 1113 1064 ab

87 1090 218 1163 homine,
238 1088 332 1166 Iudex
345 1089 553 1165 appellationis
566 1098 665 1166 potest
685 1092 797 1151 litteras
812 1091 1029 1168 compulsorias
1042 1093 1115 1154 dare

84 1178 178 1256 judici
192 1196 210 1238 a
224 1196 295 1256 quo,
317 1185 350 1238 ut
369 1179 408 1237 ad
426 1195 459 1238 se
473 1180 652 1239 transmittat
666 1182 768 1257 copias
787 1187 933 1255 actorum,
948 1189 979 1241 et
992 1181 1113 1242 interim

86 1265 232 1342 inhibere,
245 1285 284 1327 ne
297 1268 336 1328 ad
351 1267 493 1328 ulteriora
511 1269 664 1343 procedat,
681 1286 726 1344 ac,
743 1269 814 1329 visis
827 1278 933 1346 postca
946 1271 1031 1345 actis,
1046 1276 1114 1346 pot-

87 1363 134 1416 est
160 1356 393 1434 appellationem
420 1356 588 1431 admittere,
614 1362 645 1417 et
672 1358 744 1418 dare
771 1359 937 1419 absolutam
964 1357 1114 1419 inhibitio·

88 1461 159 1505 nem
170 1449 222 1518 (l).
239 1445 376 1504 Secundo
395 1445 421 1503 si
433 1462 560 1504 censura
570 1446 633 1521 jam
647 1447 685 1506 sit
698 1448 767 1521 lata,
781 1447 943 1507 videndum
956 1454 1011 1522 est,
1024 1465 1063 1506 an
1077 1447 1115 1507 sit

88 1531 149 1592 lata
167 1540 237 1609 post
259 1533 446 1608 interiectam
466 1533 694 1609 appellationem
709 1553 728 1594 a
748 1535 904 1608 sententia,
920 1537 968 1596 vel
981 1543 1067 1597 ante:
1083 1533 1118 1606 in,

86 1621 185 1697 primo
206 1621 286 1682 enim
298 1639 369 1682 casu
383 1639 510 1682 censura
523 1624 604 1683 nulla
617 1630 672 1697 est,
688 1630 719 1684 et
730 1624 888 1700 appellatio
902 1625 1008 1686 eodem
1022 1625 1113 1684 modo
1181 1647 1186 1654 ’

87 1711 234 1787 procedit,
248 1729 284 1770 ac
294 1711 319 1770 si
327 1728 455 1771 censura
468 1713 527 1770 lata
541 1728 601 1771 non
618 1719 708 1787 esset,
724 1713 793 1790 quia
805 1720 874 1789 post
884 1714 1114 1791 appellationem

87 1806 187 1860 cessat
196 1799 363 1875 iurisdictio
375 1800 482 1876 judicis
496 1819 514 1860 a
529 1818 604 1876 quo,
620 1801 651 1860 in
663 1802 721 1862 allo
735 1819 808 1862 vero
832 1820 903 1862 casu
919 1804 1114 1880 appellatioa

88 1905 216 1948 censura
237 1889 327 1949 habet
350 1895 465 1949 tantum
490 1891 628 1951 effectum
650 1891 864 1966 devolutivum,
880 1892 949 1969 quia
966 1892 1113 1953 sententia

87 1995 284 2039 censurarum
297 1980 336 2038 ob
348 1987 463 2039 arctam
482 1997 572 2056 quam
590 1981 680 2040 habet
694 1998 764 2040 eum
779 1982 876 2042 anima
892 1982 1113 2043 connexionem

87 2085 192 2128 seeum
205 2069 291 2129 affert
304 2069 513 2129 executionem
528 2072 579 2142 (t).
596 2070 680 2129 Unde
691 2086 820 2130 censura
832 2071 960 2130 relaxari
975 2089 1035 2131 non
1050 2077 1115 2148 pot-

87 2163 145 2230 est,
162 2157 219 2216 nisi
232 2157 341 2217 auditis
363 2157 507 2233 partibus
524 2165 555 2217 et
576 2157 695 2234 cognita
713 2175 813 2232 causa,
835 2176 902 2234 qoae
924 2158 950 2218 si
971 2165 1114 2235 appareat

81 2247 164 2322 juste
178 2247 248 2320 lata,
263 2252 293 2306 et
306 2263 377 2306 rens
390 2246 611 2306 absolutionem
629 2263 699 2306 cnm
714 2247 922 2307 emendatione
933 2246 1032 2307 debita
1042 2264 1113 2324 prae·

86 2341 155 2409 stat,
166 2352 223 2410 pro
236 2335 422 2394 absolutione
436 2334 633 2394 remittendus
647 2341 695 2394 est
702 2335 820 2410 judicia
832 2352 908 2412 quo,
919 2335 945 2394 si
956 2353 1028 2396 vero
1040 2336 1113 2412 iuju-

86 2431 134 2483 sta
152 2424 232 2484 clare
249 2430 401 2501 appareat,
415 2422 508 2498 judex
524 2423 589 2498 ipse
603 2423 641 2483 ad
656 2441 745 2500 quem
759 2425 913 2484 absolvere
926 2424 1029 2497 debet,
1043 2432 1073 2484 et
1088 2425 1113 2484 si

85 2515 208 2573 demum
223 2513 260 2572 de
276 2512 389 2588 iustitia
403 2511 563 2585 dubitetur,
579 2523 705 2588 uterque
717 2513 811 2588 judex
829 2518 927 2589 potest
949 2513 1111 2573 absolutio·

86 2618 156 2662 nem
175 2601 247 2660 dare
265 2605 316 2673 (3).
333 2600 430 2660 Tertio
450 2599 475 2658 si
495 2608 672 2661 censuratus
691 2601 729 2660 sit
742 2601 944 2661 absolvendus
958 2602 996 2661 ad
1010 2609 1111 2662 caute·

84 2692 155 2762 lam,
174 2689 294 2765 quando
308 2685 393 2748 adest
407 2689 540 2761 dubium,
562 2707 600 2750 an
625 2707 753 2749 censura
776 2689 813 2749 sit
833 2696 995 2765 contracta,
1010 2691 1059 2750 vel
1073 2690 1112 2750 ad

84 2777 323 2850 reincidenliam,
339 2778 458 2853 quaudo
473 2795 535 2836 suae
557 2795 616 2837 nou
642 2778 801 2838 satisfaciat
815 2778 986 2854 obligationi
1000 2797 1048 2839 ex.
1064 2796 1110 2855 gr.

85 2869 124 2926 de
138 2867 246 2926 stando
257 2866 288 2925 in
301 2867 378 2941 jure,
392 2867 440 2926 vel
451 2866 489 2926 de
499 2867 631 2942 parendo
644 2867 790 2925 mandatis
800 2867 954 2941 Ecclesiae,
968 2869 1051 2944 prius
1065 2868 1113 2928 de

82 2958 138 3016 bet
152 2963 296 3032 praestare
311 2954 552 3030 satisfactionem,
567 2955 593 3014 si
607 2973 734 3015 cerrsura
748 2955 785 3015 sit
799 2958 857 3017 lata
872 2957 910 3015 ob
925 2958 1111 3018 manifestam
1164 2977 1167 2983 ·

83 3047 242 3118 offensam,
263 3046 311 3104 vel
333 3060 529 3120 compensare
550 3061 707 3120 expensas,
729 3052 759 3105 et
780 3045 913 3105 debitum
932 3047 1059 3122 solvere,
1085 3046 1111 3105 si

84 3151 216 3194 censura
231 3134 270 3193 ob
281 3133 468 3192 manifestam
482 3133 707 3193 'contumaciam
719 3135 777 3194 lata
788 3134 886 3209 luerit,
902 3152 938 3196 ac
951 3143 1056 3212 postea
1071 3133 1109 3194 ad

84 3223 221 3284 tramites
232 3222 308 3298 juris
319 3228 494 3282 censuratus
507 3229 606 3298 potest
620 3221 733 3282 absolvi
748 3225 799 3294 (l).

116 3370 154 3436 (l)
167 3369 227 3421 Bul.
244 3369 383 3421 Benedicti
393 3369 471 3420 XIII.
483 3367 652 3420 Giraldusad
663 3369 704 3418 tit.
719 3369 753 3420 de
767 3370 856 3434 appel.
871 3371 900 3421 in
910 3369 1025 3436 append.
1040 3371 1064 3421 3.
1078 3395 1111 3408 -

82 3442 121 3506 (I)
136 3443 202 3508 Cap.
218 3441 259 3499 20,
273 3441 306 3492 de
321 3446 389 3492 sent.
405 3454 507 3492 excom.
522 3441 550 3490 in
564 3441 588 3503 6,
603 3445 629 3491 et
643 3454 703 3506 cap.
719 3441 758 3504 37,
773 3441 807 3492 de
821 3442 911 3506 appel.
928 3441 998 3492 Hinc
1018 3440 1109 3506 sequi-

83 3519 140 3575 tur,
154 3513 282 3563 clericum
296 3512 439 3562 violantem
450 3524 592 3563 censuram
605 3513 634 3562 in
646 3513 733 3578 primo
747 3525 812 3564 casu
824 3526 878 3563 non
886 3513 1025 3564 incurrere
1039 3513 1108 3564 irre·

82 3584 269 3650 maritatam,
285 3582 349 3636 licat
359 3583 507 3636 consultius
525 3583 570 3645 sit,
582 3587 615 3636 nt
627 3597 675 3649 par
686 3583 808 3648 judicem
821 3583 853 3635 ad
872 3596 953 3648 quam
966 3583 1001 3636 ad
1014 3586 1105 3636 cauta·
