2410 4068
475 208 635 266 ...245-

52 326 101 386 sive
112 327 322 402 proprietatem
333 329 600 406 jurispatronatus,
617 332 670 391 sed
687 338 717 391 et
730 332 788 406 ille,
804 334 854 409 qui
874 340 921 395 est
934 337 964 395 in
978 337 1066 412 paee,
1152 347 1155 358 ·

52 415 105 486 lea,
117 421 145 475 et
156 416 330 477 immediate
342 418 543 494 possessione,
557 419 708 501 eut-quasi
720 422 912 496 possessione
926 442 1060 500 praesen-

52 503 126 576 tandi,
147 507 239 565 modo
262 507 341 566 adsit
357 508 438 566 hone
457 507 543 581 fides,
558 515 587 568 et
608 509 651 568 sic
667 516 863 585 praesentatus
876 512 907 572 in
921 513 1059 574 beneficii
1124 515 1127 519 ’

51 593 256 664 possessionem
276 602 322 654 est
345 595 562 670 immittendus,
576 615 595 656 a
607 615 671 673 ,qus
695 615 857 674 numquam
878 599 967 674 cudit,
989 602 1060 662 lieet

52 687 135 754 postea
147 690 336 759 compertum
345 685 406 758 ilat,
418 691 650 760 praesentantem
662 703 768 746 verum
782 704 842 746 non
856 687 947 750 fuisse
959 697 1058 766 patro

51 785 114 840 num,
128 771 196 846 quie
211 780 297 831 actus
306 773 544 848 presentationis
557 780 604 834 est
616 774 705 836 veluti
715 775 831 835 fructus
842 775 1057 855 jurispatrona-

50 863 85 917 tus
98 861 232 920 :linctus
245 869 346 922 autem
367 863 411 922 rei
430 881 449 922 e
468 864 555 923 bones
578 862 647 926 iidei
669 880 845 940 possessore
864 865 944 928 licite
957 869 1070 944 perei-¹

48 946 172 1021 pientur(
193 954 216 1022 ).

69 1111 97 1176 (1)
109 1113 169 1179 Gap.
187 1115 218 1166 19
232 1113 266 1166 do
278 1116 368 1182 jurep.
381 1117 409 1168 si
423 1117 513 1168 tamen
525 1116 577 1169 hoc
587 1117 615 1168 in
624 1131 689 1170 casu
699 1119 751 1168 duo
763 1121 971 1187 praesententur,
983 1123 1054 1174 unus

46 1183 127 1235 edicto
139 1199 310 1252 possessore,
323 1191 350 1239 et
364 1187 435 1239 alins
448 1202 465 1240 c
478 1192 600 1253 petrono2
611 1189 701 1240 adhuc
714 1188 862 1241 attenditur
871 1190 982 1242 ultimus
996 1197 1052 1244 ste·

46 1257 86 1316 tus,
100 1261 127 1308 nt
144 1259 250 1320 dicunt,
266 1262 293 1308 et
315 1264 495 1327 praesentatus
510 1272 526 1309 e
548 1260 748 1326 possessorem
766 1260 890 1311 beneficii
904 1262 1052 1325 possessio-

45 1337 93 1374 nem
103 1327 288 1380 immittendus
302 1335 353 1389 est,
364 1332 479 1394 cumjus
489 1331 596 1395 petroni
606 1335 711 1382 nonest
722 1331 837 1392 clerum,
848 1345 938 1398 neque
950 1332 979 1382 in
987 1345 1051 1384 con-

45 1394 121 1446 liuenti
135 1401 290 1464 probatum,
311 1400 358 1454 sed
382 1401 529 1460 turbidum,
544 1407 571 1451 et
591 1401 696 1452 ultionis
722 1401 866 1466 indaginis,
881 1407 911 1452 ut
933 1401 1053 1468 loquitur

45 1465 69 1515 de
80 1467 144 1520 Luca
157 1471 210 1522 loc.
226 1472 270 1522 cit.
286 1487 312 1523 n.
328 1473 366 1523 83.
384 1472 471 1522 Aliter
484 1473 507 1523 si
520 1473 593 1524 esset
606 1474 713 1523 omnino
726 1472 830 1523 clerum
847 1477 876 1524 et
892 1473 1011 1536 evidens,
1023 1482 1052 1526 re

45 1536 137 1603 integre,
147 1541 176 1592 in
190 1541 317 1594 beneficii
338 1545 536 1608 possessionem
555 1542 740 1596 immittendus
757 1547 828 1596 esset
840 1549 1052 1610 presentetuse

45 1614 146 1670 petrono,
160 1613 227 1678 quia
240 1615 391 1680 proprietas
404 1616 512 1680 cognito
534 1615 663 1666 obsorbet
676 1627 786 1666 oensem
799 1615 990 1680 possessionis,
1009 1616 1049 1667 eis

45 1692 83 1742 qne
93 1685 229 1747 prevalet.
241 1686 306 1750 Cep.
322 1687 346 1743 6,
361 1685 395 1736 de
408 1699 481 1739 cens.
498 1699 615 1752 possess.
632 1685 698 1736 Haec
708 1687 774 1750 iuro
792 1686 973 1750 possessionis
988 1700 1049 1753 pro·

45 1756 99 1809 sunt,
114 1767 173 1806 enm
195 1755 310 1820 qnaestic
331 1757 445 1806 vertitur
461 1755 532 1806 inter
551 1759 738 1820 praesentatos,
757 1755 801 1806 vel
820 1757 890 1808 inter
903 1759 1048 1822 patronos:

44 1831 90 1869 nan
106 1823 128 1872 si
140 1827 257 1890 quaestio
269 1829 390 1876 vertatur
403 1825 474 1877 inter
489 1830 656 1890 patronoset
670 1827 819 1876 Ecclesiam
833 1840 866 1878 ea
881 1827 1050 1878 observande

45 1898 122 1958 essent,
135 1909 198 1962 quae
213 1906 296 1962 supra
311 1895 432 1961 exposite
446 1900 510 1946 sunt
530 1895 564 1947 de
578 1895 757 1962 acquisitione
775 1894 1002 1962 lurispetronetus
1015 1911 1049 1948 ex

44 1965 120 2022 gretia.

69 2152 120 2209 559,
135 2157 209 2212 cum
223 2153 325 2228 plures
339 2159 409 2231 sunt
433 2153 562 2230 petroni,
582 2153 720 2212 omnibns
739 2153 788 2228 ins
810 2151 952 2228 competit
970 2161 1047 2228 prees

45 2241 167 2316 sonandi,
188 2242 240 2317 qui
254 2243 279 2300 si
291 2243 330 2302 ed
343 2243 584 2318 praesentandum
598 2248 775 2301 extraneum
784 2241 948 2316 admittant,
959 2241 1047 2300 hicin

45 2339 77 2396 ea,
89 2335 114 2386 el
134 2332 328 2406 sequentibus
342 2333 621 2408 praesentationibus
644 2329 759 2388 ratione
781 2329 979 2403 possessionis
994 2347 1048 2388 eo·

44 2409 164 2491 lenjnre
176 2419 337 2494 juvabitur,
359 2419 414 2478 nisi
430 2437 484 2496 per
499 2419 688 2480 ordinarium
708 2415 879 2491 repelletur.
895 2422 930 2476 At
943 2415 968 2474 si
980 2417 1046 2491 qui-

43 2497 94 2560 dam
107 2505 181 2566 inter
192 2516 336 2583 patronos
349 2509 408 2568 sint
421 2508 563 2584 impediti,
575 2514 671 2566 totum
679 2507 905 2580 juspetronetns
914 2503 1046 2562 consoli-

44 2586 112 2652 dator
123 2595 150 2688 pn
165 2597 231 2656 eliis
245 2615 306 2656 non
316 2597 466 2674 impeditis
480 2613 534 2673 per
542 2599 594 2674 jos
611 2613 674 2656 nou
692 2591 881 2663 decomeendi,
896 2597 931 2650 nt
944 2589 1047 2689 dicunt
1116 2597 1118 2602 '

44 2679 254 2762 lectoresque
267 2686 478 2763 quodcumque
492 2701 603 2761 corpus
616 2685 731 2744 morale
744 2697 783 2741 ex
796 2678 896 2740 multis
911 2691 1047 2754 personis

44 2772 214 2834 onsntururn
230 2782 461 2850 repraesentatur
476 2791 529 2850 por
543 2790 664 2850 paucae,
679 2773 771 2832 immo
785 2775 815 2830 et
835 2783 890 2844 per
903 2778 1006 2840 unum,
1020 2766 1046 2826 si

44 2853 92 2914 aliae
103 2863 278 2922 necessitate
296 2864 505 2939 impediantur,
529 2863 578 2922 vel
598 2862 751 2920 voluntate
770 2876 803 2918 se
822 2855 931 2918 iaciant
944 2861 1045 2916 extra·

44 2955 107 3005 neas.
121 2951 267 3026 simliter,
282 2952 371 3028 siqui
382 2952 459 3014 inter
469 2958 612 3026 patronos
626 2949 753 3023 nolliter,
764 2949 812 3007 vel
822 2946 899 3006 male
913 2961 1044 3021 praesen·

44 3035 99 3108 tent,
113 3040 293 3117 reliquorum
306 3041 337 3101 in
351 3040 582 3114 medietate,·vel
601 3038 631 3098 in
646 3045 730 3116 parte
751 3036 861 3098 minori
882 3043 1046 3113 praesenta·

43 3123 74 3184 lio
83 3131 175 3205 velet(
195 3135 216 3202 ).

67 3292 96 3356 ll)
105 3294 139 3347 lle
149 3297 221 3349 Luco
230 3296 265 3348 de
280 3296 369 3348 henes.
381 3295 534 3362 disc.',23.n.
550 3298 565 3348 9
578 3298 606 3348 et
616 3294 682 3348 diso.
695 3293 735 3358 28,
745 3305 772 3344 u.
789 3293 825 3346 18.

70 3499 122 3560 560.
136 3507 175 3562 lte
186 3508 296 3564 cetero
309 3501 430 3578 ¹patroni
444 3507 558 3578 queunt
569 3517 666 3576 usque
686 3499 726 3558 sd
739 3497 878 3557 ultimam
893 3493 973 3553 diem
988 3496 1047 3552 ter-

45 3583 310 3676 uolumenum,
326 3599 356 3654 et
369 3591 395 3653 si
408 3598 543 3668 tempore
557 3589 622 3650 utili
641 3591 824 3666 praesentent
844 3583 985 3737 eliqrarm,
996 3579 1051 3657 qui
