2432 4078
508 165 670 224 -sn-
724 193 744 238 ·¹

128 287 179 346 oto.
194 288 282 346 Pacta
294 299 476 362 ortamquam
497 286 587 359 nude,
610 287 702 348 modo
721 293 805 348 recte
817 286 889 347 inita
902 287 970 360 sint,
985 303 1025 348 ex
1039 287 1106 364 Jure

101 373 207 434 merati
229 380 260 436 et
278 375 434 450 canonico,
459 376 669 453 obligationem
693 377 857 438 naturalem
881 377 1011 454 pariunt,
1037 377 1107 454 quia

100 477 246 523 consensus
268 462 368 524 debito
402 463 493 524 modo
518 466 670 542 praestitus
697 465 775 526 inter
795 471 897 542 pertas
920 465 1106 542 paciscentes

98 551 176 628 legem
188 552 313 626 incitet
332 552 402 629 quia
415 552 494 614 sacri
507 569 640 614 canones
655 553 827 638 disponunt,
840 559 929 630 pena
946 561 1116 630 quantum,

98 656 208 718 cumque
232 642 314 702 nude
339 642 486 702 servande
507 659 574 704 esse
593 647 644 716 (t).
660 646 753 703 Tanto
779 642 875 719 magis
897 641 1105 719 obligationem

97 728 199 804 pariunt
211 735 300 806 pecta
314 731 432 805 vestita,
451 747 518 808 quae
534 729 706 807 obligationi
727 730 854 792 naturali
866 730 980 792 addunt
992 731 1104 808 obliga·

97 819 191 880 tionem
205 819 322 880 civilem
346 826 376 880 et
390 819 557 895 actionem,
571 820 651 898 quod
665 819 695 878 in
710 819 811 896 specie
824 819 904 896 pacti
914 821 1004 896 iurati
1018 827 1106 882 tuno-

97 908 195 968 oentius
207 913 256 983 lll,
280 909 409 969 firmavit
426 913 478 983 (2).
499 915 561 970 lloc
579 916 678 970 tamen
701 925 763 968 non
777 914 823 968 est
835 908 1056 970 extendendum
1069 909 1109 970 ed

22 1019 23 1054 l
95 995 244 1074 simplicem
256 997 511 1074 pollicitationem,
526 999 574 1060 vel
594 996 823 1075 promissionem
841 1003 910 1058 ante
927 998 1108 1075 acceptatio-

94 1101 165 1148 nem:
180 1103 250 1148 nem
259 1103 328 1148 cum
343 1085 501 1164 promissio
514 1104 576 1165 pree
589 1104 622 1148 se
634 1089 710 1148 terat
719 1102 899 1148 consensum
912 1104 952 1148 ex
967 1104 1027 1148 una
1040 1093 1107 1150 tan·

94 1178 146 1235 tum
168 1182 262 1251 parte,
286 1175 367 1251 perti
389 1183 526 1236 naturam
540 1191 601 1236 oon
615 1177 710 1248 affert,
725 1173 783 1236 nisi
804 1176 1108 1254 postalteriuspartis

93 1265 339 1341 acceptationem:
355 1281 449 1342 quare
463 1265 624 1343 promissio
641 1271 710 1324 ante
729 1264 851 1324 alterius
863 1264 957 1340 partis
969 1273 1107 1342 accepta·

95 1350 191 1412 ionem
214 1353 353 1414 revocari
376 1360 484 1430 potest.
509 1351 704 1414 Nihilominus
719 1369 757 1413 ax
770 1352 828 1412 hac
844 1353 948 1430 regula
961 1353 1108 1429 excipitur

92 1453 154 1500 vera
165 1441 321 1516 promissio
334 1441 445 1520 aliquid
455 1441 593 1516 leniendi,
606 1443 654 1502 vel
665 1439 755 1502 dandi
766 1441 905 1514 Ecclesiae
915 1442 1105 1518 pauperibus,

91 1533 136 1588 aut
148 1527 194 1604 pio
214 1531 283 1591 loco
307 1531 346 1590 ad
360 1531 507 1592 honorem
521 1531 586 1604 llei,
601 1537 631 1591 et
642 1531 771 1592 salutem
784 1530 889 1590 atrimae
905 1549 911 1590 :
925 1530 1020 1608 qualis
1033 1547 1105 1607 pro·

90 1617 182 1678 missio
194 1615 232 1680 ex
249 1620 401 1681 communi
414 1621 576 1681 Doctorum
594 1619 740 1680 sententie
757 1618 967 1696 obligationem
981 1619 1104 1694 inducit,

88 1703 197 1767 licetah
218 1708 361 1784 Ecclesia,
383 1726 436 1769 seu
457 1725 475 1769 a
492 1725 659 1786 pauperum
672 1709 867 1784 locorumque
880 1707 998 1785 piorum
1010 1707 1105 1768 admi-

87 1793 287 1858 nistratoribus
303 1813 364 1858 non
379 1797 417 1858 sit
430 1798 529 1858 adhuc
545 1802 709 1872 acceptata.
725 1796 808 1857 Retio
822 1803 878 1872 est,
893 1797 962 1874 quia
976 1796 1104 1873 promia·

88 1879 127 1942 sio
140 1885 307 1961 hujusmodi
331 1886 397 1948 fleri
418 1892 557 1948 censetur
574 1884 776 1962 principaliter
797 1889 869 1961 Deo,
892 1903 910 1948 a
932 1886 1045 1962 quasi
1066 1885 1106 1947 sit

87 1969 222 2036 adinstar
235 1975 299 2037 voti
313 1974 412 2036 statim
426 1978 625 2052 acceptetur(
645 1980 666 2048 ).

38 2159 42 2168 ·
112 2133 144 2200 (t)
157 2135 218 2202 Gap
232 2137 258 2199 t,
268 2135 302 2188 ua
316 2139 387 2201 pact.
401 2135 431 2187 in
444 2147 499 2202 qno
512 2133 624 2200 legitur:
639 2133 698 2188 Pon
709 2136 837 2198 temtor.
848 2137 930 2201 poeto
944 2135 1102 2191 castodien-

88 2207 136 2258 ίαν.
153 2207 255 2260 idcirco
279 2213 388 2274 pactum
413 2207 459 2258 det
485 2207 679 2270 exceptionem,
704 2205 819 2258 admittit
840 2209 1098 2273 compensationem,

85 2275 256 2341 fideiussores,
273 2282 301 2330 et
315 2279 437 2344 pignore.
452 2277 538 2342 linget
548 2275 582 2329 de
597 2281 667 2341 pact.
678 2290 704 2327 n.
715 2275 740 2328 9.
756 2275 929 2330 Reiffeustuel
943 2278 1001 2330 eod.
1014 2293 1040 2330 n.
1053 2281 1092 2331 29.

87 2347 153 2414 -(2)
166 2349 231 2414 Gap.
245 2347 288 2407 28,
300 2345 333 2400 ce
352 2349 431 2414 jurei.
447 2376 477 2384 -
490 2349 525 2412 (3)
538 2345 576 2400 Ut
592 2361 676 2414 penes
690 2348 825 2399 Romanos
835 2347 972 2414 obligabat
986 2349 1095 2414 pollici·

85 2417 142 2470 letio
155 2419 224 2470 tecta
239 2419 394 2484 reipublice
415 2419 448 2471 ed
466 2419 648 2486 repetendam
666 2419 783 2478 ruinam,
805 2417 848 2469 vet
868 2419 1032 2479 incendium,
1053 2420 1096 2472 vei

85 2490 267 2552 gmtitudinarn
279 2491 451 2555 servandam,
465 2491 483 2542 l.
507 2492 527 2553 Ι,
544 2489 572 2542 ff.
586 2489 621 2542 tle
634 2489 746 2555 pollicit.
761 2492 788 2542 et
805 2503 855 2553 per
867 2492 914 2542 tot.
930 2489 976 2542 Sic
995 2490 1098 2556 obligat

85 2561 231 2624 pollicitatio
246 2562 319 2616 tacte
327 2561 466 2627 Ecclesiae,
482 2561 526 2616 cel
535 2561 614 2614 alteri
626 2573 717 2614 ceusae
730 2561 793 2628 pie.
805 2560 891 2626 unget
904 2560 938 2614 de
948 2566 1019 2628 pact.
1038 2568 1066 2616 n.‘
1083 2562 1100 2615 t

91 2636 115 2682 st
126 2633 164 2686 rt.

112 2840 172 2898 ott.
186 2843 266 2900 luter
279 2841 451 2898 contractus
464 2835 514 2896 alii
527 2839 607 2910 sunt,
626 2833 677 2910 qni
690 2833 829 2896 dicuntur
843 2835 906 2896 ocri
919 2843 1097 2909 contractus,

81 2927 175 3002 etalii,
189 2927 341 3004 qniqoosc'
366 2922 549 2995 momentus:
566 2924 762 3000 appellentur.
784 2924 856 2987 Veri·
874 2928 1102 2990 contractusilli

79 3023 154 3091 sunt,
168 3016 219 3094 qui
235 3031 353 3089 nonan,
375 3021 405 3076 et
431 3013 607 3090 expressum
620 3011 732 3074 habent
744 3013 875 3090 partium
899 3033 1100 3091 consennrmt

78 3105 159 3178 noan
184 3111 359 3166 contmcma
384 3109 485 3164 eutem
510 3101 563 3175 illi,
582 3101 633 3178 qui
646 3101 757 3162 habent
778 3102 904 3178 partium
918 3121 1101 3166 consensum

78 3189 260 3269 implicitum,
274 3193 322 3254 rel
334 3196 549 3268 presumptum
562 3194 614 3262 (t).
630 3189 665 3250 lli
679 3188 764 3265 qussi
783 3199 957 3254 contractus
969 3193 1098 3254 lundan-

81 3283 125 3340 tur
136 3281 265 3344 intactis
278 3280 420 3354 honestis,
444 3286 475 3340 et
493 3279 622 3350 utillime,
645 3284 770 3354 propter
785 3296 852 3356 quae
867 3280 933 3355 quis
955 3297 994 3340 ax
1008 3277 1101 3355 apu-

80 3372 136 3430 tnte
159 3372 316 3448 ohliffltur,
345 3370 414 3447 quia
434 3368 503 3430 licet
526 3383 670 3444 expresse
693 3383 755 3427 non
779 3366 976 3438 consenserit,
999 3373 1099 3426 tamen

79 3455 153 3530 iuste
164 3461 352 3538 pmnrmtmr
373 3457 571 3520 consensisse.
597 3456 646 3516 sic
661 3462 740 3518 tutor
758 3457 845 3532 qussi
866 3454 1014 3516 contrahit
1027 3471 1098 3517 oum

81 3549 195 3627 pupillo,
207 3557 242 3612 nt
254 3551 309 3612 itte.
323 3555 406 3612 recte
428 3545 560 3610 officium
572 3561 661 3608 suum
674 3552 825 3620 exerceat,
844 3549 874 3608 et
887 3544 937 3606 hic
955 3542 1039 3606 illum
1052 3543 1099 3606 in·
