2524 4080
496 251 661 310 ..335-

69 373 190 452 pecunia
204 389 297 450 penes
308 373 447 434 ultimum
465 373 600 450 deposita
617 374 714 435 eidem
728 379 861 435 mutuata
875 375 1036 452 trabeatum
1051 375 1085 435 ilt

69 461 193 535 novatio,
203 468 316 522 mutmo
331 462 489 535 creditore,
500 463 526 522 si
540 464 619 540 qnod
629 463 714 524 Gaius
727 463 816 524 debet
828 462 900 524 litio
910 481 963 540 per
977 481 1086 526 novam

69 549 293 612 conventionem
306 551 453 612 tribuatur
467 553 654 629 Semproni03
670 559 700 613 et
711 552 745 611 tlt
762 551 893 628 novatio,
908 559 1021 614 mutato
1033 553 1085 614 de-

67 638 171 714 bitore,
188 637 307 716 siquod
325 639 409 700 Caius
425 641 513 702 debet
527 641 609 715 litio,
626 641 743 702 solvere
763 641 931 718 paciscatur
948 647 1085 718 Sempro-

66 728 151 788 nius:
173 729 259 804 enjus
279 729 447 790 novationis
469 732 640 808 exemplum
660 730 805 791 habemus
821 731 851 790 in
872 737 904 791 l).
921 733 1020 804 Paulo,
1037 731 1088 808 qui

66 817 209 893 promisit,
226 833 259 876 se
279 820 455 891 soluturum,
478 820 560 896 quod
580 818 743 880 Philemoni
759 819 886 880 debebat
911 819 1086 880 Oneshnus:

68 906 100 967 st
115 906 238 982 ethuici,
254 907 304 980 ait,
324 909 425 968 nocuit
441 907 500 982 tibi,
516 915 570 969 aut
583 907 660 968 debet
674 906 863 981 (Onesimus),
876 909 929 968 boc
943 909 1019 968 mibi
1031 910 1087 968 int·

63 1003 155 1072 putu:
169 1011 217 1070 ego
231 995 346 1058 Paulus
360 997 544 1073 scripsisses
556 1013 662 1067 mauu,
678 1013 725 1073 epo
734 997 915 1068 reddanttl).
927 997 1092 1072 FosthuJ'us

66 1083 272 1161 promissionis
285 1084 660 1161 acceptationem'perlecta
673 1085 727 1145 luit
742 1085 871 1159 novatio,
882 1103 948 1160 qnae
960 1103 978 1144 a
990 1091 1091 1146 Roma·

68 1175 116 1233 nis
130 1171 285 1233 dicebatur
299 1173 364 1233 fleri
373 1191 428 1250 per
440 1167 706 1250 repromissionem.
720 1173 891 1254 Novationis
900 1175 1022 1234 effectus
1036 1179 1090 1248 est,

66 1269 99 1322 ut
118 1277 175 1338 per
202 1278 270 1322 eam
291 1260 387 1338 prima
414 1262 556 1339 obligatio
575 1263 737 1339 perimatur
752 1262 873 1322 omnino
893 1280 963 1322 eum
977 1263 1093 1338 iuribus

63 1351 123 1412 sibi
142 1349 292 1427 adjunctis
310 1351 497 1428 hypotheca,
524 1358 576 1411 aut
593 1351 803 1428 fideJussionis,
824 1358 874 1410 aut
885 1351 1039 1427 privilegii,
1064 1358 1094 1412 et

63 1457 147 1500 nova
161 1445 333 1516 consurgat,
349 1439 390 1500 ita
405 1447 437 1500 ut
451 1441 489 1500 ad
503 1439 657 1516 antiquum
673 1441 838 1500 debitorem
851 1456 912 1500 non
926 1440 1012 1501 detur
1030 1457 1091 1502 am·

65 1530 149 1605 plius
162 1545 319 1606 regressus
333 1529 448 1590 etiamsi
463 1529 668 1606 expromissor
682 1529 826 1592 solvendo
840 1547 901 1590 non
918 1529 956 1590 sit
970 1533 980 1601 t
1000 1533 1020 1602 ).

94 1691 134 1756 (l)
148 1689 236 1758 Epist.
250 1691 285 1742 ad
298 1690 413 1742 Philam.
428 1692 453 1753 t.
473 1692 510 1742 18.
524 1691 599 1758 -(2)
611 1691 690 1744 Unde
699 1691 805 1744 novatio
820 1690 970 1744 acessions
984 1689 1093 1742 differt:

61 1777 130 1814 nam
145 1776 196 1828 per
210 1763 359 1814 cessionem
371 1776 425 1813 non
446 1762 613 1827 extinguitur
630 1762 719 1826 prima
730 1761 875 1828 obligatio;
891 1768 918 1813 et
932 1762 991 1812 ideo
1006 1763 1093 1813 cessio

61 1833 127 1886 fieri
142 1833 343 1900 potestabsque
359 1845 492 1886 consensu
511 1833 660 1894 debitoris;
673 1835 737 1884 dnm
756 1833 863 1884 novatio
884 1834 966 1886 talem
979 1846 1093 1884 consen.-

59 1919 126 1957 sum
147 1903 271 1969 requirit,
286 1904 349 1969 quia
368 1917 466 1957 novam
485 1904 684 1970 obligationem,
708 1904 792 1958 veteri
815 1905 941 1968 extincta,
960 1905 1094 1958 efformet.

97 2093 167 2150 70¹1.
187 2090 312 2150 Ultimus
322 2090 446 2164 modus,
465 2105 525 2165 quo
543 2090 622 2150 lacto
636 2088 765 2150 bominis
778 2089 917 2165 obligatio
928 2088 1094 2166 perimitur,

58 2187 113 2242 est
127 2177 329 2254 acceptilatio,
344 2195 411 2254 quae
420 2177 568 2254 significat
577 2186 725 2254 acceptans
738 2178 852 2248 babere,
867 2182 897 2237 et
910 2177 1042 2238 debitum
1055 2177 1096 2236 ita

57 2268 203 2340 remittit,
227 2284 265 2326 ac
285 2267 310 2328 si
331 2269 396 2344 eins
417 2267 523 2328 solutio
549 2284 604 2343 per
631 2267 811 2348 creditorem
834 2273 956 2342 accepta
982 2265 1094 2325 luisset.

57 2357 151 2420 Unde
166 2355 354 2431 acceptilatio
368 2355 457 2416 hodie
469 2355 548 2416 idem
563 2362 660 2428 sonat,
674 2353 709 2415 ac
723 2355 812 2415 debiti
828 2352 1017 2426 condonatio,
1034 2352 1097 2412 sive

53 2445 215 2518 remissio,
232 2463 298 2521 quae
309 2445 374 2505 fieri
389 2450 487 2520 potest
501 2459 633 2521 repressa
646 2461 700 2519 per
720 2444 824 2517 verba,
839 2451 869 2502 et
884 2443 968 2501 tacite
981 2459 1030 2501 ex.
1047 2457 1092 2516 gr.

57 2553 125 2613 per
140 2533 360 2595 restitutionem
375 2533 565 2609 chirographi
584 2531 735 2608 originalis
751 2531 808 2609 ipsi
828 2529 965 2600 debitori,
979 2537 1029 2591 aut
1042 2545 1097 2606 per

55 2624 207 2701 eJusdem
222 2622 410 2699 ehirographi
421 2621 663 2694 destructionem,
680 2621 749 2697 quia
762 2637 801 2681 ex
814 2619 861 2679 his
871 2618 958 2680 factis
972 2618 1097 2679 credito

52 2714 109 2774 ris
124 2713 267 2772 voluntas
290 2711 423 2772 debitum
440 2710 610 2770 remittendi
634 2709 788 2770 evidenter
810 2709 944 2768 resultat.
966 2707 1024 2768 Sed
1042 2723 1098 2783 per

56 2799 293 2862 restitutionem
304 2799 437 2877 pignoris
449 2798 540 2859 debiti
552 2797 688 2858 remissio
697 2813 758 2857 non
766 2796 966 2875 presumitur,
976 2813 1046 2856 cum
1059 2811 1099 2856 ex

50 2891 128 2951 hoc
144 2890 210 2950 solo
224 2891 305 2949 iacto
321 2905 381 2948 non
405 2894 547 2964 arguatur
560 2888 590 2946 in
605 2886 751 2948 creditore
773 2887 905 2947 debitum
928 2885 1099 2946 remittendi

49 2981 221 3051 voluntas,
236 2977 307 3054 qnia
327 2976 392 3036 aliis
403 2975 492 3052 justis
512 2973 609 3034 causis
622 2980 721 3050 potest
737 2975 776 3035 ad
787 2975 895 3053 pignus
909 2975 1035 3035 debitori
1048 2989 1097 3034 re·

52 3066 257 3128 stituendum
271 3066 401 3127 creditor
413 3063 514 3125 induci
522 3069 578 3138 tt).

95 3220 221 3288 (l)'1'am
243 3220 360 3279 novatio,
378 3233 460 3286 quam
480 3217 660 3284 acceptilatio,
683 3219 817 3284 qnatenus
838 3217 1027 3270 alienationem
1049 3216 1098 3268 inr-

49 3297 192 3364 portant,
207 3307 223 3344 a
236 3303 328 3344 rerum
343 3291 588 3343 ecclesiasticarum
604 3289 868 3341 administratoribus
889 3289 947 3340 fieri
961 3300 1015 3339 non
1033 3287 1097 3352 post

50 3369 147 3428 sunt,
158 3365 212 3416 nisi
224 3364 403 3415 observentur
414 3362 597 3414 solemnitates
609 3374 659 3426 pro
670 3374 761 3413 rerum
772 3360 926 3413 earumdem
938 3357 1098 3410 alienatione

46 3435 245 3498 necessariae,
260 3434 296 3487 da
309 3435 409 3502 quibus
421 3435 491 3486 inira
507 3433 621 3500 egimus.
