2410 4068
584 117 747 172 ..252-

157 239 356 302 manderem
379 243 504 312 prosunt
526 237 565 296 ad
588 237 831 314 praesumendum
856 235 984 310 titulum,
1009 241 1038 296 et
1062 243 1120 296 tres
1139 237 1169 295 ad

156 327 377 401 colorandam(
397 333 418 399 l.

1190 221 1192 232 t

185 499 221 564 (l)
234 497 345 561 Riganti
358 495 393 548 ad
406 496 450 548 cit.
464 509 519 562 reg.
535 495 572 546 36.
589 493 657 547 Sunt
666 501 755 547 tumen
770 495 880 561 plurimi
890 507 980 554 casus,
993 495 1123 561 inquibus
1134 511 1167 547 re·
1192 489 1193 538 l

154 572 218 637 gula
232 570 266 620 de
286 569 411 619 triennali
431 567 518 620 locum
540 581 595 620 non
616 567 707 628 hebet,
728 581 845 633 quornm
865 567 919 618 duo
940 572 1126 618 enumerantur
1146 569 1167 618 in
1192 571 1193 578 ’

155 640 278 708 ejusdem
290 640 377 690 littera
388 659 395 689 z
407 640 506 690 etenim
519 639 659 690 triennalis
669 639 839 704 prescriptio
852 652 906 688 nou
920 637 1038 701 prodest,
1048 639 1092 688 ulii
1102 638 1167 689 simo·

154 715 249 764 niacus
267 711 318 762 luit
331 711 470 775 ingressus
487 710 520 760 ad
535 709 706 766 beneficium,
718 717 744 760 et
757 711 804 760 ubi
814 710 901 760 adluit
920 709 1067 760 reservatio
1080 710 1106 760 in
1117 723 1166 760 cor-

154 797 219 852 pore
229 784 302 848 juris
316 781 418 832 clausa.
437 781 575 832 Praeterea
593 780 735 832 triennalis
748 781 915 846 praescriptio
936 795 990 831 oon
1004 781 1116 846 prodest,
1127 783 1165 832 ubi
1193 797 1194 808 ¹

153 853 272 921 provisio
285 852 409 907 maerori
419 852 470 902 luit
482 851 622 904 evidenter
643 855 671 902 et
681 852 878 910 notorienulla.
891 852 937 901 uhi
948 864 1087 916 possessor
1095 854 1173 905 trien.

153 927 225 978 nelis
234 923 352 992 spolium
367 923 510 982 commisit,
525 923 572 974 ubi
583 923 645 988 quia
655 921 818 974 beneficium
829 924 881 974 oS.
898 923 969 976 Sede
983 923 1103 980 obtinuit.
1115 937 1166 974 cnm

154 1010 235 1048 onera
250 997 321 1046 intra
334 1001 437 1046 certum
451 1000 559 1060 tompus
574 995 675 1046 iturea
688 995 715 1044 in
731 995 760 1045 S.
776 993 930 1060 Theologia,
941 995 984 1044 vel
996 994 1091 1058 injure
1100 1008 1166 1044 cano·
1194 980 1195 1046 i

154 1069 214 1120 nico
229 1068 435 1132 consequendae,
449 1079 529 1130 quam
547 1074 656 1117 nonest
678 1073 849 1120 consecutus.
871 1073 898 1116 et
920 1065 949 1115 in
968 1065 1031 1118 aliis
1047 1065 1165 1118 similibus
1194 1047 1195 1108 Ῐ

153 1139 272 1192 casibus.
284 1139 324 1189 De
337 1138 409 1188 buca
422 1137 457 1188 de
470 1135 560 1188 benai.
575 1135 642 1187 diac.
652 1137 691 1188 at.
706 1135 816 1200 Riganti
827 1136 874 1186 loc.
886 1137 931 1188 cit.
1194 1147 1195 1156 ³

188 1364 253 1422 568.
271 1357 369 1420 remo
389 1355 533 1418 masticis
550 1356 689 1418 dicuntur
708 1373 817 1420 vacare
836 1357 969 1433 dejure,
990 1363 1022 1420 et
1043 1357 1079 1420 de
1096 1357 1163 1416 iacto

152 1448 250 1522 simul,
266 1464 337 1508 cum
349 1464 439 1508 nemo
453 1453 509 1520 est,
524 1446 575 1524 qui
588 1445 751 1521 possideat,
766 1453 797 1506 ct
810 1463 909 1519 nemo,
925 1447 977 1522 qui
989 1447 1092 1507 lrabeat
1104 1463 1162 1522 pos·
1195 1441 1196 1516 l

151 1538 268 1598 sidendi
279 1538 337 1614 jus.
351 1541 421 1598 tiaec
434 1534 645 1609 vocaliorem,
662 1542 691 1595 et
702 1537 790 1610 plena
804 1543 859 1608 est·
875 1553 941 1612 quae
953 1535 1053 1596 statim
1065 1537 1162 1610 absque

151 1626 209 1686 alio
223 1625 361 1686 examine
373 1627 420 1688 vel
434 1625 512 1684 iacto
525 1623 675 1686 collationi
692 1631 724 1684 ct
746 1625 893 1702 corporali
907 1624 1080 1687 institutioni
1097 1625 1161 1682 viam

150 1714 256 1792 aperit,
274 1731 400 1792 qnaeque
412 1713 556 1790 contingit
570 1731 623 1790 per
636 1721 774 1787 mortem,
791 1732 844 1790 per
862 1715 1023 1792 legitimam
1038 1713 1160 1789 privatio·

150 1821 230 1876 nem,
245 1810 276 1864 et
289 1820 344 1880 per
357 1802 482 1864 liberam
499 1802 763 1864 renunciationem.
780 1807 836 1862 Per
849 1811 978 1864 mortem
992 1803 1106 1879 quidam
1116 1819 1160 1860 na·
1196 1813 1197 1854 ῑ

149 1895 277 1954 turalem
293 1890 461 1952 beneficiati
483 1892 571 1966 plene
592 1893 625 1950 iit
647 1907 758 1952 vacans
779 1892 1024 1966 beneficentior
1045 1899 1074 1952 et
1093 1891 1159 1950 idern

148 1982 310 2044 dicendum
323 1981 361 2040 de
375 1979 541 2056 privatione
555 1980 698 2055 perfecta,
727 1986 756 2041 et
771 1987 925 2058 acceptata
939 1978 1156 2041 renunciatione.

180 2151 215 2214 (l)
235 2149 289 2200 Sed
302 2150 353 2200 hoc
367 2149 499 2199 limitatur
520 2146 548 2198 in
561 2147 691 2200 beneflcio
712 2148 793 2200 alteri
813 2148 898 2211 unito,
918 2149 947 2200 in
961 2164 1014 2216 quo
1030 2149 1090 2201 unio
1108 2150 1157 2212 post

147 2223 261 2274 mortem
276 2219 422 2286 perficitur,
435 2223 462 2271 et
473 2219 501 2270 in
516 2219 649 2270 beneficio
660 2219 732 2286 quod
746 2232 763 2271 a
776 2221 876 2273 vicario
895 2221 1007 2286 regitur,
1021 2222 1049 2273 in
1062 2235 1109 2287 quo
1118 2218 1156 2272 lli·

148 2293 215 2348 corii
224 2305 298 2346 mors
310 2292 478 2346 vacationem
491 2304 545 2344 noa
560 2291 672 2344 inducit.

180 2518 243 2576 tta.
264 2517 377 2576 Revera
390 2529 445 2590 per
455 2511 617 2590 legitimam
634 2505 832 2588 privationem
843 2514 1022 2576 beneficium
1037 2518 1116 2592 plene
1127 2513 1155 2572 iit

144 2621 266 2677 vocene,
287 2620 357 2664 oum
375 2602 509 2679 privatus
529 2600 750 2678 possessionem
772 2603 913 2677 deseruit,
936 2612 987 2663 aut
1006 2605 1043 2664 ab
1065 2604 1155 2664 eadem

147 2710 203 2771 per
224 2697 445 2767 competentem
458 2690 665 2750 auctoritatem
679 2690 734 2749 luit
747 2693 899 2768 expulsus.
915 2691 1054 2768 Legitima
1071 2696 1155 2750 autem

144 2780 281 2857 privatio,
303 2780 350 2840 vel
364 2797 404 2840 ex
417 2780 484 2856 ipso
496 2780 573 2856 jure,
591 2782 639 2839 vel
654 2795 693 2839 ex
704 2779 813 2854 judicis
828 2781 977 2841 sententia
991 2782 1154 2841 condemna-

142 2869 220 2928 torie
234 2867 379 2943 procedit.
402 2873 454 2928 lus
473 2869 670 2944 privationem
694 2885 748 2944 per
765 2885 798 2928 se
817 2867 994 2946 pronunciat
1012 2869 1153 2931 occasione

142 2953 266 3030 alicujus
285 2955 366 3028 faeti,
382 2963 433 3014 aut
456 2957 615 3018 occasione
633 2955 758 3032 alicuius
778 2958 898 3018 delicti:
919 2957 1074 3019 occasione
1086 2955 1151 3026 lacti,

143 3043 224 3119 quod
238 3047 347 3101 statum
361 3043 502 3119 importat
516 3063 586 3106 oum
599 3045 744 3106 beneflcio
759 3043 1022 3126 incompatibilem‚
1036 3053 1067 3108 ut
1077 3045 1103 3104 in
1113 3060 1152 3114 eo,

141 3130 192 3206 qui
206 3129 422 3206 professionem
442 3132 613 3208 religiosam
635 3131 731 3194 emisit
750 3135 849 3209 quoad
873 3133 1051 3194 heneficium
1072 3148 1152 3194 saecu·

140 3219 204 3280 lare
218 3224 287 3278 anta
299 3220 517 3295 professionem
530 3239 704 3300 possessum
718 3226 779 3295 (υς
794 3229 827 3286 ut
841 3223 870 3280 in
887 3240 934 3297 eo,
951 3223 1002 3299 qui
1015 3221 1151 3282 matrine-

141 3308 225 3368 nium
239 3307 388 3368 contraxit
402 3315 460 3382 (i);
477 3315 511 3369 ut
531 3309 560 3369 in
580 3329 628 3384 eo,
652 3310 702 3388 qni
723 3310 857 3372 militiam
877 3319 1022 3372 armatam
1038 3307 1152 3384 suscepit

140 3402 200 3472 t3);
217 3403 250 3456 ut
263 3395 293 3455 in
310 3415 346 3458 eo
366 3398 416 3474 qui
434 3399 471 3458 ad
491 3398 695 3474 episcopatum
710 3406 867 3475 promotus
881 3399 935 3460 fuit
949 3404 1007 3474 (ll3
1024 3406 1055 3460 ut
1073 3397 1098 3457 in
1113 3411 1150 3467 eo,

139 3485 190 3561 qui
202 3501 257 3561 per
276 3486 384 3548 decern
410 3503 506 3547 annos
526 3485 704 3550 beneficium
726 3487 828 3549 habuit
853 3489 1075 3566 promptaria,
1096 3488 1151 3562 post
