2494 4062
466 195 608 252 ,73-

94 315 149 379 illl.
165 316 185 367 3.
198 317 257 369 (lod.
274 318 307 370 de
320 321 417 370 ineest.
444 321 518 384 nupt.
536 345 567 355 -
588 317 624 382 (t)
649 317 707 368 Hoc
724 317 862 369 evidenter
875 321 950 382 patet
962 333 996 371 ex
1008 333 1051 372 re-

72 399 140 450 sponso
160 389 265 440 nutant
291 393 370 456 Popae
393 391 418 441 in
442 405 499 454 cop.
519 393 539 451 l,
559 393 592 443 cle
608 393 677 452 conj.
693 390 845 454 serv.quod
860 392 898 441 sic
911 391 1051 442 sehabet:

70 451 120 508 boue
127 460 197 524 jueta
207 462 313 514 verbum
329 461 454 525 Apostoli,
467 463 535 514 sieut
548 465 578 514 in
593 461 698 514 Obritto
708 457 768 511 luo
781 476 865 526 neque
877 462 951 522 liber,
969 475 1052 528 neque

70 541 134 580 suom
153 535 215 582 esto
232 534 409 585 sacrementis
427 532 548 586 boeleio
563 533 748 584 umovencluo.
765 535 806 586 ito
818 533 949 587 neeiuter
965 547 1052 586 suunt
1127 587 1130 590 .

70 600 209 654 nottimouio
230 603 321 656 debent
339 605 473 656 ullatenus
495 603 639 670 prohibui,
659 608 683 656 et
700 604 733 666 oi,
748 603 990 659 contradicentibus
1004 604 1052 656 tio·

70 671 132 732 niuis,
147 677 276 726 contracta
298 675 413 740 fuerint,
431 676 507 727 nullo
524 677 630 728 ratione
643 679 705 726 sunt
722 679 831 739 propter
847 674 895 727 boe
908 675 1051 728 absoluen-

71 739 185 796 delebili
205 749 295 798 tumen
314 750 338 799 et
357 752 482 798 consueto
505 746 618 799 subitio
635 759 689 797 non
713 747 803 798 minos
826 745 917 799 debent
935 745 1053 812 proptiis

70 809 151 865 bottis
164 815 287 869 extitere.
303 845 334 854 -
358 819 393 883 (3)
408 819 471 884 Cep.
497 819 520 876 l,
537 825 564 871 et
584 823 631 871 tot.
647 819 688 870 tit.
711 818 744 870 de
768 821 837 884 conj.
853 831 953 870 servor.
968 845 999 856 -
1017 817 1053 882 (i)

68 882 202 940 leibemtuel
216 890 249 941 tle
262 891 332 955 conj.
347 903 449 942 servor.
465 905 490 942 n.
506 892 531 942 5.

89 1091 134 1148 tte.
151 1092 274 1152 verbalis
289 1094 422 1154 conditio
436 1102 477 1154 ost
490 1095 620 1154 incertus
642 1096 767 1170 [utente
785 1100 903 1153 eventus
928 1109 1051 1154 conven-

66 1174 117 1234 tioni
126 1183 272 1255 oppositus,
296 1201 316 1242 u
331 1200 388 1260 quo
402 1183 494 1260 ipsius
509 1184 626 1258 effeetus
639 1184 839 1260 suspenditur,
855 1188 908 1240 out
930 1180 1050 1242 resolvi·

64 1272 105 1324 tur.
117 1269 139 1327 Si
152 1283 270 1332 eventus
288 1274 351 1349 jum
366 1272 395 1330 in
423 1272 580 1348 hypothesi
604 1273 770 1345 eontigerit,
786 1271 838 1330 sed
855 1271 952 1330 adhue
966 1271 1050 1346 iguo·

63 1363 130 1428 retur,
139 1361 334 1422 conditionem
348 1362 500 1421 constituit
510 1363 544 1421 de
558 1363 713 1438 preterito,
722 1362 768 1421 vel
782 1361 815 1419 tio
828 1361 973 1435 presenti,
985 1376 1052 1435 quae

63 1457 113 1503 iera
123 1449 241 1509 conditio
258 1459 380 1510 nonest
397 1469 403 1510 :
421 1467 489 1510 nam
504 1453 551 1510 vel
571 1450 683 1510 exstitit
701 1457 834 1520 eventus,
854 1451 901 1508 vel
923 1465 984 1507 non
999 1469 1004 1507 :
1020 1447 1051 1508 in

62 1531 133 1604 ptimo
145 1553 210 1597 casu
225 1539 387 1599 conventio
399 1541 431 1598 m
446 1557 530 1614 pure,
547 1541 576 1598 in
590 1539 723 1598 seeundo
737 1539 825 1596 nullo.
838 1537 867 1596 Si
879 1551 950 1597 mro
962 1554 1054 1597 even·

63 1625 95 1680 lm
106 1625 189 1686 adhue
201 1635 388 1704 expectetur,
399 1645 502 1688 veram
517 1628 669 1688 constituit
680 1626 879 1686 conditionem
889 1627 924 1685 do
937 1628 1052 1702 sutoro,

63 1725 110 1783 qnae
120 1714 205 1776 differt
220 1735 238 1776 a
251 1719 349 1776 motio.
365 1718 468 1778 Modus
482 1717 562 1777 enim
576 1723 622 1777 est
644 1733 730 1790 onuS,
747 1731 919 1791 gravamen,
936 1716 984 1774 vel
998 1733 1052 1792 pa-

16 1833 17 1836 =
62 1804 120 1860 ctum
132 1805 314 1866 conventioni
334 1806 494 1882 adjectum,
510 1805 590 1880 qnod
609 1805 747 1864 effectum
773 1802 977 1863 conventionis
992 1820 1053 1862 non

62 1893 194 1967 suspendit,
208 1895 271 1968 sed,
287 1901 385 1953 stante
400 1895 606 1966 conventione,
622 1894 659 1951 od
679 1895 744 1966 ejus
763 1890 987 1967 implementum
1001 1909 1054 1951 oo-

62 1972 97 2048 tit.
109 1979 153 2038 Ubi
165 1998 233 2042 vero
248 1982 375 2042 dubium
388 1982 434 2056 eit,
450 2001 488 2042 an
502 1981 659 2042 conventio
679 1981 751 2040 inita
765 1980 802 2038 sit
816 1979 872 2038 sub
889 1979 990 2054 modo,
1006 1983 1056 2042 vel

62 2065 105 2122 tub
116 2071 287 2144 conditione,
304 2067 507 2147 interpretatio
522 2089 539 2130 a
559 2077 668 2143 mente,
683 2076 744 2129 eta
765 2067 864 2127 verbis
877 2069 1057 2129 contrahen-

62 2152 114 2214 tium
124 2158 301 2220 desumenda
315 2169 361 2221 est
377 2179 383 2219 :
400 2177 469 2220 nam
483 2160 509 2220 si
526 2159 672 2219 volueriut
686 2157 768 2232 prins
787 2156 866 2232 paoti
878 2156 1053 2232 implemen-

61 2249 113 2318 um,
126 2265 207 2324 quam
219 2257 318 2310 ratem
333 2249 555 2325 obligationem,
571 2247 627 2308 erit
649 2245 798 2319 conditio,
819 2245 844 2304 si
867 2263 885 2305 e
905 2263 1053 2308 converso

61 2333 99 2394 ult
108 2338 211 2400 modun

84 2427 252 2490 tonditiones
276 2426 447 2488 dividuntur
464 2425 495 2484 in
512 2423 660 2501 possibiles
683 2428 713 2482 et
733 2421 933 2498 impossibiles,
952 2421 983 2480 in
1000 2439 1051 2498 po-

62 2517 186 2589 testativos,
202 2517 338 2579 casuales
358 2520 389 2574 et
406 2515 527 2584 mixtos,
544 2515 633 2590 prout
645 2517 768 2571 eventus
778 2509 992 2586 possibilis,vel
1004 2509 1054 2571 im·

62 2604 184 2682 possibilie,
197 2615 251 2667 aut
263 2606 301 2666 ab
311 2603 440 2664 hominis
453 2608 609 2678 potestate,
622 2601 669 2658 vel
684 2616 702 2657 e
716 2615 798 2672 casn,
811 2598 859 2658 vel
872 2599 909 2656 ab
924 2604 1052 2674 utroque

62 2695 150 2759 pendet.
167 2701 295 2772 lnsuper
307 2691 498 2770 impossibilis
512 2689 641 2750 conditio
655 2694 711 2761 est,
725 2688 772 2746 vel
786 2692 901 2760 uatum,
916 2694 958 2760 ut,
973 2688 1000 2746 ti
1012 2689 1053 2748 di·

61 2775 100 2848 un
114 2785 206 2845 colunt
228 2783 366 2860 tetiperie,
381 2783 428 2841 vel
443 2779 566 2858 legibue,
582 2775 702 2853 quando
722 2791 831 2850 nempe
854 2775 942 2835 bouis
960 2777 1053 2838 mori-

61 2861 106 2940 bus,
118 2881 161 2932 aut
174 2873 290 2950 legibus
304 2872 477 2930 adversatur
491 2887 497 2927 :
514 2867 592 2927 Nom
606 2881 669 2942 queo
681 2867 762 2939 foetu
780 2864 889 2923 ludunt
901 2865 1050 2940 pietatem,

63 2958 288 3035 existimationem,
301 2959 508 3020 verecundiam
520 2962 667 3027 nostram,
684 2961 710 3013 ot
722 2961 757 3012 ut
776 2953 952 3028 poenaliter
969 2956 1050 3016 dioe-

62 3043 110 3121 tim,
123 3061 217 3113 contro
241 3051 329 3111 bonos
349 3063 445 3109 mores
459 3047 553 3124 bunt,
567 3061 620 3105 noo
641 3045 737 3119 sotere
753 3058 807 3103 nos
825 3059 907 3119 posse
930 3045 1048 3108 uodon-

62 3129 113 3194 itu
124 3148 159 3199 est
171 3145 221 3216 (l).

16 3347 33 3380 ,‚
82 3290 109 3358 (ἱ)
121 3295 146 3349 L,
158 3295 236 3359 15,ff.
251 3296 285 3348 de
298 3293 375 3348 cond.
390 3292 478 3346 instit.

16 3525 18 3542 t
86 3489 205 3554 tottam
217 3509 291 3554 vero
303 3490 374 3551 lieet
386 3487 425 3549 sit
436 3484 602 3547 inauditum
615 3480 694 3542 inter
706 3481 897 3555 christianos,
908 3499 945 3542 ee
960 3497 1049 3541 num·

63 3586 130 3647 llam
140 3581 228 3656 possit
239 3583 353 3658 absque
365 3593 482 3641 summa
499 3573 685 3648 neeessitate,
707 3577 738 3632 et
757 3569 894 3632 cautione
906 3569 1047 3648 permitti,

146 3679 181 3736 11.
929 3669 945 3721 5
