<?xml version="1.0" encoding="UTF-8"?>
<!DOCTYPE html PUBLIC "-//W3C//DTD XHTML 1.0 Transitional//EN"
    "http://www.w3.org/TR/xhtml1/DTD/xhtml1-transitional.dtd">
<html xmlns="http://www.w3.org/1999/xhtml" xml:lang="en" lang="en">
 <head>
  <title>
</title>
<meta http-equiv="Content-Type" content="text/html;charset=utf-8" />
  <meta name='ocr-system' content='tesseract 3.04.00' />
  <meta name='ocr-capabilities' content='ocr_page ocr_carea ocr_par ocr_line ocrx_word'/>
</head>
<body>
  <div class='ocr_page' id='page_1' title='image "./summainstitutio01ferrgoog_0200.png"; bbox 0 0 2410 4068; ppageno 0'>
   <div class='ocr_carea' id='block_1_1' title="bbox 493 217 652 276">
    <p class='ocr_par' dir='ltr' id='par_1_1' title="bbox 493 217 652 276">
     <span class='ocr_line' id='line_1_1' title="bbox 493 217 652 276; baseline -0.013 -16"><span class='ocrx_word' id='word_1_1' title='bbox 493 217 652 276; x_wconf 69' lang='lat'>..1⁸9-</span> 
     </span>
    </p>
   </div>
   <div class='ocr_carea' id='block_1_2' title="bbox 72 332 1097 984">
    <p class='ocr_par' dir='ltr' id='par_1_2' title="bbox 72 332 1097 984">
     <span class='ocr_line' id='line_1_2' title="bbox 72 332 1080 403; baseline -0.014 -5"><span class='ocrx_word' id='word_1_2' title='bbox 72 341 137 398; x_wconf 81' lang='lat' dir='ltr'><strong>lonis</strong></span> <span class='ocrx_word' id='word_1_3' title='bbox 147 354 245 396; x_wconf 80' lang='lat' dir='ltr'><strong>mensa</strong></span> <span class='ocrx_word' id='word_1_4' title='bbox 259 341 429 403; x_wconf 86' lang='lat' dir='ltr'><strong>communis·‚</strong></span> <span class='ocrx_word' id='word_1_5' title='bbox 447 341 494 396; x_wconf 86' lang='lat' dir='ltr'><strong>sod</strong></span> <span class='ocrx_word' id='word_1_6' title='bbox 507 338 703 394; x_wconf 83' lang='lat' dir='ltr'><strong>consuetudins</strong></span> <span class='ocrx_word' id='word_1_7' title='bbox 719 338 820 392; x_wconf 84' lang='lat' dir='ltr'><strong>tactum</strong></span> <span class='ocrx_word' id='word_1_8' title='bbox 834 337 885 396; x_wconf 86' lang='lat' dir='ltr'><strong>ast,</strong></span> <span class='ocrx_word' id='word_1_9' title='bbox 898 335 931 388; x_wconf 90' lang='lat' dir='ltr'><strong>ut</strong></span> <span class='ocrx_word' id='word_1_10' title='bbox 943 332 1080 401; x_wconf 82' lang='lat' dir='ltr'><strong>pertineat</strong></span> 
     </span>
     <span class='ocr_line' id='line_1_3' title="bbox 72 404 1095 482; baseline -0.013 -13"><span class='ocrx_word' id='word_1_11' title='bbox 72 416 106 469; x_wconf 81' lang='lat' dir='ltr'><strong>val</strong></span> <span class='ocrx_word' id='word_1_12' title='bbox 118 415 149 468; x_wconf 86' lang='lat' dir='ltr'><strong>ad</strong></span> <span class='ocrx_word' id='word_1_13' title='bbox 158 415 243 468; x_wconf 85' lang='lat' dir='ltr'><strong>solum</strong></span> <span class='ocrx_word' id='word_1_14' title='bbox 256 415 430 482; x_wconf 83' lang='lat' dir='ltr'><strong>Episcopum,</strong></span> <span class='ocrx_word' id='word_1_15' title='bbox 442 413 486 469; x_wconf 85' lang='lat' dir='ltr'><strong>vel</strong></span> <span class='ocrx_word' id='word_1_16' title='bbox 500 414 535 466; x_wconf 86' lang='lat' dir='ltr'><strong>ad</strong></span> <span class='ocrx_word' id='word_1_17' title='bbox 548 413 714 478; x_wconf 72' lang='lat' dir='ltr'><strong>Episcopum</strong></span> <span class='ocrx_word' id='word_1_18' title='bbox 728 415 756 464; x_wconf 82' lang='lat' dir='ltr'><strong>et</strong></span> <span class='ocrx_word' id='word_1_19' title='bbox 765 409 919 474; x_wconf 78' lang='lat' dir='ltr'><strong>Capitulum</strong></span> <span class='ocrx_word' id='word_1_20' title='bbox 932 405 1023 466; x_wconf 83' lang='lat' dir='ltr'><strong>simul,</strong></span> <span class='ocrx_word' id='word_1_21' title='bbox 1035 404 1095 458; x_wconf 82' lang='lat' dir='ltr'><strong>val·</strong></span> 
     </span>
     <span class='ocr_line' id='line_1_4' title="bbox 73 476 1080 554; baseline -0.012 -15"><span class='ocrx_word' id='word_1_22' title='bbox 73 488 139 539; x_wconf 76' lang='lat' dir='ltr'><strong>elan</strong></span> <span class='ocrx_word' id='word_1_23' title='bbox 150 486 353 554; x_wconf 85' lang='lat' dir='ltr'><strong>quandoquaod</strong></span> <span class='ocrx_word' id='word_1_24' title='bbox 366 486 454 537; x_wconf 91' lang='lat' dir='ltr'><strong>solum</strong></span> <span class='ocrx_word' id='word_1_25' title='bbox 468 485 632 552; x_wconf 84' lang='lat' dir='ltr'><strong>Capitulum.</strong></span> <span class='ocrx_word' id='word_1_26' title='bbox 651 483 717 536; x_wconf 85' lang='lat' dir='ltr'><strong>Cum</strong></span> <span class='ocrx_word' id='word_1_27' title='bbox 732 479 882 535; x_wconf 86' lang='lat' dir='ltr'><strong>communis</strong></span> <span class='ocrx_word' id='word_1_28' title='bbox 896 478 1002 532; x_wconf 87' lang='lat' dir='ltr'><strong>collatio</strong></span> <span class='ocrx_word' id='word_1_29' title='bbox 1019 476 1080 542; x_wconf 82' lang='lat' dir='ltr'><strong>lipi-</strong></span> 
     </span>
     <span class='ocr_line' id='line_1_5' title="bbox 75 545 1097 626; baseline -0.011 -16"><span class='ocrx_word' id='word_1_30' title='bbox 75 572 138 624; x_wconf 90' lang='lat' dir='ltr'><strong>acopo</strong></span> <span class='ocrx_word' id='word_1_31' title='bbox 153 559 178 610; x_wconf 86' lang='lat' dir='ltr'><strong>et</strong></span> <span class='ocrx_word' id='word_1_32' title='bbox 190 558 315 626; x_wconf 81' lang='lat' dir='ltr'><strong>capitulo</strong></span> <span class='ocrx_word' id='word_1_33' title='bbox 330 557 358 610; x_wconf 89' lang='lat' dir='ltr'><strong>in</strong></span> <span class='ocrx_word' id='word_1_34' title='bbox 370 571 425 608; x_wconf 86' lang='lat' dir='ltr'><strong>uno</strong></span> <span class='ocrx_word' id='word_1_35' title='bbox 448 555 547 620; x_wconf 84' lang='lat' dir='ltr'><strong>delicit,</strong></span> <span class='ocrx_word' id='word_1_36' title='bbox 563 555 747 608; x_wconf 74' lang='lat' dir='ltr'>consolidatur</span> <span class='ocrx_word' id='word_1_37' title='bbox 761 553 787 606; x_wconf 91' lang='lat' dir='ltr'><strong>in</strong></span> <span class='ocrx_word' id='word_1_38' title='bbox 799 551 861 604; x_wconf 91' lang='lat' dir='ltr'><strong>alio.</strong></span> <span class='ocrx_word' id='word_1_39' title='bbox 877 545 1097 602; x_wconf 80' lang='lat' dir='ltr'><strong>Scarsantonius&#39;</strong></span> 
     </span>
     <span class='ocr_line' id='line_1_6' title="bbox 76 620 1080 694; baseline -0.01 -14"><span class='ocrx_word' id='word_1_40' title='bbox 76 631 102 680; x_wconf 88' lang='lat' dir='ltr'><strong>ad</strong></span> <span class='ocrx_word' id='word_1_41' title='bbox 115 631 214 694; x_wconf 82' lang='lat' dir='ltr'><strong>Geccop.</strong></span> <span class='ocrx_word' id='word_1_42' title='bbox 231 629 248 680; x_wconf 91' lang='lat' dir='ltr'><strong>l.</strong></span> <span class='ocrx_word' id='word_1_43' title='bbox 267 629 289 690; x_wconf 90' lang='lat' dir='ltr'><strong>t,</strong></span> <span class='ocrx_word' id='word_1_44' title='bbox 306 633 324 680; x_wconf 92' lang='lat' dir='ltr'><strong>t.</strong></span> <span class='ocrx_word' id='word_1_45' title='bbox 337 630 361 688; x_wconf 81' lang='lat' dir='ltr'><strong>i,</strong></span> <span class='ocrx_word' id='word_1_46' title='bbox 377 628 494 680; x_wconf 88' lang='lat' dir='ltr'><strong>animad.</strong></span> <span class='ocrx_word' id='word_1_47' title='bbox 509 642 536 679; x_wconf 89' lang='lat' dir='ltr'><strong>u.</strong></span> <span class='ocrx_word' id='word_1_48' title='bbox 555 625 595 679; x_wconf 84' lang='grc'><strong>31.</strong></span> <span class='ocrx_word' id='word_1_49' title='bbox 614 654 647 666; x_wconf 92' lang='lat'><em>-</em></span> <span class='ocrx_word' id='word_1_50' title='bbox 669 627 703 690; x_wconf 79' lang='grc'><strong>(3)</strong></span> <span class='ocrx_word' id='word_1_51' title='bbox 723 625 828 677; x_wconf 89' lang='lat' dir='ltr'><strong>Horum</strong></span> <span class='ocrx_word' id='word_1_52' title='bbox 850 622 974 688; x_wconf 84' lang='lat' dir='ltr'><strong>exempla</strong></span> <span class='ocrx_word' id='word_1_53' title='bbox 993 620 1080 672; x_wconf 88' lang='lat' dir='ltr'><strong>haba·</strong></span> 
     </span>
     <span class='ocr_line' id='line_1_7' title="bbox 76 689 1085 765; baseline -0.01 -15"><span class='ocrx_word' id='word_1_54' title='bbox 76 702 156 752; x_wconf 89' lang='lat' dir='ltr'><strong>nusirr</strong></span> <span class='ocrx_word' id='word_1_55' title='bbox 168 700 284 765; x_wconf 80' lang='lat' dir='ltr'><strong>capitulo</strong></span> <span class='ocrx_word' id='word_1_56' title='bbox 296 699 468 761; x_wconf 85' lang='lat' dir='ltr'><strong>Taurinensi,</strong></span> <span class='ocrx_word' id='word_1_57' title='bbox 481 697 652 761; x_wconf 81' lang='lat' dir='ltr'><strong>Novariousi,</strong></span> <span class='ocrx_word' id='word_1_58' title='bbox 670 695 839 756; x_wconf 81' lang='lat' dir='ltr'><strong>Saraanensi,</strong></span> <span class='ocrx_word' id='word_1_59' title='bbox 864 693 936 760; x_wconf 87' lang='lat' dir='ltr'><strong>quod</strong></span> <span class='ocrx_word' id='word_1_60' title='bbox 949 689 1085 758; x_wconf 84' lang='lat' dir='ltr'><strong>quosdam</strong></span> 
     </span>
     <span class='ocr_line' id='line_1_8' title="bbox 78 761 1082 838; baseline -0.012 -15"><span class='ocrx_word' id='word_1_61' title='bbox 78 773 174 838; x_wconf 82' lang='lat' dir='ltr'><strong>propria</strong></span> <span class='ocrx_word' id='word_1_62' title='bbox 187 771 316 824; x_wconf 73' lang='lat' dir='ltr'><strong>Ecclesia</strong></span> <span class='ocrx_word' id='word_1_63' title='bbox 341 771 514 824; x_wconf 74' lang='lat' dir='ltr'><strong>canonicatus</strong></span> <span class='ocrx_word' id='word_1_64' title='bbox 528 769 639 822; x_wconf 84' lang='lat' dir='ltr'><strong>ooniart.</strong></span> <span class='ocrx_word' id='word_1_65' title='bbox 663 795 695 806; x_wconf 92' lang='lat'>-</span> <span class='ocrx_word' id='word_1_66' title='bbox 717 767 753 833; x_wconf 81' lang='lat'><strong>(4)</strong></span> <span class='ocrx_word' id='word_1_67' title='bbox 767 768 831 832; x_wconf 86' lang='lat' dir='ltr'><strong>Cap.</strong></span> <span class='ocrx_word' id='word_1_68' title='bbox 847 765 871 830; x_wconf 85' lang='lat' dir='ltr'><strong>e,</strong></span> <span class='ocrx_word' id='word_1_69' title='bbox 884 765 918 818; x_wconf 88' lang='lat' dir='ltr'><strong>do</strong></span> <span class='ocrx_word' id='word_1_70' title='bbox 940 764 1025 816; x_wconf 88' lang='lat' dir='ltr'><strong>instit.</strong></span> <span class='ocrx_word' id='word_1_71' title='bbox 1038 761 1082 812; x_wconf 76' lang='lat' dir='ltr'><strong>Ad</strong></span> 
     </span>
     <span class='ocr_line' id='line_1_9' title="bbox 76 834 1081 910; baseline -0.01 -14"><span class='ocrx_word' id='word_1_72' title='bbox 76 843 145 896; x_wconf 80' lang='lat' dir='ltr'><strong>nster</strong></span> <span class='ocrx_word' id='word_1_73' title='bbox 156 845 349 910; x_wconf 78' lang='lat' dir='ltr'><strong>Episcoporum</strong></span> <span class='ocrx_word' id='word_1_74' title='bbox 362 843 519 896; x_wconf 70' lang='lat' dir='ltr'><strong>cardinales</strong></span> <span class='ocrx_word' id='word_1_75' title='bbox 529 841 558 894; x_wconf 88' lang='lat' dir='ltr'><strong>in</strong></span> <span class='ocrx_word' id='word_1_76' title='bbox 566 840 685 908; x_wconf 89' lang='lat' dir='ltr'><strong>propriis</strong></span> <span class='ocrx_word' id='word_1_77' title='bbox 694 837 780 892; x_wconf 86' lang='lat' dir='ltr'><strong>titulis</strong></span> <span class='ocrx_word' id='word_1_78' title='bbox 789 834 921 893; x_wconf 74' lang='lat' dir='ltr'><strong>sanatas</strong></span> <span class='ocrx_word' id='word_1_79' title='bbox 931 835 1081 892; x_wconf 81' lang='lat' dir='ltr'><strong>conserunt.</strong></span> 
     </span>
     <span class='ocr_line' id='line_1_10' title="bbox 79 912 527 984; baseline -0.004 -16"><span class='ocrx_word' id='word_1_80' title='bbox 79 913 141 968; x_wconf 81' lang='lat' dir='ltr'><strong>tud.</strong></span> <span class='ocrx_word' id='word_1_81' title='bbox 157 913 244 982; x_wconf 76' lang='lat' dir='ltr'><strong>Soglia</strong></span> <span class='ocrx_word' id='word_1_82' title='bbox 258 914 292 966; x_wconf 91' lang='lat' dir='ltr'><strong>de</strong></span> <span class='ocrx_word' id='word_1_83' title='bbox 301 915 357 980; x_wconf 87' lang='lat' dir='ltr'><strong>jur.</strong></span> <span class='ocrx_word' id='word_1_84' title='bbox 373 914 443 980; x_wconf 80' lang='lat' dir='ltr'><strong>priv.</strong></span> <span class='ocrx_word' id='word_1_85' title='bbox 458 913 471 984; x_wconf 68' lang='lat' dir='ltr'>fl</span> <span class='ocrx_word' id='word_1_86' title='bbox 486 912 527 966; x_wconf 84' lang='lat'><strong>93.</strong></span> 
     </span>
    </p>
   </div>
   <div class='ocr_carea' id='block_1_3' title="bbox 9 1115 1098 3609">
    <p class='ocr_par' dir='ltr' id='par_1_3' title="bbox 9 1115 1098 3609">
     <span class='ocr_line' id='line_1_11' title="bbox 103 1115 1083 1206; baseline -0.015 -16"><span class='ocrx_word' id='word_1_87' title='bbox 103 1132 157 1190; x_wconf 78' lang='lat' dir='ltr'><strong>tat.</strong></span> <span class='ocrx_word' id='word_1_88' title='bbox 176 1129 329 1206; x_wconf 72' lang='lat' dir='ltr'><strong>capacitas</strong></span> <span class='ocrx_word' id='word_1_89' title='bbox 342 1129 380 1190; x_wconf 92' lang='lat' dir='ltr'><strong>ad</strong></span> <span class='ocrx_word' id='word_1_90' title='bbox 393 1127 539 1190; x_wconf 83' lang='lat' dir='ltr'><strong>beneficia</strong></span> <span class='ocrx_word' id='word_1_91' title='bbox 552 1125 739 1203; x_wconf 83' lang='lat' dir='ltr'><strong>acceptanda</strong></span> <span class='ocrx_word' id='word_1_92' title='bbox 754 1119 892 1184; x_wconf 88' lang='lat' dir='ltr'><strong>omnibus</strong></span> <span class='ocrx_word' id='word_1_93' title='bbox 906 1119 984 1178; x_wconf 86' lang='lat' dir='ltr'><strong>inest</strong></span> <span class='ocrx_word' id='word_1_94' title='bbox 997 1115 1083 1177; x_wconf 89' lang='lat' dir='ltr'><strong>oleri·</strong></span> 
     </span>
     <span class='ocr_line' id='line_1_12' title="bbox 78 1205 1084 1294; baseline -0.015 -17"><span class='ocrx_word' id='word_1_95' title='bbox 78 1217 120 1291; x_wconf 89' lang='lat' dir='ltr'><strong>cis,</strong></span> <span class='ocrx_word' id='word_1_96' title='bbox 133 1217 235 1294; x_wconf 86' lang='lat' dir='ltr'><strong>quibus</strong></span> <span class='ocrx_word' id='word_1_97' title='bbox 248 1235 310 1278; x_wconf 88' lang='lat' dir='ltr'><strong>non</strong></span> <span class='ocrx_word' id='word_1_98' title='bbox 325 1219 457 1279; x_wconf 81' lang='lat' dir='ltr'><strong>aufertur</strong></span> <span class='ocrx_word' id='word_1_99' title='bbox 471 1219 572 1293; x_wconf 80' lang='lat' dir='ltr'><strong>alege.</strong></span> <span class='ocrx_word' id='word_1_100' title='bbox 589 1217 728 1278; x_wconf 86' lang='lat' dir='ltr'><strong>Autertur</strong></span> <span class='ocrx_word' id='word_1_101' title='bbox 737 1217 839 1273; x_wconf 88' lang='lat' dir='ltr'><strong>autem</strong></span> <span class='ocrx_word' id='word_1_102' title='bbox 848 1206 965 1269; x_wconf 89' lang='lat' dir='ltr'><strong>clericis</strong></span> <span class='ocrx_word' id='word_1_103' title='bbox 980 1205 1084 1280; x_wconf 84' lang='lat' dir='ltr'><strong>conju-</strong></span> 
     </span>
     <span class='ocr_line' id='line_1_13' title="bbox 77 1293 1085 1384; baseline -0.018 -17"><span class='ocrx_word' id='word_1_104' title='bbox 77 1306 147 1381; x_wconf 84' lang='lat' dir='ltr'><strong>gatis,</strong></span> <span class='ocrx_word' id='word_1_105' title='bbox 161 1307 229 1384; x_wconf 88' lang='lat' dir='ltr'><strong>quia</strong></span> <span class='ocrx_word' id='word_1_106' title='bbox 243 1308 357 1368; x_wconf 82' lang='lat' dir='ltr'><strong>cithara</strong></span> <span class='ocrx_word' id='word_1_107' title='bbox 373 1324 442 1367; x_wconf 90' lang='lat' dir='ltr'><strong>cum</strong></span> <span class='ocrx_word' id='word_1_108' title='bbox 455 1305 596 1383; x_wconf 86' lang='lat' dir='ltr'><strong>psalterio</strong></span> <span class='ocrx_word' id='word_1_109' title='bbox 610 1305 688 1364; x_wconf 89' lang='lat' dir='ltr'><strong>male</strong></span> <span class='ocrx_word' id='word_1_110' title='bbox 708 1299 881 1369; x_wconf 89' lang='lat' dir='ltr'><strong>concordat,</strong></span> <span class='ocrx_word' id='word_1_111' title='bbox 896 1300 930 1355; x_wconf 89' lang='lat' dir='ltr'><strong>ut</strong></span> <span class='ocrx_word' id='word_1_112' title='bbox 944 1293 984 1353; x_wconf 88' lang='lat' dir='ltr'><strong>ait</strong></span> <span class='ocrx_word' id='word_1_113' title='bbox 997 1297 1085 1352; x_wconf 88' lang='lat' dir='ltr'><strong>luno·</strong></span> 
     </span>
     <span class='ocr_line' id='line_1_14' title="bbox 32 1383 1086 1476; baseline -0.012 -21"><span class='ocrx_word' id='word_1_114' title='bbox 32 1469 35 1476; x_wconf 25' lang='grc' dir='ltr'>Ι</span> <span class='ocrx_word' id='word_1_115' title='bbox 76 1395 173 1455; x_wconf 83' lang='lat' dir='ltr'><strong>contin</strong></span> <span class='ocrx_word' id='word_1_116' title='bbox 186 1401 223 1456; x_wconf 95' lang='lat' dir='ltr'><strong>lll</strong></span> <span class='ocrx_word' id='word_1_117' title='bbox 238 1399 298 1470; x_wconf 75' lang='lat' dir='ltr'><strong>(ll-3</strong></span> <span class='ocrx_word' id='word_1_118' title='bbox 314 1396 453 1456; x_wconf 84' lang='lat' dir='ltr'><strong>omnibus</strong></span> <span class='ocrx_word' id='word_1_119' title='bbox 463 1391 804 1474; x_wconf 60' lang='lat' dir='ltr'><strong>excommunicatam),</strong></span> <span class='ocrx_word' id='word_1_120' title='bbox 819 1383 982 1462; x_wconf 76' lang='lat' dir='ltr'><strong>suspensis,</strong></span> <span class='ocrx_word' id='word_1_121' title='bbox 996 1387 1086 1458; x_wconf 88' lang='lat' dir='ltr'><strong>atque</strong></span> 
     </span>
     <span class='ocr_line' id='line_1_15' title="bbox 77 1469 1094 1560; baseline -0.009 -20"><span class='ocrx_word' id='word_1_122' title='bbox 77 1480 231 1558; x_wconf 87' lang='lat' dir='ltr'><strong>interdictis,</strong></span> <span class='ocrx_word' id='word_1_123' title='bbox 246 1483 315 1545; x_wconf 84' lang='lat' dir='ltr'><strong>filiis</strong></span> <span class='ocrx_word' id='word_1_124' title='bbox 329 1485 539 1545; x_wconf 84' lang='lat' dir='ltr'><strong>haereticomm</strong></span> <span class='ocrx_word' id='word_1_125' title='bbox 553 1499 649 1560; x_wconf 90' lang='lat' dir='ltr'><strong>usque</strong></span> <span class='ocrx_word' id='word_1_126' title='bbox 667 1480 706 1540; x_wconf 90' lang='lat' dir='ltr'><strong>ad</strong></span> <span class='ocrx_word' id='word_1_127' title='bbox 730 1477 897 1540; x_wconf 86' lang='lat' dir='ltr'><strong>secundum</strong></span> <span class='ocrx_word' id='word_1_128' title='bbox 917 1469 1042 1550; x_wconf 92' lang='lat' dir='ltr'><strong>gradum</strong></span> <span class='ocrx_word' id='word_1_129' title='bbox 1055 1469 1094 1531; x_wconf 84' lang='lat' dir='ltr'><strong>in¹</strong></span> 
     </span>
     <span class='ocr_line' id='line_1_16' title="bbox 78 1555 1087 1650; baseline -0.019 -15"><span class='ocrx_word' id='word_1_130' title='bbox 78 1569 141 1633; x_wconf 88' lang='lat' dir='ltr'><strong>linea</strong></span> <span class='ocrx_word' id='word_1_131' title='bbox 148 1580 286 1648; x_wconf 87' lang='lat' dir='ltr'><strong>paterna,</strong></span> <span class='ocrx_word' id='word_1_132' title='bbox 303 1579 332 1634; x_wconf 87' lang='lat' dir='ltr'><strong>et</strong></span> <span class='ocrx_word' id='word_1_133' title='bbox 343 1573 383 1634; x_wconf 89' lang='lat' dir='ltr'><strong>ad</strong></span> <span class='ocrx_word' id='word_1_134' title='bbox 397 1572 526 1650; x_wconf 89' lang='lat' dir='ltr'><strong>primurn</strong></span> <span class='ocrx_word' id='word_1_135' title='bbox 539 1571 570 1631; x_wconf 92' lang='lat' dir='ltr'><strong>in</strong></span> <span class='ocrx_word' id='word_1_136' title='bbox 583 1576 728 1644; x_wconf 90' lang='lat' dir='ltr'><strong>materna,</strong></span> <span class='ocrx_word' id='word_1_137' title='bbox 744 1567 770 1628; x_wconf 90' lang='lat' dir='ltr'><strong>si</strong></span> <span class='ocrx_word' id='word_1_138' title='bbox 781 1568 922 1644; x_wconf 86' lang='lat' dir='ltr'><strong>parentes</strong></span> <span class='ocrx_word' id='word_1_139' title='bbox 935 1560 966 1620; x_wconf 92' lang='lat' dir='ltr'><strong>in</strong></span> <span class='ocrx_word' id='word_1_140' title='bbox 979 1555 1087 1620; x_wconf 81' lang='lat' dir='ltr'><strong>haeresi</strong></span> 
     </span>
     <span class='ocr_line' id='line_1_17' title="bbox 78 1649 1088 1738; baseline -0.018 -13"><span class='ocrx_word' id='word_1_141' title='bbox 78 1660 244 1724; x_wconf 76' lang='lat' dir='ltr'><strong>decesserint</strong></span> <span class='ocrx_word' id='word_1_142' title='bbox 267 1666 319 1738; x_wconf 89' lang='grc'>(3),</span> <span class='ocrx_word' id='word_1_143' title='bbox 334 1662 503 1724; x_wconf 74' lang='lat' dir='ltr'><strong>carentibus</strong></span> <span class='ocrx_word' id='word_1_144' title='bbox 519 1667 617 1734; x_wconf 80' lang='lat' dir='ltr'><strong>semla,</strong></span> <span class='ocrx_word' id='word_1_145' title='bbox 633 1657 748 1732; x_wconf 89' lang='lat' dir='ltr'><strong>ordine,</strong></span> <span class='ocrx_word' id='word_1_146' title='bbox 763 1653 908 1726; x_wconf 87' lang='lat' dir='ltr'><strong>doctrina,</strong></span> <span class='ocrx_word' id='word_1_147' title='bbox 922 1649 1088 1712; x_wconf 83' lang='lat' dir='ltr'><strong>moribusa</strong></span> 
     </span>
     <span class='ocr_line' id='line_1_18' title="bbox 79 1737 1086 1829; baseline -0.021 -14"><span class='ocrx_word' id='word_1_148' title='bbox 79 1754 101 1810; x_wconf 83' lang='lat' dir='ltr'><strong>S.</strong></span> <span class='ocrx_word' id='word_1_149' title='bbox 111 1753 274 1813; x_wconf 77' lang='lat' dir='ltr'><strong>canonibus</strong></span> <span class='ocrx_word' id='word_1_150' title='bbox 287 1751 487 1829; x_wconf 78' lang='lat' dir='ltr'><strong>praeacriptis3</strong></span> <span class='ocrx_word' id='word_1_151' title='bbox 507 1749 645 1810; x_wconf 86' lang='lat' dir='ltr'><strong>omnibus</strong></span> <span class='ocrx_word' id='word_1_152' title='bbox 658 1742 872 1823; x_wconf 84' lang='lat' dir='ltr'><strong>irregularibus</strong></span> <span class='ocrx_word' id='word_1_153' title='bbox 885 1740 923 1800; x_wconf 88' lang='lat' dir='ltr'><strong>ad</strong></span> <span class='ocrx_word' id='word_1_154' title='bbox 940 1737 1086 1810; x_wconf 80' lang='lat' dir='ltr'><strong>ordinem,</strong></span> 
     </span>
     <span class='ocr_line' id='line_1_19' title="bbox 79 1823 1088 1918; baseline -0.019 -17"><span class='ocrx_word' id='word_1_155' title='bbox 79 1857 153 1916; x_wconf 87' lang='lat' dir='ltr'><strong>qaam</strong></span> <span class='ocrx_word' id='word_1_156' title='bbox 163 1842 341 1904; x_wconf 82' lang='lat' dir='ltr'><strong>beneficium</strong></span> <span class='ocrx_word' id='word_1_157' title='bbox 358 1837 493 1918; x_wconf 80' lang='lat' dir='ltr'><strong>requirit,</strong></span> <span class='ocrx_word' id='word_1_158' title='bbox 514 1839 551 1899; x_wconf 91' lang='lat' dir='ltr'><strong>de</strong></span> <span class='ocrx_word' id='word_1_159' title='bbox 571 1837 679 1914; x_wconf 88' lang='lat' dir='ltr'><strong>quibus</strong></span> <span class='ocrx_word' id='word_1_160' title='bbox 697 1835 759 1895; x_wconf 86' lang='lat' dir='ltr'><strong>suis</strong></span> <span class='ocrx_word' id='word_1_161' title='bbox 776 1834 806 1894; x_wconf 91' lang='lat' dir='ltr'><strong>in</strong></span> <span class='ocrx_word' id='word_1_162' title='bbox 828 1829 903 1892; x_wconf 89' lang='lat' dir='ltr'><strong>locis</strong></span> <span class='ocrx_word' id='word_1_163' title='bbox 925 1827 1039 1904; x_wconf 89' lang='lat' dir='ltr'><strong>egimus</strong></span> <span class='ocrx_word' id='word_1_164' title='bbox 1057 1823 1088 1883; x_wconf 93' lang='lat' dir='ltr'><strong>in</strong></span> 
     </span>
     <span class='ocr_line' id='line_1_20' title="bbox 78 1914 1086 2010; baseline -0.02 -21"><span class='ocrx_word' id='word_1_165' title='bbox 78 1927 140 1991; x_wconf 87' lang='lat' dir='ltr'><strong>libro</strong></span> <span class='ocrx_word' id='word_1_166' title='bbox 153 1933 260 2010; x_wconf 81' lang='lat' dir='ltr'><strong>primo.</strong></span> <span class='ocrx_word' id='word_1_167' title='bbox 275 1932 334 1992; x_wconf 90' lang='lat' dir='ltr'><strong>sed</strong></span> <span class='ocrx_word' id='word_1_168' title='bbox 347 1927 505 2008; x_wconf 88' lang='lat' dir='ltr'><strong>specialius</strong></span> <span class='ocrx_word' id='word_1_169' title='bbox 517 1927 547 1988; x_wconf 91' lang='lat' dir='ltr'><strong>in</strong></span> <span class='ocrx_word' id='word_1_170' title='bbox 559 1929 626 2003; x_wconf 89' lang='lat' dir='ltr'><strong>jure</strong></span> <span class='ocrx_word' id='word_1_171' title='bbox 639 1923 787 1986; x_wconf 87' lang='lat' dir='ltr'><strong>sancitum</strong></span> <span class='ocrx_word' id='word_1_172' title='bbox 800 1918 966 1996; x_wconf 83' lang='lat' dir='ltr'><strong>reperitur:</strong></span> <span class='ocrx_word' id='word_1_173' title='bbox 979 1914 1086 1990; x_wconf 90' lang='lat' dir='ltr'><strong>primo,</strong></span> 
     </span>
     <span class='ocr_line' id='line_1_21' title="bbox 79 2001 1089 2098; baseline -0.022 -16"><span class='ocrx_word' id='word_1_174' title='bbox 79 2033 109 2078; x_wconf 82' lang='lat' dir='ltr'><strong>ne</strong></span> <span class='ocrx_word' id='word_1_175' title='bbox 127 2020 298 2098; x_wconf 82' lang='lat' dir='ltr'><strong>Episcopus,</strong></span> <span class='ocrx_word' id='word_1_176' title='bbox 317 2025 369 2080; x_wconf 87' lang='lat' dir='ltr'><strong>aut</strong></span> <span class='ocrx_word' id='word_1_177' title='bbox 391 2017 466 2079; x_wconf 90' lang='lat' dir='ltr'><strong>alius</strong></span> <span class='ocrx_word' id='word_1_178' title='bbox 485 2018 610 2077; x_wconf 88' lang='lat' dir='ltr'><strong>collator</strong></span> <span class='ocrx_word' id='word_1_179' title='bbox 633 2011 813 2074; x_wconf 85' lang='lat' dir='ltr'><strong>beneficium</strong></span> <span class='ocrx_word' id='word_1_180' title='bbox 827 2009 857 2068; x_wconf 88' lang='lat' dir='ltr'><strong>in</strong></span> <span class='ocrx_word' id='word_1_181' title='bbox 876 2003 938 2064; x_wconf 86' lang='lat' dir='ltr'><strong>suis</strong></span> <span class='ocrx_word' id='word_1_182' title='bbox 950 2001 1089 2064; x_wconf 86' lang='lat' dir='ltr'><strong>manibus</strong></span> 
     </span>
     <span class='ocr_line' id='line_1_22' title="bbox 77 2090 1088 2186; baseline -0.021 -19"><span class='ocrx_word' id='word_1_183' title='bbox 77 2108 255 2186; x_wconf 83' lang='lat' dir='ltr'><strong>resignatum,</strong></span> <span class='ocrx_word' id='word_1_184' title='bbox 271 2116 323 2169; x_wconf 87' lang='lat' dir='ltr'><strong>aut</strong></span> <span class='ocrx_word' id='word_1_185' title='bbox 337 2107 492 2168; x_wconf 86' lang='lat' dir='ltr'><strong>dimissum</strong></span> <span class='ocrx_word' id='word_1_186' title='bbox 506 2111 595 2182; x_wconf 88' lang='lat' dir='ltr'><strong>queat</strong></span> <span class='ocrx_word' id='word_1_187' title='bbox 609 2103 745 2162; x_wconf 87' lang='lat' dir='ltr'><strong>conferre</strong></span> <span class='ocrx_word' id='word_1_188' title='bbox 758 2096 846 2158; x_wconf 87' lang='lat' dir='ltr'><strong>alicui</strong></span> <span class='ocrx_word' id='word_1_189' title='bbox 855 2090 1088 2168; x_wconf 88' lang='lat' dir='ltr'><strong>consanguineo,</strong></span> 
     </span>
     <span class='ocr_line' id='line_1_23' title="bbox 79 2176 1088 2273; baseline -0.02 -19"><span class='ocrx_word' id='word_1_190' title='bbox 79 2197 155 2273; x_wconf 83' lang='lat' dir='ltr'><strong>afflui,</strong></span> <span class='ocrx_word' id='word_1_191' title='bbox 179 2205 230 2259; x_wconf 89' lang='lat' dir='ltr'><strong>aut</strong></span> <span class='ocrx_word' id='word_1_192' title='bbox 251 2197 387 2260; x_wconf 86' lang='lat' dir='ltr'><strong>familiari</strong></span> <span class='ocrx_word' id='word_1_193' title='bbox 409 2213 476 2270; x_wconf 90' lang='lat' dir='ltr'><strong>suo,</strong></span> <span class='ocrx_word' id='word_1_194' title='bbox 504 2195 552 2254; x_wconf 88' lang='lat' dir='ltr'><strong>vel</strong></span> <span class='ocrx_word' id='word_1_195' title='bbox 574 2192 662 2266; x_wconf 88' lang='lat' dir='ltr'><strong>illius,</strong></span> <span class='ocrx_word' id='word_1_196' title='bbox 693 2189 743 2266; x_wconf 90' lang='lat' dir='ltr'><strong>qui</strong></span> <span class='ocrx_word' id='word_1_197' title='bbox 762 2183 942 2247; x_wconf 85' lang='lat' dir='ltr'><strong>beneficium</strong></span> <span class='ocrx_word' id='word_1_198' title='bbox 968 2176 1088 2252; x_wconf 86' lang='lat' dir='ltr'><strong>dimisit,</strong></span> 
     </span>
     <span class='ocr_line' id='line_1_24' title="bbox 79 2269 1089 2362; baseline -0.026 -10"><span class='ocrx_word' id='word_1_199' title='bbox 79 2286 178 2350; x_wconf 83' lang='lat' dir='ltr'><strong>etiamsi</strong></span> <span class='ocrx_word' id='word_1_200' title='bbox 191 2295 337 2350; x_wconf 83' lang='lat' dir='ltr'><strong>extranca</strong></span> <span class='ocrx_word' id='word_1_201' title='bbox 349 2286 387 2360; x_wconf 87' lang='lat' dir='ltr'><strong>sit</strong></span> <span class='ocrx_word' id='word_1_202' title='bbox 401 2301 530 2362; x_wconf 90' lang='lat' dir='ltr'><strong>persona</strong></span> <span class='ocrx_word' id='word_1_203' title='bbox 552 2279 738 2353; x_wconf 89' lang='lat' dir='ltr'><strong>intermedia,</strong></span> <span class='ocrx_word' id='word_1_204' title='bbox 755 2283 807 2336; x_wconf 89' lang='lat' dir='ltr'><strong>aut</strong></span> <span class='ocrx_word' id='word_1_205' title='bbox 824 2275 862 2335; x_wconf 88' lang='lat' dir='ltr'><strong>de</strong></span> <span class='ocrx_word' id='word_1_206' title='bbox 875 2269 1021 2332; x_wconf 87' lang='lat' dir='ltr'><strong>beneficio</strong></span> <span class='ocrx_word' id='word_1_207' title='bbox 1036 2284 1089 2343; x_wconf 86' lang='lat' dir='ltr'><strong>pa·</strong></span> 
     </span>
     <span class='ocr_line' id='line_1_25' title="bbox 79 2357 1090 2455; baseline -0.021 -22"><span class='ocrx_word' id='word_1_208' title='bbox 79 2377 186 2437; x_wconf 90' lang='lat' dir='ltr'><strong>roohiali</strong></span> <span class='ocrx_word' id='word_1_209' title='bbox 198 2395 254 2455; x_wconf 88' lang='lat' dir='ltr'><strong>per</strong></span> <span class='ocrx_word' id='word_1_210' title='bbox 268 2389 452 2436; x_wconf 89' lang='lat' dir='ltr'><strong>concursum</strong></span> <span class='ocrx_word' id='word_1_211' title='bbox 465 2370 648 2434; x_wconf 87' lang='lat' dir='ltr'><strong>conferendo</strong></span> <span class='ocrx_word' id='word_1_212' title='bbox 663 2373 788 2443; x_wconf 74' lang='lat' dir='ltr'><strong>agatur,</strong></span> <span class='ocrx_word' id='word_1_213' title='bbox 810 2363 895 2424; x_wconf 89' lang='lat' dir='ltr'><strong>aliter</strong></span> <span class='ocrx_word' id='word_1_214' title='bbox 909 2361 986 2419; x_wconf 67' lang='lat' dir='ltr'><strong>lacn</strong></span> <span class='ocrx_word' id='word_1_215' title='bbox 1000 2357 1090 2416; x_wconf 87' lang='lat' dir='ltr'><strong>colla-</strong></span> 
     </span>
     <span class='ocr_line' id='line_1_26' title="bbox 80 2443 1091 2539; baseline -0.025 -12"><span class='ocrx_word' id='word_1_216' title='bbox 80 2463 112 2522; x_wconf 79' lang='lat' dir='ltr'><strong>tio</strong></span> <span class='ocrx_word' id='word_1_217' title='bbox 122 2467 192 2528; x_wconf 90' lang='lat' dir='ltr'><strong>adeo</strong></span> <span class='ocrx_word' id='word_1_218' title='bbox 204 2473 252 2527; x_wconf 88' lang='lat' dir='ltr'><strong>est</strong></span> <span class='ocrx_word' id='word_1_219' title='bbox 265 2467 356 2538; x_wconf 90' lang='lat' dir='ltr'><strong>nulla,</strong></span> <span class='ocrx_word' id='word_1_220' title='bbox 371 2471 404 2524; x_wconf 90' lang='lat' dir='ltr'><strong>ut</strong></span> <span class='ocrx_word' id='word_1_221' title='bbox 417 2479 515 2539; x_wconf 87' lang='lat' dir='ltr'><strong>neque</strong></span> <span class='ocrx_word' id='word_1_222' title='bbox 533 2461 651 2520; x_wconf 89' lang='lat' dir='ltr'><strong>titulum</strong></span> <span class='ocrx_word' id='word_1_223' title='bbox 665 2458 832 2516; x_wconf 89' lang='lat' dir='ltr'><strong>coloratum</strong></span> <span class='ocrx_word' id='word_1_224' title='bbox 846 2449 903 2526; x_wconf 90' lang='lat' dir='ltr'><strong>ipsi</strong></span> <span class='ocrx_word' id='word_1_225' title='bbox 915 2443 1091 2506; x_wconf 87' lang='lat' dir='ltr'><strong>beneficiato</strong></span> 
     </span>
     <span class='ocr_line' id='line_1_27' title="bbox 80 2532 1091 2628; baseline -0.02 -19"><span class='ocrx_word' id='word_1_226' title='bbox 80 2553 174 2616; x_wconf 90' lang='lat' dir='ltr'><strong>tribuat</strong></span> <span class='ocrx_word' id='word_1_227' title='bbox 188 2560 240 2628; x_wconf 80' lang='lat' dir='ltr'><strong>(t).</strong></span> <span class='ocrx_word' id='word_1_228' title='bbox 257 2553 394 2614; x_wconf 84' lang='lat' dir='ltr'><strong>secundo</strong></span> <span class='ocrx_word' id='word_1_229' title='bbox 415 2569 453 2612; x_wconf 89' lang='lat' dir='ltr'><strong>ne</strong></span> <span class='ocrx_word' id='word_1_230' title='bbox 473 2549 551 2610; x_wconf 86' lang='lat' dir='ltr'><strong>illius</strong></span> <span class='ocrx_word' id='word_1_231' title='bbox 563 2545 731 2622; x_wconf 87' lang='lat' dir='ltr'><strong>illegitimus</strong></span> <span class='ocrx_word' id='word_1_232' title='bbox 745 2547 834 2618; x_wconf 88' lang='lat' dir='ltr'><strong>queat</strong></span> <span class='ocrx_word' id='word_1_233' title='bbox 852 2536 986 2598; x_wconf 88' lang='lat' dir='ltr'><strong>obtinere</strong></span> <span class='ocrx_word' id='word_1_234' title='bbox 999 2532 1091 2591; x_wconf 91' lang='lat' dir='ltr'><strong>hene-</strong></span> 
     </span>
     <span class='ocr_line' id='line_1_28' title="bbox 81 2619 1092 2717; baseline -0.022 -18"><span class='ocrx_word' id='word_1_235' title='bbox 81 2640 166 2704; x_wconf 82' lang='lat' dir='ltr'><strong>ficium</strong></span> <span class='ocrx_word' id='word_1_236' title='bbox 181 2644 214 2704; x_wconf 90' lang='lat' dir='ltr'><strong>in</strong></span> <span class='ocrx_word' id='word_1_237' title='bbox 231 2643 375 2717; x_wconf 84' lang='lat' dir='ltr'><strong>Ecclesia,</strong></span> <span class='ocrx_word' id='word_1_238' title='bbox 389 2641 421 2702; x_wconf 90' lang='lat' dir='ltr'><strong>in</strong></span> <span class='ocrx_word' id='word_1_239' title='bbox 439 2657 499 2717; x_wconf 85' lang='lat' dir='ltr'><strong>qna</strong></span> <span class='ocrx_word' id='word_1_240' title='bbox 517 2633 711 2698; x_wconf 84' lang='lat' dir='ltr'><strong>beneficiatus</strong></span> <span class='ocrx_word' id='word_1_241' title='bbox 725 2638 770 2692; x_wconf 88' lang='lat' dir='ltr'><strong>est</strong></span> <span class='ocrx_word' id='word_1_242' title='bbox 782 2635 876 2705; x_wconf 87' lang='lat' dir='ltr'><strong>puter,</strong></span> <span class='ocrx_word' id='word_1_243' title='bbox 891 2629 943 2684; x_wconf 91' lang='lat' dir='ltr'><strong>aut</strong></span> <span class='ocrx_word' id='word_1_244' title='bbox 957 2619 1092 2681; x_wconf 88' lang='lat' dir='ltr'><strong>obtinere</strong></span> 
     </span>
     <span class='ocr_line' id='line_1_29' title="bbox 80 2707 1092 2812; baseline -0.02 -22"><span class='ocrx_word' id='word_1_245' title='bbox 80 2727 273 2793; x_wconf 86' lang='lat' dir='ltr'><strong>heneficiuma</strong></span> <span class='ocrx_word' id='word_1_246' title='bbox 286 2738 372 2812; x_wconf 86' lang='lat' dir='ltr'><strong>petre</strong></span> <span class='ocrx_word' id='word_1_247' title='bbox 386 2744 576 2806; x_wconf 84' lang='lat' dir='ltr'><strong>quocumque</strong></span> <span class='ocrx_word' id='word_1_248' title='bbox 589 2723 680 2786; x_wconf 90' lang='lat' dir='ltr'><strong>modo</strong></span> <span class='ocrx_word' id='word_1_249' title='bbox 692 2718 848 2782; x_wconf 88' lang='lat' dir='ltr'><strong>dimissum</strong></span> <span class='ocrx_word' id='word_1_250' title='bbox 863 2719 917 2786; x_wconf 73' lang='lat'><strong>(5),</strong></span> <span class='ocrx_word' id='word_1_251' title='bbox 933 2711 958 2772; x_wconf 91' lang='lat' dir='ltr'><strong>si</strong></span> <span class='ocrx_word' id='word_1_252' title='bbox 970 2725 1044 2770; x_wconf 85' lang='lat' dir='ltr'><strong>vero</strong></span> <span class='ocrx_word' id='word_1_253' title='bbox 1054 2707 1092 2770; x_wconf 90' lang='lat' dir='ltr'><strong>de</strong></span> 
     </span>
     <span class='ocr_line' id='line_1_30' title="bbox 9 2798 1090 2899; baseline -0.024 -18"><span class='ocrx_word' id='word_1_254' title='bbox 9 2891 11 2894; x_wconf 17' lang='lat'>¹</span> <span class='ocrx_word' id='word_1_255' title='bbox 82 2817 133 2879; x_wconf 85' lang='lat' dir='ltr'><strong>illio</strong></span> <span class='ocrx_word' id='word_1_256' title='bbox 148 2823 278 2899; x_wconf 90' lang='lat' dir='ltr'><strong>legitimo</strong></span> <span class='ocrx_word' id='word_1_257' title='bbox 298 2827 413 2898; x_wconf 86' lang='lat' dir='ltr'><strong>agatur,</strong></span> <span class='ocrx_word' id='word_1_258' title='bbox 432 2819 483 2895; x_wconf 90' lang='lat' dir='ltr'><strong>qui</strong></span> <span class='ocrx_word' id='word_1_259' title='bbox 500 2823 570 2876; x_wconf 91' lang='lat' dir='ltr'><strong>ante</strong></span> <span class='ocrx_word' id='word_1_260' title='bbox 586 2812 680 2891; x_wconf 87' lang='lat' dir='ltr'><strong>patris</strong></span> <span class='ocrx_word' id='word_1_261' title='bbox 698 2805 918 2870; x_wconf 87' lang='lat' dir='ltr'><strong>ordinationem</strong></span> <span class='ocrx_word' id='word_1_262' title='bbox 940 2806 1027 2860; x_wconf 89' lang='lat' dir='ltr'><strong>natus</strong></span> <span class='ocrx_word' id='word_1_263' title='bbox 1042 2798 1090 2870; x_wconf 88' lang='lat' dir='ltr'><strong>sit,</strong></span> 
     </span>
     <span class='ocr_line' id='line_1_31' title="bbox 9 2889 1093 2992; baseline -0.022 -23"><span class='ocrx_word' id='word_1_264' title='bbox 9 2983 10 2992; x_wconf 8' lang='grc' dir='ltr'>ἵ</span> <span class='ocrx_word' id='word_1_265' title='bbox 81 2904 121 2968; x_wconf 89' lang='lat' dir='ltr'><strong>hic</strong></span> <span class='ocrx_word' id='word_1_266' title='bbox 131 2911 231 2987; x_wconf 89' lang='lat' dir='ltr'><strong>nequit</strong></span> <span class='ocrx_word' id='word_1_267' title='bbox 244 2909 379 2970; x_wconf 84' lang='lat' dir='ltr'><strong>obtinere</strong></span> <span class='ocrx_word' id='word_1_268' title='bbox 393 2907 526 2982; x_wconf 89' lang='lat' dir='ltr'><strong>ejusdem</strong></span> <span class='ocrx_word' id='word_1_269' title='bbox 540 2902 632 2981; x_wconf 90' lang='lat' dir='ltr'><strong>patris</strong></span> <span class='ocrx_word' id='word_1_270' title='bbox 643 2897 821 2959; x_wconf 84' lang='lat' dir='ltr'><strong>beneficium</strong></span> <span class='ocrx_word' id='word_1_271' title='bbox 840 2889 1010 2954; x_wconf 86' lang='lat' dir='ltr'><strong>immediata</strong></span> <span class='ocrx_word' id='word_1_272' title='bbox 1023 2903 1093 2946; x_wconf 89' lang='lat' dir='ltr'><strong>suc-</strong></span> 
     </span>
     <span class='ocr_line' id='line_1_32' title="bbox 81 2978 1092 3073; baseline -0.023 -17"><span class='ocrx_word' id='word_1_273' title='bbox 81 2997 211 3072; x_wconf 77' lang='lat' dir='ltr'><strong>cessione,</strong></span> <span class='ocrx_word' id='word_1_274' title='bbox 229 2998 284 3058; x_wconf 89' lang='lat' dir='ltr'><strong>sed</strong></span> <span class='ocrx_word' id='word_1_275' title='bbox 294 3001 393 3073; x_wconf 88' lang='lat' dir='ltr'><strong>potest</strong></span> <span class='ocrx_word' id='word_1_276' title='bbox 405 2993 550 3066; x_wconf 83' lang='lat' dir='ltr'><strong>obtinere,</strong></span> <span class='ocrx_word' id='word_1_277' title='bbox 560 2991 585 3052; x_wconf 87' lang='lat' dir='ltr'><strong>si</strong></span> <span class='ocrx_word' id='word_1_278' title='bbox 594 3006 661 3066; x_wconf 87' lang='lat' dir='ltr'><strong>quae</strong></span> <span class='ocrx_word' id='word_1_279' title='bbox 669 2981 888 3048; x_wconf 88' lang='lat' dir='ltr'><strong>sitintcrmedia</strong></span> <span class='ocrx_word' id='word_1_280' title='bbox 901 2995 1030 3057; x_wconf 88' lang='lat' dir='ltr'><strong>persona</strong></span> <span class='ocrx_word' id='word_1_281' title='bbox 1040 2978 1092 3048; x_wconf 86' lang='grc'>(6),</span> 
     </span>
     <span class='ocr_line' id='line_1_33' title="bbox 83 3065 1095 3164; baseline -0.025 -16"><span class='ocrx_word' id='word_1_282' title='bbox 83 3081 162 3146; x_wconf 84' lang='lat' dir='ltr'><strong>immo</strong></span> <span class='ocrx_word' id='word_1_283' title='bbox 180 3092 280 3164; x_wconf 85' lang='lat' dir='ltr'><strong>potest</strong></span> <span class='ocrx_word' id='word_1_284' title='bbox 301 3085 438 3144; x_wconf 85' lang='lat' dir='ltr'><strong>obtinere</strong></span> <span class='ocrx_word' id='word_1_285' title='bbox 456 3082 537 3141; x_wconf 90' lang='lat' dir='ltr'><strong>aliud</strong></span> <span class='ocrx_word' id='word_1_286' title='bbox 563 3075 742 3138; x_wconf 85' lang='lat' dir='ltr'><strong>beneficium</strong></span> <span class='ocrx_word' id='word_1_287' title='bbox 765 3069 908 3134; x_wconf 84' lang='lat' dir='ltr'><strong>dissimile</strong></span> <span class='ocrx_word' id='word_1_288' title='bbox 934 3067 966 3128; x_wconf 89' lang='lat' dir='ltr'><strong>in</strong></span> <span class='ocrx_word' id='word_1_289' title='bbox 989 3065 1095 3127; x_wconf 88' lang='lat' dir='ltr'><strong>cadem</strong></span> 
     </span>
     <span class='ocr_line' id='line_1_34' title="bbox 84 3151 1096 3250; baseline -0.024 -16"><span class='ocrx_word' id='word_1_290' title='bbox 84 3173 256 3248; x_wconf 69' lang='lat' dir='ltr'><strong>Ecclesiam</strong></span> <span class='ocrx_word' id='word_1_291' title='bbox 268 3191 329 3250; x_wconf 85' lang='lat' dir='ltr'><strong>qua</strong></span> <span class='ocrx_word' id='word_1_292' title='bbox 340 3170 534 3234; x_wconf 74' lang='lat' dir='ltr'><strong>beneficiatus</strong></span> <span class='ocrx_word' id='word_1_293' title='bbox 547 3173 592 3229; x_wconf 89' lang='lat' dir='ltr'><strong>est</strong></span> <span class='ocrx_word' id='word_1_294' title='bbox 603 3171 688 3242; x_wconf 82' lang='lat' dir='ltr'><strong>pater</strong></span> <span class='ocrx_word' id='word_1_295' title='bbox 702 3167 759 3236; x_wconf 74' lang='lat'><strong>(7),</strong></span> <span class='ocrx_word' id='word_1_296' title='bbox 775 3177 870 3236; x_wconf 88' lang='lat' dir='ltr'><strong>nepos</strong></span> <span class='ocrx_word' id='word_1_297' title='bbox 882 3165 982 3218; x_wconf 88' lang='lat' dir='ltr'><strong>autem</strong></span> <span class='ocrx_word' id='word_1_298' title='bbox 996 3155 1034 3214; x_wconf 92' lang='lat' dir='ltr'><strong>ad</strong></span> <span class='ocrx_word' id='word_1_299' title='bbox 1047 3151 1096 3211; x_wconf 87' lang='lat' dir='ltr'><strong>avi</strong></span> 
     </span>
     <span class='ocr_line' id='line_1_35' title="bbox 85 3239 1096 3334; baseline -0.021 -14"><span class='ocrx_word' id='word_1_300' title='bbox 85 3257 248 3326; x_wconf 84' lang='lat' dir='ltr'><strong>heneficium</strong></span> <span class='ocrx_word' id='word_1_301' title='bbox 261 3261 434 3334; x_wconf 85' lang='lat' dir='ltr'><strong>admittitur,</strong></span> <span class='ocrx_word' id='word_1_302' title='bbox 449 3275 504 3319; x_wconf 88' lang='lat' dir='ltr'><strong>suo</strong></span> <span class='ocrx_word' id='word_1_303' title='bbox 518 3256 637 3316; x_wconf 74' lang='lat' dir='ltr'><strong>vivente</strong></span> <span class='ocrx_word' id='word_1_304' title='bbox 649 3259 745 3332; x_wconf 87' lang='lat' dir='ltr'><strong>patre,</strong></span> <span class='ocrx_word' id='word_1_305' title='bbox 756 3248 824 3327; x_wconf 77' lang='lat' dir='ltr'><strong>qiua</strong></span> <span class='ocrx_word' id='word_1_306' title='bbox 838 3248 868 3308; x_wconf 88' lang='lat' dir='ltr'><strong>in</strong></span> <span class='ocrx_word' id='word_1_307' title='bbox 879 3265 952 3308; x_wconf 86' lang='lat' dir='ltr'><strong>casu</strong></span> <span class='ocrx_word' id='word_1_308' title='bbox 962 3239 1096 3305; x_wconf 80' lang='lat' dir='ltr'><strong>excludi·</strong></span> 
     </span>
     <span class='ocr_line' id='line_1_36' title="bbox 88 3327 1097 3430; baseline -0.02 -22"><span class='ocrx_word' id='word_1_309' title='bbox 88 3353 126 3410; x_wconf 88' lang='lat' dir='ltr'><strong>tur</strong></span> <span class='ocrx_word' id='word_1_310' title='bbox 136 3353 231 3430; x_wconf 85' lang='lat' dir='ltr'><strong>imago</strong></span> <span class='ocrx_word' id='word_1_311' title='bbox 253 3349 455 3414; x_wconf 85' lang='lat' dir='ltr'><strong>successionis</strong></span> <span class='ocrx_word' id='word_1_312' title='bbox 472 3353 626 3422; x_wconf 85' lang='lat' dir='ltr'><strong>tantopere</strong></span> <span class='ocrx_word' id='word_1_313' title='bbox 640 3347 698 3402; x_wconf 86' lang='lat' dir='ltr'><strong>as.</strong></span> <span class='ocrx_word' id='word_1_314' title='bbox 718 3337 888 3401; x_wconf 80' lang='lat' dir='ltr'><strong>canonibus</strong></span> <span class='ocrx_word' id='word_1_315' title='bbox 900 3336 931 3396; x_wconf 90' lang='lat' dir='ltr'><strong>irr</strong></span> <span class='ocrx_word' id='word_1_316' title='bbox 945 3327 1097 3426; x_wconf 78' lang='lat' dir='ltr'><strong>beneflciis</strong></span> 
     </span>
     <span class='ocr_line' id='line_1_37' title="bbox 89 3416 1097 3517; baseline -0.028 -17"><span class='ocrx_word' id='word_1_317' title='bbox 89 3443 253 3517; x_wconf 86' lang='lat' dir='ltr'><strong>reprobata,</strong></span> <span class='ocrx_word' id='word_1_318' title='bbox 266 3441 323 3502; x_wconf 88' lang='lat' dir='ltr'><strong>sed</strong></span> <span class='ocrx_word' id='word_1_319' title='bbox 344 3455 407 3499; x_wconf 92' lang='lat' dir='ltr'><strong>non</strong></span> <span class='ocrx_word' id='word_1_320' title='bbox 426 3434 599 3506; x_wconf 84' lang='lat' dir='ltr'><strong>admittitur,</strong></span> <span class='ocrx_word' id='word_1_321' title='bbox 612 3438 699 3508; x_wconf 87' lang='lat' dir='ltr'><strong>patre</strong></span> <span class='ocrx_word' id='word_1_322' title='bbox 719 3427 870 3498; x_wconf 72' lang='lat' dir='ltr'><strong>damnato,</strong></span> <span class='ocrx_word' id='word_1_323' title='bbox 894 3416 1053 3515; x_wconf 75' lang='lat' dir='ltr'><strong>quintilius</strong></span> <span class='ocrx_word' id='word_1_324' title='bbox 1066 3431 1097 3474; x_wconf 90' lang='lat' dir='ltr'><strong>ru</strong></span> 
     </span>
     <span class='ocr_line' id='line_1_38' title="bbox 90 3510 1098 3609; baseline -0.032 -18"><span class='ocrx_word' id='word_1_325' title='bbox 90 3526 177 3592; x_wconf 85' lang='lat' dir='ltr'><strong>locum</strong></span> <span class='ocrx_word' id='word_1_326' title='bbox 189 3529 281 3609; x_wconf 89' lang='lat' dir='ltr'><strong>patris</strong></span> <span class='ocrx_word' id='word_1_327' title='bbox 294 3525 469 3605; x_wconf 82' lang='lat' dir='ltr'><strong>ingreditur,</strong></span> <span class='ocrx_word' id='word_1_328' title='bbox 482 3529 513 3585; x_wconf 90' lang='lat' dir='ltr'><strong>et</strong></span> <span class='ocrx_word' id='word_1_329' title='bbox 523 3523 622 3598; x_wconf 90' lang='lat' dir='ltr'><strong>ipsum</strong></span> <span class='ocrx_word' id='word_1_330' title='bbox 635 3519 831 3595; x_wconf 87' lang='lat' dir='ltr'><strong>repraesentat</strong></span> <span class='ocrx_word' id='word_1_331' title='bbox 851 3513 903 3582; x_wconf 85' lang='lat'><strong>(8).</strong></span> <span class='ocrx_word' id='word_1_332' title='bbox 925 3510 1024 3568; x_wconf 81' lang='lat' dir='ltr'><strong>Tertio</strong></span> <span class='ocrx_word' id='word_1_333' title='bbox 1036 3517 1098 3562; x_wconf 87' lang='lat' dir='ltr'><strong>non</strong></span> 
     </span>
    </p>
   </div>
   <div class='ocr_carea' id='block_1_4' title="bbox 90 3593 1097 3746">
    <p class='ocr_par' dir='ltr' id='par_1_4' title="bbox 90 3593 1097 3746">
     <span class='ocr_line' id='line_1_39' title="bbox 90 3593 1097 3746; baseline -0.044 -54"><span class='ocrx_word' id='word_1_334' title='bbox 90 3627 236 3698; x_wconf 74' lang='lat' dir='ltr'><strong>nlitthtrartr</strong></span> <span class='ocrx_word' id='word_1_335' title='bbox 249 3624 340 3682; x_wconf 79' lang='lat' dir='ltr'><strong>oertae</strong></span> <span class='ocrx_word' id='word_1_336' title='bbox 353 3630 491 3696; x_wconf 74' lang='lat' dir='ltr'><strong>persona</strong></span> <span class='ocrx_word' id='word_1_337' title='bbox 506 3605 689 3673; x_wconf 87' lang='lat' dir='ltr'><strong>abenetloiis</strong></span> <span class='ocrx_word' id='word_1_338' title='bbox 700 3601 900 3668; x_wconf 76' lang='lat' dir='ltr'><strong>excluduntur</strong></span> <span class='ocrx_word' id='word_1_339' title='bbox 912 3595 943 3656; x_wconf 89' lang='lat' dir='ltr'><strong>in</strong></span> <span class='ocrx_word' id='word_1_340' title='bbox 954 3593 1017 3746; x_wconf 58' lang='lat' dir='ltr'><strong>iiim</strong></span> <span class='ocrx_word' id='word_1_341' title='bbox 1029 3603 1097 3666; x_wconf 84' lang='lat' dir='ltr'><strong>spe-</strong></span> 
     </span>
    </p>
   </div>
   <div class='ocr_carea' id='block_1_5' title="bbox 0 0 1228 4068">
    <p class='ocr_par' dir='ltr' id='par_1_5' title="bbox 0 0 1228 4068">
     <span class='ocr_line' id='line_1_40' title="bbox 0 0 1228 4068; baseline 0 0"><span class='ocrx_word' id='word_1_342' title='bbox 0 0 1228 4068; x_wconf 95' lang='lat' dir='ltr'><strong> </strong></span> 
     </span>
    </p>
   </div>
  </div>
 </body>
</html>
