2426 4070
575 113 735 172 ..155-

134 235 411 308 tificireservatam3
428 233 482 294 sed
500 233 560 294 hoc
579 233 803 310 intelligendum
817 233 934 298 videtur
947 234 986 296 de
1001 235 1070 312 jure
1084 234 1172 296 ordi-

134 325 230 398 nario,
239 329 271 384 et
283 327 474 399 expotestatc
487 323 641 398 illimitota‚
653 339 690 384 uc
698 323 737 384 ad
750 323 875 397 libitum,
885 323 997 384 utotim
1010 331 1171 402 compete-

133 413 194 486 bat,
206 429 267 472 non
279 412 397 484 vcrossde
409 428 481 472 casu
490 412 615 488 alicujus
624 412 723 488 gmris
734 411 934 486 necessitatis;
946 428 1017 472 nam
1026 411 1170 476 Tridenti-

134 517 207 562 num
219 500 297 560 mala
308 500 400 560 voluit
414 500 568 576 impedire,
584 517 646 562 non
655 518 728 562 vcro
742 519 809 578 quae
824 501 914 574 bona,
929 507 960 562 et
970 501 1053 560 utilia
1064 510 1169 563 essent

133 589 302 665 prohibere.
312 589 394 649 Unde
404 588 483 648 dicta
494 590 620 649 facultas
629 589 783 666 Episcopis
797 589 935 650 restricta
943 596 1033 666 atque
1041 589 1169 650 limitata

133 677 243 753 potius,
267 693 358 753 quam
379 693 504 752 prorsus
531 677 657 750 sublata,
687 685 718 737 et
741 679 880 754 adempta
894 677 1034 738 creditur.
1050 683 1169 740 Revera

134 770 162 825 S.
179 766 301 826 Carolus
318 771 497 826 Borromeus
512 765 544 824 in
559 765 689 827 concilio
705 767 915 826 Mediolanensi
932 772 977 840 lv,
997 766 1122 843 agnovit
1136 769 1168 826 in

133 855 281 930 Episcopo
292 855 463 914 facultatem
476 854 666 931 permittendi
680 855 911 915 celebrationem
928 854 1027 916 missae
1043 855 1074 914 in
1096 873 1167 916 ora-

133 942 211 1002 torio
232 943 349 1018 privato
371 951 495 1019 propter
508 960 634 1020 moyam
649 951 676 1002 ct
694 951 831 1018 urpontor
846 960 961 1004 cousus.
978 948 1107 1004 Sanetus
1126 945 1166 1004 de

133 1030 251 1104 Ligario
264 1031 294 1090 id
308 1031 419 1106 pariter
432 1030 580 1106 Episcopo
600 1030 692 1092 licere
705 1033 834 1093 affirmat
846 1031 877 1091 in
891 1031 991 1108 aliquo
1007 1049 1081 1092 casu
1094 1050 1164 1108 par-

132 1118 249 1179 ticulari
262 1137 316 1195 per
327 1119 450 1180 modum
464 1126 549 1180 actos
562 1121 595 1178 ob
601 1120 720 1195 justam
735 1138 868 1194 cansam,
881 1125 911 1180 et
922 1119 1164 1180 inconllrmatio-

132 1223 202 1268 nem
216 1209 317 1283 plures
338 1214 500 1269 Doctorum
522 1208 684 1268 sententias
705 1209 791 1268 affert
814 1212 864 1280 (3).
887 1209 945 1268 Sed
963 1224 1028 1268 rem
1043 1209 1167 1268 coniicit

132 1301 161 1354 S.
178 1297 467 1372 congregationum
484 1297 675 1372 interrogata,
691 1315 728 1356 an
747 1296 910 1372 Episcopus
930 1296 1024 1372 possit
1037 1299 1165 1356 faculta-

131 1378 191 1443 terb
205 1385 372 1444 concedere
385 1384 554 1446 celebrandi
564 1385 593 1442 in
606 1385 745 1444 oratoriis
756 1385 880 1460 privatis
891 1385 920 1444 in
931 1387 1021 1446 casu?
1033 1389 1165 1461 Respon-

131 1473 193 1533 dit:
208 1473 353 1550 Nepotinc,
369 1475 429 1533 nisi
443 1481 543 1534 tamon
563 1491 678 1550 rnupna
700 1483 727 1533 et
745 1482 882 1550 terpentes
897 1475 996 1535 adsint
1010 1492 1115 1549 consa,
1135 1484 1162 1534 at

128 1563 319 1638 pertundam
332 1569 416 1622 octus
431 1569 550 1622 tantem
565 1568 617 1635 (t).

161 1682 195 1745 (l)
208 1682 272 1734 Gan.
288 1683 318 1733 ta
332 1685 357 1734 et
375 1683 412 1741 13,
428 1683 461 1732 de
475 1696 579 1734 conseo.
595 1709 626 1720 -
640 1683 675 1748 (2)
692 1683 764 1735 Sess.
779 1683 821 1748 22,
838 1683 865 1737 in
880 1683 980 1737 decret.
998 1685 1032 1736 de
1046 1684 1155 1736 observ.

130 1761 158 1804 et
171 1754 215 1804 vit.
233 1753 261 1803 in
278 1753 327 1804 cel.
339 1753 400 1804 mis.
410 1781 436 1790 -
448 1753 483 1817 (3)
500 1754 559 1804 Lib.
575 1753 600 1812 6,
612 1769 639 1804 n.
659 1753 713 1805 359.
728 1783 754 1791 -
770 1755 805 1820 (t)
820 1754 909 1807 Resol.
927 1755 982 1807 diei
998 1755 1011 1806 i
1026 1756 1160 1822 septemb.

130 1825 194 1876 anni
219 1823 286 1888 1856,
305 1838 387 1890 quum
409 1825 490 1874 refert
510 1829 602 1875 auctor
619 1825 701 1875 Prael.
715 1824 774 1876 Jur.
791 1827 854 1877 Can.
879 1826 941 1877 to'm.
961 1828 985 1885 l,
1002 1841 1028 1878 n.
1053 1827 1109 1877 508.
1125 1827 1159 1877 Et

129 1896 229 1947 dicitur
241 1909 290 1961 per
300 1895 409 1946 modum
424 1897 499 1945 actus
514 1897 627 1956 tautum,
642 1896 706 1960 quia
718 1910 769 1961 per
785 1896 893 1948 modum
904 1897 1013 1966 babitus
1031 1897 1101 1952 banc
1114 1898 1159 1948 ia-

129 1968 254 2018 cultetam
266 1967 339 2017 solus
349 1979 470 2018 summus
479 1965 600 2016 concedit
610 1967 750 2028 Pontiserm
764 1968 789 2017 id
798 1973 840 2020 est
849 1981 898 2031 per
907 1969 1015 2020 modum
1026 1973 1102 2020 actus
1110 1983 1159 2032 pro

127 2039 218 2102 aliquo
235 2041 365 2102 ternpore,
380 2050 434 2088 non
444 2049 507 2088 vero
520 2043 650 2102 perpetuo
666 2052 715 2103 par
729 2038 837 2090 modum
853 2039 970 2099 habitus.
986 2043 1014 2090 ut
1039 2040 1158 2106 explicat

128 2108 155 2160 S.
170 2111 203 2160 de
218 2107 324 2172 Ligurio
339 2107 388 2159 loc.
404 2107 450 2160 cit.

162 2253 225 2309 tta.
247 2249 340 2322 Unde,
364 2266 425 2308 noa
447 2249 585 2310 obstante
597 2249 751 2325 praecitato
765 2250 924 2311 Tridentini
946 2251 1079 2325 decreto,
1092 2251 1157 2311 baec

128 2353 198 2398 cum
218 2337 370 2398 communi
393 2343 555 2398 Doctorum
573 2339 718 2398 sententia
734 2341 910 2400 adnotamus
927 2358 934 2399 ε
949 2345 979 2398 t⁰
992 2339 1156 2416 Episcopus

126 2434 235 2502 praeter
247 2428 411 2487 oratorium
424 2427 452 2486 in
468 2445 524 2486 suo
538 2428 647 2504 palatio
661 2427 835 2504 episcopali,
850 2433 948 2504 potest
957 2429 1067 2488 habere
1076 2430 1157 2488 aliud

126 2516 156 2574 in
171 2517 261 2576 domo
276 2516 428 2576 rusticana
442 2533 504 2575 suae
517 2515 706 2575 habitationis
723 2516 813 2576 etiam
832 2521 917 2577 extra
934 2535 1019 2578 suam
1042 2518 1154 2579 dioecc-

125 2604 181 2664 sim
196 2609 236 2676 (t)
245 2623 252 2677 ;
261 2610 294 2664 9⁰
308 2606 473 2681 Episcopus
487 2603 516 2662 in
531 2603 708 2678 visitatione,
722 2605 812 2664 autin
826 2605 941 2680 itincre,
956 2613 1006 2666 aut
1019 2624 1087 2667 cum
1102 2609 1154 2666 ab·

124 2699 170 2752 est
183 2711 201 2751 a
215 2711 269 2752 sua
287 2693 436 2752 ordinaria
457 2691 638 2752 habitatione
661 2699 760 2768 potest
778 2693 894 2770 erigere
914 2695 1017 2770 altare,
1042 2695 1070 2754 in
1093 2713 1153 2771 quo

124 2779 198 2855 ipsc,
211 2788 242 2841 et
259 2781 308 2840 alii
321 2782 494 2840 sacerdotes
509 2799 629 2842 sacrum
641 2782 760 2856 iaciant,
773 2782 802 2842 in
818 2783 956 2842 dontibus
969 2785 1123 2856 laicorum,
1136 2803 1154 2844 a

124 2868 232 2943 quibus
254 2869 382 2944 hospitio
403 2869 554 2945 recipitur,
575 2877 626 2930 aut
647 2887 741 2946 penes
769 2889 845 2947 quos
865 2889 982 2932 morsm
1002 2873 1071 2932 facit
1091 2878 1150 2946 (ῆς

122 2962 153 3016 3⁰
173 2957 337 3032 Episcopus
352 2964 450 3033 potest
468 2960 639 3034 permittere
658 2961 822 3020 oratorium
842 2961 990 3036 privatum
1001 2976 1070 3021 cum
1084 2980 1151 3038 pcr-

122 3063 196 3105 soua
223 3045 368 3106 distin'ctae
390 3047 547 3123 qualitatis,
570 3047 700 3107 maxime
721 3047 746 3107 si
764 3049 802 3108 sit
824 3050 978 3123 sacerdos,
998 3067 1068 3110 cum
1090 3068 1151 3111 non

121 3140 220 3209 potest
238 3140 361 3209 propter
375 3134 585 3210 infirmitatem,
605 3143 656 3196 aut
674 3143 859 3198 senectutem
873 3139 911 3198 ad
927 3139 1087 3198 Ecclesiam
1100 3158 1150 3200 sc-

121 3223 240 3296 cedere,
255 3229 288 3282 ut
301 3222 425 3282 missam
439 3224 548 3298 audiat,
568 3232 619 3286 aut
633 3226 775 3296 celebret,
800 3232 830 3287 et
844 3226 1056 3286 Eucharistiam
1074 3229 1149 3288 reci-

121 3311 182 3387 piat
197 3315 308 3394 (3);ἥ40
334 3311 620 3388 Episcopusfpotest
647 3315 834 3389 permittere,
858 3322 892 3374 ut
918 3331 1039 3376 sacrum
1064 3325 1149 3378 extra

120 3401 283 3462 Ecclesiam
297 3401 358 3473 ilat,
373 3399 399 3459 si
410 3399 541 3460 Ecclesia
555 3401 652 3460 diruta
667 3402 715 3476 sit,
731 3401 756 3462 si
771 3404 913 3464 sacerdos
926 3406 1047 3480 longam
1062 3423 1146 3482 perc-

118 3487 318 3563 grinationcm
343 3505 399 3565 per
424 3489 492 3548 loca
513 3489 642 3558 deserta,
661 3493 710 3550 vel
723 3508 777 3566 per
791 3493 858 3554 loca
870 3487 1034 3554 infidelium
1053 3493 1145 3555 susci·
