2524 4080
579 154 739 216 ..agg-

143 289 199 350 pro
212 272 402 340 nliisclericia
414 276 619 354 fidoluseisset,
634 285 675 352 et,
690 279 737 340 bis
755 293 815 340 non
834 277 1030 352 solventibus,
1047 277 1161 340 solvere

143 365 267 420 coecum
286 358 399 435 luisset,
414 361 493 424 idem
507 363 644 423 Pontifex
657 363 790 438 mandat,
804 368 838 423 ut
852 362 1004 422 debitores
1017 361 1162 440 principa-

142 446 188 506 les
201 447 297 508 eidem
319 449 430 510 clerico
451 450 619 526 tideJussori
638 451 807 527 pecuniane,
834 467 926 527 quoni
938 466 993 527 pro
1011 449 1162 520 obsolvit,

142 537 312 612 restituant,
323 539 476 616 ipsumque
485 547 600 601 servent
611 541 797 614 indemnem;
807 539 950 616 otioponn,
962 539 1007 600 sie
1018 537 1165 616 subiungit

143 625 356 688 executoribus
374 646 439 688 ase
451 629 605 706 delegetis,
621 630 655 690 de
663 629 805 690 reditibus
821 645 924 690 eornm
934 629 1107 705 prescripto
1121 629 1165 687 dc·

142 713 202 773 bito
213 715 330 788 [edotio
340 718 464 791 cecoton
477 726 503 778 et
518 718 632 778 mnino
646 719 747 789 etiem,
763 735 826 795 qne
838 723 956 792 proptor
969 717 1024 776 boc
1036 715 1165 793 pertulit,

141 803 295 877 resarciri,
319 812 373 865 out
392 805 543 882 predictos
567 807 681 868 reditus
707 807 763 866 aidi
789 805 942 882 desipientis
963 806 1083 865 tnmdin
1106 806 1164 865 rino

142 891 278 952 uiolento
291 893 471 966 detinendos,
494 897 583 956 donec
601 897 666 973 ipsa
693 897 807 956 manno
832 895 976 956 resarcito
1000 896 1127 969 suerint,
1142 899 1167 952 et

143 979 237 1041 debito
250 981 313 1042 aine
326 982 523 1046 diminutione
536 985 645 1046 solnta.
663 989 698 1046 Ei
710 987 814 1046 Glosse
827 982 876 1044 bic
889 983 1009 1044 nomirm
1024 983 1167 1044 redituum

143 1067 279 1232 mitigit
300 1070 389 1132 etiam
406 1071 554 1149 stipendia
581 1073 756 1151 quotidiana
774 1070 890 1134 clericis
907 1089 946 1132 ex
959 1072 1110 1134 beneflcio
1123 1071 1169 1131 de·

164 1174 174 1215 1
263 1205 271 1219 .

173 1313 210 1380 (l)
225 1313 291 1382 cop.
306 1315 331 1380 2,
343 1315 376 1368 de
386 1315 506 1384 udaiuns.
517 1318 545 1370 et
556 1315 594 1370 ib.
610 1315 701 1372 Glose.
714 1316 798 1370 verbo
807 1315 968 1372 redditibus.

179 1509 519 1572 cenommannica
534 1511 616 1572 salva
634 1527 754 1588 semper
771 1525 839 1573 esse
852 1509 941 1572 debet
955 1510 1086 1572 honeste
1104 1527 1166 1572 sm·

145 1598 279 1670 leumiim
294 1617 333 1660 ue
351 1600 383 1660 in
397 1601 591 1678 opprobrium
612 1599 726 1678 proprii
741 1598 855 1660 ordinis
872 1599 1047 1660 mendicare
1062 1617 1169 1677 cogen-

145 1701 207 1768 tur3
223 1701 254 1756 et
268 1697 386 1758 ideocx
397 1699 464 1774 jure
473 1698 620 1759 canonico
631 1699 674 1758 eis
688 1697 864 1759 conceditur
876 1697 1049 1774 benficium
1062 1714 1168 1776 compt-

145 1784 241 1844 tentia
254 1784 285 1844 in
300 1801 337 1846 eo
351 1786 528 1862 consistens,
547 1787 628 1864 quod
641 1785 743 1848 elerici
755 1786 877 1848 obaerati
886 1803 941 1863 per
954 1803 1107 1870 carceres,
1122 1791 1168 1848 ant

144 1889 288 1934 censuras
301 1892 363 1936 non
376 1883 503 1953 possunt
528 1877 595 1953 cogi
619 1877 658 1938 ad
676 1892 781 1937 eorum
805 1876 905 1937 debita
924 1877 1071 1936 solvenda
1097 1877 1171 1936 ultro

144 1977 235 2039 quam
258 1965 358 2025 lacere
385 1971 522 2042 possunt,
547 1967 630 2026 salva
657 1981 763 2026 annun
787 1981 920 2042 congrua
944 1964 1169 2040 sustentatione,

144 2051 308 2112 dummodo
322 2053 429 2115 idonea
443 2055 581 2116 cautione
596 2056 702 2116 sellem
716 2072 772 2132 per
779 2057 980 2132 juramentum
997 2061 1125 2115 caveant
1136 2055 1170 2115 de

145 2141 300 2216 solvendo,
313 2142 365 2202 nbi
376 2144 413 2204 od
426 2143 613 2220 pinguiorem
625 2145 775 2204 fortunam
787 2143 962 2206 devenerint
971 2147 1024 2216 (l).
1035 2147 1101 2204 lloc
1114 2143 1168 2220 pn'-
1246 2197 1247 2208 ,

145 2229 253 2305 vilegio
265 2231 365 2291 clerici
378 2232 518 2292 linuntur
530 2231 645 2293 etiamsi
657 2231 745 2292 bonis
765 2233 920 2308 cesserint,
937 2239 967 2292 et
980 2231 1170 2308 probabiliter

146 2317 260 2380 etiamsi
283 2319 313 2378 in
328 2321 532 2381 contrahendo
546 2321 648 2380 debito
661 2321 731 2382 huic
748 2320 903 2399 privilegio
917 2321 1169 2381 renunciaverint:

61 2467 69 2484 ,
146 2425 183 2469 eo
198 2411 280 2485 quod
305 2427 483 2471 concessum
498 2417 543 2471 cst
563 2409 594 2470 in
614 2412 748 2471 favorem
772 2409 861 2471 totius
875 2410 1021 2470 clericalis
1035 2409 1168 2482 ordinis;

146 2497 200 2559 sed
217 2497 325 2558 eodem
345 2499 509 2575 privantur,
537 2504 571 2559 ut
587 2499 700 2576 passim
717 2497 839 2559 tradunt
861 2503 1013 2573 Doctores,
1031 2498 1058 2558 si
1076 2497 1170 2559 debito

147 2587 330 2664 negaverint,
346 2587 371 2647 si
384 2587 483 2648 debita
497 2587 680 2648 descendant
698 2587 866 2660 exdelicto,
885 2589 934 2648 vel
951 2586 1037 2664 qnasi
1053 2587 1165 2654 delicte,
1244 2641 1245 2644 ,

147 2675 173 2736 si
186 2677 245 2737 sint
257 2677 387 2752 suspecti
407 2677 445 2736 de
458 2677 538 2754 luga,
557 2682 587 2738 ct
602 2676 627 2736 si
640 2693 746 2740 eorum
767 2675 931 2738 creditores
944 2677 1041 2752 magis
1054 2680 1164 2753 egeant,

146 2782 237 2840 quarn
249 2764 306 2842 ipsi
325 2764 436 2826 clerici.
464 2807 466 2814 -

175 2913 211 2978 (l)
225 2913 283 2964 Hoc
295 2913 465 2979 beneficium,
479 2913 513 2965 de
529 2927 582 2977 ouo
595 2925 677 2981 supre
687 2914 745 2978 jam
765 2913 870 2978 egimus
885 2926 911 2963 n.
930 2911 962 2964 72
978 2915 1006 2964 et
1024 2911 1081 2972 699,
1096 2909 1166 2964 cleri·
1243 2921 1244 2982 j

147 2985 186 3036 cis
200 2987 368 3050 competitor
382 2988 519 3038 amotione
533 2986 656 3052 Gregorii
669 2985 719 3048 lX,
736 2986 763 3036 in
777 2999 835 3051 cap.
850 2987 865 3036 3
880 2985 913 3036 de
929 2982 1012 3036 solut.

183 3175 245 3232 700.
261 3171 340 3232 Alter
353 3172 470 3246 modus,
486 3188 546 3247 quo
560 3170 639 3230 lacto
653 3168 781 3230 hominis
797 3167 938 3244 obligatio
951 3169 1116 3244 perimitur,
1130 3169 1170 3227 est

147 3263 278 3337 novatio,
289 3279 356 3339 quae
368 3261 523 3336 contingit,
539 3276 608 3320 cum
621 3276 682 3318 uno
692 3257 832 3333 obligatio
841 3257 871 3316 iu
880 3257 969 3319 aliam
978 3257 1166 3328 convertitur,

148 3351 210 3410 sive
223 3351 328 3414 iisdem
342 3349 530 3414 manentibus
540 3347 690 3424 personis,
705 3345 768 3408 sive
780 3346 925 3406 alterutra
936 3364 1044 3409 earum
1053 3353 1167 3408 memb.
1236 3390 1240 3401 .

148 3437 192 3497 Fit
205 3437 336 3510 novati0,
344 3437 449 3497 iisdem
461 3434 648 3496 manentibus
661 3434 811 3512 personis,
828 3437 853 3494 si
868 3452 916 3496 ex.
932 3452 978 3512 gr.
994 3436 1073 3498 inter
1086 3437 1168 3512 depo
1241 3429 1242 3460 ³

147 3534 268 3592 nentem
281 3532 311 3586 et
324 3523 536 3598 depositarium
550 3540 628 3584 nova
637 3523 795 3586 conventio
808 3523 998 3600 interveniat,
1013 3543 1067 3604 per
1081 3537 1168 3604 quun
