2432 4078
479 155 639 212 ...27st

49 278 80 338 do
104 275 197 350 tahas,
227 283 279 336 aut
302 277 424 353 majoris
446 273 540 352 partis
564 276 690 353 populi:
721 293 782 353 quo
809 291 882 337 casu
906 277 932 336 si
950 283 1052 353 postu-

49 367 104 426 latio
116 381 202 426 sunm
224 381 286 426 noa
307 372 509 442 consequatur
530 367 679 439 effectum,
704 371 803 440 potest
822 364 866 426 ad
876 365 1056 443 Episcopum

49 455 134 515 haberi
146 469 300 528 recursus,
319 462 354 515 ut
375 461 553 516 renuentem
568 455 750 517 oblationem
773 455 845 515 dare
859 471 921 514 suae
941 456 1056 518 sadala-

51 561 105 612 cara
117 544 289 620 obligationi
303 551 401 620 cogat.
423 549 491 620 lpse
513 557 586 604 tero
608 543 758 620 parochus
776 550 901 619 propter
918 552 1057 621 negatam

49 633 211 693 oblationem
225 650 333 693 cavere
343 633 499 708 diligenter
510 632 610 706 debet,
624 649 665 692 ne
683 632 916 692 ministeriosae
930 634 1056 710 impedi·

48 729 132 782 menta
143 721 247 782 fictitia
260 728 401 798 apponat,
416 722 493 782 sicut
505 721 587 782 illum
600 739 705 782 severe
719 727 822 782 monet
836 721 942 782 citatus
955 723 1057 782 Ponti-

49 812 97 886 fex,
110 817 136 879 at
148 811 301 887 praecipue
315 827 353 870 ue
365 825 511 888 nmquam
530 811 588 870 hac
609 809 646 870 de
660 827 750 870 causa
764 810 959 870 ministerium
970 827 1058 871 suum

48 907 158 961 recuset.
173 906 238 960 Duo
252 900 333 960 enim
344 899 484 978 uidentur
496 899 576 960 citati
589 899 666 959 sacri
678 917 810 960 canones
823 901 880 960 hac
891 901 922 960 in
936 917 970 962 re
985 917 1058 960 con·
1072 897 1074 904 ‘

49 988 153 1050 stituere
171 990 269 1050 velle:
285 989 444 1065 parochos
461 988 600 1048 nimirum
621 1005 681 1048 nou
694 986 816 1060 debere,
832 1003 888 1048 nec
903 1005 995 1064 posse
1005 989 1060 1048 has

49 1078 196 1138 oblationes
208 1085 362 1156 tamquam
377 1095 416 1138 ex
428 1077 541 1152 Justitia
554 1077 669 1137 debitas
687 1076 883 1152 praetendere,
905 1094 944 1136 ne
958 1077 1054 1136 avari-

48 1165 94 1241 tie,
108 1173 155 1226 ant
168 1167 304 1227 simoniae
317 1162 518 1242 suspicionem
531 1167 702 1238 incurrant3
714 1171 744 1224 et
753 1165 845 1226 laicos
854 1181 893 1227 ex
905 1165 1057 1238 charitate,

48 1261 141 1331 etpost
153 1254 453 1332 judicium-Episcopi
468 1254 556 1316 etiam
570 1271 609 1316 ex
631 1252 744 1328 iustitia
760 1256 799 1326 (l)
814 1252 852 1312 ad
867 1270 918 1312 eas
933 1253 1058 1314 oblatio-

48 1359 90 1404 nes
100 1345 365 1406 subministrandas
381 1343 485 1418 teneri,
502 1360 551 1418 ne,
563 1349 598 1404 ut
611 1343 742 1418 loquitur
755 1341 834 1404 idern
848 1343 993 1416 Pontifex,
1005 1344 1059 1404 suh

47 1441 174 1506 natata
188 1435 336 1494 canonica
346 1435 476 1510 pietatis,
497 1441 523 1493 ct
539 1450 575 1492 ccc
591 1435 738 1508 fermento
753 1433 892 1494 berctuno
904 1433 1060 1508 munitatis

49 1523 273 1584 nmuctcdincm
288 1523 458 1598 infringant
472 1539 541 1599 erga
566 1521 710 1585 Sanctam
730 1521 890 1582 Ecclesiam
910 1522 962 1600 pia
975 1522 1060 1584 dcco·

52 1620 112 1680 lianc
121 1621 257 1696 fidetium
272 1619 540 1695 introductomtt).

74 1757 104 1824 (l)
116 1758 316 1810 Sicmissarum
326 1757 503 1823 eleemosyna
513 1757 620 1809 omnino
635 1757 825 1817 debentur,vel
840 1755 903 1824 quia
913 1759 1062 1822 promissae,

51 1829 83 1878 rel
94 1831 155 1894 quia
165 1831 201 1882 a'b
211 1831 345 1896 Episcopo
360 1829 388 1879 in
401 1842 451 1880 sua
463 1828 564 1894 synodo
578 1829 699 1894 probatae
712 1834 739 1880 et
749 1834 859 1890 taxatam
870 1829 918 1881 sed
929 1843 1062 1881 summam

52 1901 126 1951 bran
138 1902 270 1966 majorem
282 1900 376 1965 nequit
389 1901 514 1951 sacerdos
525 1900 641 1964 exigere,
652 1899 771 1963 alioquin
782 1899 950 1964 delinqueret
963 1901 1063 1952 nedum

52 1975 129 2022 outre
142 1973 230 2036 legem
244 1971 382 2030 Ecclesia,
407 1971 454 2022 sed
477 1971 558 2022 etiam
569 1976 662 2022 contra
679 1971 813 2034 Justitiam
836 1971 1061 2022 commutativam.

52 2041 198 2094 Benedictus
211 2043 286 2102 XIV,
298 2043 331 2093 de
341 2043 439 2106 Synod.
450 2042 496 2092 1.,5
506 2041 561 2106 αζθ.
574 2056 601 2091 n.
610 2042 634 2092 2.
643 2068 673 2080 ·-
685 2041 721 2106 (Y)
730 2043 824 2105 Neque
834 2043 925 2107 posset
930 2041 1003 2105 Juste
1014 2055 1062 2108 op·

53 2115 112 2178 poni,
126 2115 230 2165 similes
248 2113 457 2165 consuetudines
471 2126 531 2164 esse
554 2112 701 2164 simoniaca
714 2112 776 2163 labe
799 2113 922 2173 infectas,
932 2119 978 2164 aut
993 2117 1062 2163 tam-

53 2196 120 2246 quam
133 2198 205 2236 mere
219 2183 385 2235 voluntarios
404 2197 458 2234 nou
474 2197 534 2235 esse
557 2181 750 2246 obligatorias:
775 2195 838 2232 nam
859 2183 929 2244 quod
953 2181 1064 2234 affamur

53 2265 95 2304 nou
108 2255 186 2305 datur
198 2258 230 2306 ut
241 2254 358 2319 pretium
373 2256 441 2318 ejns,
453 2254 524 2318 quod
538 2253 669 2317 recipitur
680 2270 687 2314 ;
703 2251 750 2304 sed
762 2257 793 2302 ut
801 2253 943 2318 premium
952 2252 1063 2314 laboris,

54 2328 75 2374 et
85 2324 244 2390 stipendium
259 2325 461 2376 sustentationis
473 2341 481 2386 ς
494 2329 521 2376 et
533 2325 596 2375 licet
617 2325 651 2374 sit
664 2325 806 2388 utriusque
817 2323 888 2386 juris
901 2323 1064 2390 principium

53 2397 111 2459 quod
126 2411 157 2448 ax
171 2395 337 2448 facultativis
351 2410 405 2447 non
424 2397 511 2448 oritur
529 2395 667 2458 obligatio,
686 2395 737 2446 hoc
752 2394 854 2458 patitur
869 2393 1064 2460 limitationem,

54 2467 146 2531 quando
161 2481 195 2520 ex
207 2467 276 2534 ipsis
295 2465 460 2518 facultativis
482 2466 607 2518 uoluntas
626 2479 655 2518 se
678 2464 816 2529 obligandi
837 2464 1021 2529 presumitur,
1035 2467 1067 2514 ut
1173 2491 1174 2494 =

56 2536 144 2590 incasu
158 2538 308 2602 proposito,
319 2537 348 2587 in
360 2551 413 2602 quo
424 2536 517 2588 lldeles
527 2535 645 2600 parocho
659 2549 709 2588 sua
722 2535 882 2600 temporalia
896 2532 1022 2598 oderunt,
1035 2535 1066 2585 ut

54 2607 81 2658 ab
92 2622 120 2660 eo
132 2609 253 2662 vicissim
270 2607 320 2660 Dei
333 2607 486 2673 spiritualia
502 2607 643 2672 recipiant.

80 2813 136 2870 591.
156 2811 326 2872 oblationes
347 2829 386 2872 ex
401 2813 468 2888 jure
486 2811 637 2872 communi
654 2810 701 2871 'illi
718 2809 899 2870 addicuntur
917 2807 1064 2885 parocho,

54 2895 77 2954 in
88 2900 167 2975 cnjus
179 2899 323 2976 parochia
345 2901 430 2960 factae
444 2899 574 2974 luerunt,
592 2900 660 2975 quia
679 2900 766 2958 facte
789 2905 1010 2974 presumuntur
1024 2899 1064 2958 oh

55 3001 143 3047 curam
156 2989 350 3064 spiritualem,
362 3005 428 3064 quae
441 2987 483 3048 ibi
497 2987 630 3064 parocho
643 2987 802 3060 incumbit,
818 2987 910 3047 immo
926 2988 997 3048 tales
1011 2987 1065 3047 oh·

54 3073 162 3137 lotiones
174 3078 261 3138 faotae
284 3082 418 3152 tempore
439 3076 574 3136 ecclesiae
594 3076 729 3135 vacantis
752 3093 791 3136 ex
811 3077 915 3151 regula
936 3075 1066 3151 generali
1157 3123 1166 3138 ,

56 3161 141 3225 tuturo
153 3165 343 3226 reservandae
355 3171 424 3225 sunt
437 3165 579 3240 parocho,
596 3163 729 3224 detracta
745 3170 845 3224 tamen
858 3182 896 3224 ex
909 3163 956 3237 iis,
972 3164 997 3222 si
1013 3179 1065 3222 nc·
1081 3216 1092 3238 ,

60 3265 129 3312 cesse
141 3254 239 3328 luerit,
255 3269 389 3328 congrua
402 3270 458 3329 pro
472 3269 630 3312 oeconomo
652 3252 829 3313 necessaria.
854 3252 913 3311 Sed
934 3267 973 3310 ex
993 3251 1066 3310 olle·

58 3340 170 3402 rentium
182 3343 346 3416 voluntate,
356 3343 404 3402 rel
419 3340 635 3401 consuetudine
649 3347 777 3417 possunt
790 3341 828 3399 ad
843 3336 1000 3400 eeclesiam
1012 3354 1066 3412 pa-

60 3428 215 3505 rochialem,
239 3431 286 3492 vel
310 3431 349 3490 ad
369 3430 441 3490 alias
462 3445 618 3506 personna,
641 3435 692 3488 aut
707 3429 846 3492 ecclesias
860 3431 994 3501 spectare
1008 3429 1061 3498 (l).

61 3515 122 3578 llinc
140 3519 292 3582 hodiernis
313 3520 497 3595 temporibus
510 3525 595 3579 extra
609 3517 844 3579 controversiam
866 3513 997 3590 positum
1009 3520 1065 3589 ast,
