2524 4080
411 337 413 342 ,
508 274 667 332 -ltt-

89 409 136 460 per
148 396 273 459 edictum,
291 409 323 448 ao
339 395 430 448 citatio
443 395 482 446 lta
505 395 576 450 taeta
588 395 700 465 perinde
713 394 847 447 habeatur
862 407 894 448 ae
909 394 932 448 si
946 394 1042 450 luisset
1055 407 1101 450 reo

88 467 262 530 personaliter
275 467 385 520 tradito.
400 469 562 520 Procurator
575 473 664 519 autem
678 466 788 518 relictus
801 466 883 519 debet
892 479 951 519 essa
965 479 1014 531 por
1025 465 1100 531 judl-

88 551 144 590 osm
157 539 325 604 reperibilis;
342 552 405 590 narn
419 537 482 590 licet
494 539 582 603 prima
600 537 690 590 citatio
702 537 748 588 liat
757 538 785 588 iu
797 551 941 604 personam
954 536 1003 600 rei,
1021 539 1100 588 caete·

89 622 124 660 rae
137 609 296 676 posteriores
309 611 338 660 in
359 623 501 677 personam
516 609 697 674 procuratoris
719 608 796 670 liunt,
815 623 897 674 quam
910 608 969 674 ipse
990 621 1054 660 reus
1067 606 1101 659 ad

87 692 134 730 sua
143 681 205 744 jura
219 680 317 746 tuenda
331 679 450 746 legitimo
463 679 589 731 mandato
602 680 763 732 instructum
773 679 890 746 reliquit.

118 875 178 932 780.
197 873 295 936 ludex
317 873 535 934 ecclesiasticus
549 873 681 934 citationi
691 871 765 934 reali
781 889 836 952 per
856 891 888 934 se
906 891 968 934 uon
987 875 1099 936 utitur:

85 961 233 1020 nonenim
246 961 336 1022 habet
349 959 511 1038 ministros,
531 981 549 1022 a
563 963 670 1038 quibus
684 963 753 1036 ilat3
776 963 932 1024 edictalem
944 981 1017 1024 vcro
1029 964 1114 1052 cita-¹

86 1048 201 1124 tionem,
212 1049 317 1110 nisiex
327 1051 408 1126 justa
419 1068 519 1126 causa,
536 1051 787 1128 quemadmodum
802 1069 893 1128 supra
913 1053 1099 1130 monuimus;

84 1153 149 1200 nam
162 1139 363 1200 inchoandum
376 1148 495 1202 nonest
505 1141 649 1216 judicium
667 1159 685 1200 a
699 1140 836 1202 citatione
854 1142 981 1215 edictali,
996 1142 1052 1202 nisi
1065 1142 1102 1203 sit

84 1219 258 1292 necessaria,
280 1226 310 1280 et
329 1219 394 1279 fleri
417 1228 545 1298 nequeat
557 1221 587 1280 iu
602 1237 761 1297 personam
781 1221 834 1296 rei,
848 1223 897 1282 vel
914 1223 952 1281 ad
971 1223 1035 1298 ejus
1046 1223 1099 1282 do

83 1322 170 1368 mum.
189 1313 274 1368 iusta
287 1315 387 1368 autem
406 1327 497 1368 causa
510 1310 597 1384 leret,
619 1309 644 1368 si
658 1309 794 1370 citandus
810 1309 942 1370 cursoris
955 1311 1099 1387 perquisi-

84 1393 150 1454 tioni
169 1395 316 1456 malitiose
334 1413 366 1457 se
388 1398 582 1471 subducerem
607 1397 633 1457 si
654 1399 750 1471 loona,
769 1396 801 1457 in
819 1415 879 1474 quo
901 1398 1036 1459 facienda
1056 1406 1101 1460 est

84 1481 179 1545 citatio
192 1501 254 1550 uon
276 1491 356 1544 esset
369 1485 441 1545 satis
454 1492 550 1559 tutus3
566 1485 591 1544 si
602 1475 739 1546 citandris
758 1493 837 1546 essct
853 1504 947 1575 vagus
961 1493 991 1548 et
1003 1484 1100 1551 incer·

82 1575 140 1644 tus3
154 1579 183 1633 et
197 1573 222 1634 si
236 1573 345 1633 citandi
362 1574 539 1650 generaliter
557 1575 654 1634 forent
672 1591 776 1634 omnes
798 1574 941 1635 habentes
958 1577 987 1634 in
1002 1575 1101 1652 aliqua

82 1674 167 1718 causa
180 1658 326 1720 interesse
340 1664 364 1732 (l
372 1667 392 1734 ).
418 1662 471 1722 Uiri
484 1670 584 1723 autem
602 1663 738 1722 citandus
751 1663 858 1724 habeat
876 1665 1056 1725 domicilium
1069 1664 1099 1724 in

81 1745 200 1809 dioecesi
214 1749 336 1810 alterius
356 1749 501 1826 Episcopi,
524 1759 574 1811 aut
596 1751 749 1828 Principis,
766 1752 916 1828 rogatoria
935 1754 1022 1816 datur
1036 1753 1100 1830 epi·

81 1837 162 1910 stola,
179 1845 213 1898 ut
232 1856 288 1914 per
301 1855 455 1899 cursorem
476 1839 554 1899 illius
579 1840 682 1913 Curiae,
706 1846 757 1899 aut
776 1857 831 1936 per
848 1841 1004 1904 olilcialem
1023 1841 1100 1904 iilius

80 1921 232 1986 decretum
244 1925 389 1988 citationis
406 1944 459 1988 reo
474 1927 670 1989 denuncietur
685 1931 738 2000 (2).

108 2093 141 2157 (l)
155 2094 238 2147 Clam.
254 2093 362 2148 Diadum
376 2096 409 2148 de
419 2096 516 2162 julie,
530 2053 559 2148 et
572 2097 680 2148 Extrav.
695 2095 759 2151 llam
769 2111 825 2151 narr
838 2112 939 2152 novam
952 2100 985 2150 da
999 2099 1055 2152 dol.
1072 2104 1100 2152 et

79 2169 192 2216 contum.
206 2193 239 2204 -
252 2167 288 2232 (2)
305 2167 337 2217 ln
350 2167 475 2218 civilibus
491 2181 564 2219 nune
586 2183 619 2218 ex
634 2169 826 2221 consuetudine
848 2175 929 2222 unica
943 2173 1046 2222 tanturn
1068 2171 1099 2222 tlt

79 2234 174 2294 citatio,
192 2251 254 2302 quae
276 2237 358 2289 debet
378 2251 438 2289 asse
458 2238 657 2320 peremptoria3
673 2241 699 2289 in
712 2240 899 2292 criminalibus
908 2255 972 2292 vero
986 2256 1042 2294 una
1055 2257 1098 2296 re·

78 2305 204 2368 gularitcr
217 2322 272 2358 non
285 2308 383 2360 sufficit
400 2311 509 2369 citatim
524 2317 551 2362 et
565 2310 587 2360 si
606 2324 668 2362 reus
687 2324 741 2361 nou
755 2314 910 2393 compareat
928 2313 1047 2364 secunda
1070 2321 1097 2367 et

79 2377 154 2428 tertia
172 2381 354 2460 peremptoria
368 2380 492 2431 iacienda
507 2383 556 2432 est.
570 2380 752 2432 Nihilominus
766 2381 838 2434 valet
851 2383 931 2434 unica
944 2383 1035 2435 citatio
1048 2399 1098 2450 pto

78 2446 170 2508 tribus,
182 2462 245 2514 quas
254 2449 290 2500 sit
302 2451 492 2514 peremptoria,
504 2455 535 2502 ut
549 2451 572 2502 si
585 2451 710 2502 dicatur
704 2465 732 2504 ιιι
741 2451 884 2504 citatione:
900 2450 1021 2506 ditamus
1034 2469 1096 2520 per-

78 2519 212 2598 emptoria.
228 2523 259 2572 ut
273 2518 351 2572 intro
365 2520 512 2574 terminum
530 2535 622 2575 novem
641 2521 748 2574 dicrum
761 2527 925 2588 compareat,
938 2527 997 2582 eto..
1011 2525 1052 2578 ito
1065 2535 1097 2578 ut

75 2587 159 2650 primi
171 2593 226 2642 tres
240 2589 295 2642 dior
309 2591 363 2644 sint
377 2605 426 2656 pro
439 2591 539 2658 prima,
550 2593 601 2644 atii
612 2596 665 2646 tres
678 2593 734 2645 dies
747 2607 796 2658 pro
808 2593 935 2654 secunda,
948 2600 973 2648 et
984 2596 1035 2649 olii
1044 2601 1098 2650 tres

78 2656 191 2724 diaspro
205 2663 288 2714 tertia
304 2659 441 2714 citatione.
462 2663 632 2730 pellegrinus
644 2669 713 2732 part.
727 2665 751 2729 2,
766 2670 831 2718 sect.
855 2665 878 2724 l.
893 2667 1012 2720 subseot.
1026 2669 1051 2734 2,
1066 2682 1096 2721 ιι.

77 2727 113 2790 12,
127 2734 234 2796 etpart.
250 2733 274 2797 l,
288 2741 352 2785 sect
369 2733 394 2798 6,
409 2748 435 2785 ιι.
455 2733 480 2786 6.

109 2927 170 2985 781.
190 2929 261 2984 Tam
281 2931 365 2984 actor
388 2917 784 3002 provocans,quem1udex
806 2927 976 2991 citationem
993 2932 1099 2994 decer·

77 3026 147 3070 nens
168 3013 207 3072 ad
234 3013 383 3074 actionem
403 3014 434 3072 in
452 3014 551 3074 ilbodo
573 3016 767 3091 propositam,
791 3024 821 3078 et
841 3019 880 3078 ad
902 3021 1098 3096 capacitatem

77 3100 169 3160 sandi
184 3101 338 3177 injudicio
361 3102 465 3161 sedulo
485 3101 574 3171 debet
599 3103 762 3166 advertere.
782 3111 856 3168 Nam
874 3107 900 3166 si
919 3109 997 3169 actio
1017 3113 1099 3170 nulla

76 3197 232 3263 competat,
245 3190 292 3249 vel
309 3190 347 3248 sit
361 3189 482 3250 omnino
493 3189 679 3266 praescripta,
694 3193 742 3251 vel
755 3195 875 3254 nomine
894 3196 1013 3257 alterius
1028 3199 1098 3258 abs·

74 3289 129 3348 que
142 3277 284 3336 mandato
298 3278 462 3354 proposita,
477 3280 525 3338 vel
538 3277 576 3338 sit
590 3279 648 3336 alia
666 3279 704 3338 dc
719 3297 811 3340 causa
826 3282 974 3358 inefficax,
987 3283 1058 3344 item
1071 3286 1097 3345 si

76 3367 156 3422 actor
171 3381 331 3439 personam
344 3382 404 3425 nou
420 3365 524 3425 habeat
536 3365 632 3426 standi
643 3365 673 3425 in
683 3367 806 3442 judicio,
821 3373 868 3430 vel
884 3388 954 3432 reus
967 3382 1096 3449 nequeat

76 3451 236 3526 conveniri,
256 3452 355 3513 citatio
372 3469 432 3512 uon
455 3453 545 3513 habet
567 3455 679 3530 locum,
700 3473 767 3531 quae
787 3458 876 3521 etiam
894 3459 972 3520 iacta
987 3460 1095 3523 nullius

75 3545 118 3598 est
124 3540 211 3614 iuris.

109 3631 172 3688 782.
184 3630 332 3711 'Legitima
346 3630 445 3692 citatio
462 3637 572 3708 praetor
585 3649 661 3695 onus
673 3633 771 3694 standi
782 3634 935 3710 injudicio
947 3655 1043 3715 usque
1055 3642 1093 3702 ad
