2432 4078
580 119 737 178 43⁶..

136 241 266 302 concilio
279 241 473 314 Antiocheno,
496 246 527 301 et
540 240 731 310 Lateranensi
750 245 772 300 l.
792 243 842 313 (t).
857 247 951 301 Porro
964 247 999 301 ut
1009 240 1151 318 Episcopi,

134 335 167 390 Ι),
183 336 310 390 metante
324 331 425 401 Paulo,
449 334 519 388 sunt
539 329 761 405 dispensatores
782 329 1013 392 ministeriorum
1034 331 1096 402 nei,
1115 331 1153 389 sie

135 425 166 480 et
178 418 327 477 bonorum
340 414 480 476 Ecclesiae
487 415 694 476 distributores
706 435 713 476 :
724 417 805 492 quod
819 417 952 476 officium
964 433 1035 477 cum
1041 424 1154 494 propter

134 505 314 582 multiplices
333 504 545 565 sollicitudines
563 512 714 582 nequeant
727 523 781 583 per
794 523 827 566 se
846 508 928 566 solos
944 505 1113 588 adimplere,
1126 511 1154 566 ut

133 595 266 670 Apostoli
293 595 448 669 clegerunt
470 601 585 668 septem
609 594 766 668 diaconos,
790 594 834 654 sic
853 601 957 670 postea
975 594 1109 670 Episcopi
1128 595 1153 680 in

134 682 1154 758 Orienteoeconomos,etinOccidentatrchidiaconoselegerunt,qul

135 787 240 832 eorum
263 771 386 832 nomine
404 777 434 830 et
447 771 587 830 mandato
605 787 706 831 rerrrm
724 773 932 848 temporalium
955 787 1060 831 curam
1073 771 1153 830 habe-

135 865 214 934 rent,
235 877 272 920 ac
289 860 396 920 deinde
408 858 464 918 sibi
477 867 648 922 accuratam
662 859 923 920 administrationis
937 859 1084 936 rationem
1095 859 1152 934 red

138 949 266 1022 dorent(
286 953 307 1021 ).

169 1078 204 1144 (Ι)
216 1078 281 1132 Gau.
297 1077 336 1128 tt.
350 1101 382 1114 -
395 1077 431 1142 (l)
445 1077 509 1128 Cau.
526 1078 565 1129 40.
581 1077 625 1129 Sic
643 1079 688 1130 isti
704 1091 820 1131 canones
835 1079 1019 1130 ralaruntura
1037 1077 1153 1128 Gratiano

140 1149 169 1200 in
185 1151 231 1200 lin.
242 1149 304 1200 edit
319 1148 477 1212 Lugduneu.
488 1149 551 1200 anni
565 1149 633 1201 totto.
646 1149 721 1213 -(3)
736 1150 800 1201 Can.
816 1151 847 1200 il
858 1156 883 1200 et
894 1149 934 1208 id,
945 1164 967 1200 c.
982 1149 1020 1208 t‘t,
1035 1162 1061 1214 q.
1072 1148 1092 1211 l,
1103 1162 1153 1198 can.

139 1221 155 1272 2
171 1225 199 1272 et
215 1234 290 1286 seqq.
306 1234 329 1270 c.
347 1221 384 1282 to,
400 1233 425 1284 q.
450 1221 471 1270 l.
488 1219 563 1285 -(l)
578 1221 642 1272 Can.
661 1221 701 1281 23,
713 1235 735 1272 c.
751 1221 785 1279 tt,
802 1234 827 1285 q.
846 1221 866 1270 l.
882 1248 913 1256 —
925 1219 961 1284 (5)
972 1219 1121 1276 OEconomi,
1134 1220 1156 1268 et

140 1291 331 1344 archidiaconi
345 1291 577 1343 administratores
591 1293 669 1343 electi
684 1291 794 1342 luerunt
814 1293 895 1343 stiam
915 1305 947 1342 aa
969 1291 1004 1343 do
1025 1303 1112 1348 causa,
1126 1302 1155 1340 na

141 1363 338 1415 administratio
353 1363 550 1428 Episcoporum
562 1364 620 1416 siue
637 1363 754 1414 testibus
768 1367 900 1416 maneret.

178 1559 241 1614 606.
262 1553 320 1616 sod
337 1560 441 1630 postea
453 1553 555 1614 divisis
569 1553 776 1614 ecclesiasticis
788 1553 886 1626 bonis,
903 1559 933 1613 at
949 1553 1098 1614 beneficiis
1117 1552 1154 1610 in·
1206 1589 1207 1609 2

144 1643 262 1718 stitutio,
286 1644 373 1718 hujus
395 1643 656 1702 administrationis
677 1651 802 1718 partem,
818 1661 885 1719 quae
906 1643 1016 1702 dicitur
1036 1643 1155 1702 iniante-
1206 1659 1207 1662 ¹

144 1731 240 1800 emtis,
251 1731 389 1806 Episcopi
398 1731 522 1807 singulis
530 1731 722 1804 beneficiatis,
731 1732 984 1807 ecclesiarumque
993 1731 1155 1800 rectoribus,

144 1820 210 1896 ipsa
220 1825 394 1880 auctorante
408 1818 549 1892 Ecclesia,
566 1819 792 1894 demandarunt,
816 1827 848 1880 ut
862 1819 982 1879 nomine
995 1817 1119 1896 proprio,
1132 1823 1156 1876 et
1206 1861 1207 1877 ,

145 1916 298 1984 tamquam
316 1906 378 1966 ueri
398 1907 532 1967 titulares
551 1909 630 1968 hona
651 1908 707 1967 sibi
727 1908 840 1968 credita
866 1909 1110 1979 administrarent,
1127 1921 1156 1962 ac
1206 1963 1207 1967 ,

104 2059 108 2072 ,
146 1997 226 2058 illam
241 2003 352 2056 tantum
367 1997 423 2055 sihi
440 2004 629 2058 reservarant
642 1997 936 2070 administrationem,
960 2015 1028 2074 quae
1040 1995 1155 2072 appella·
1206 2023 1207 2055 ;

147 2092 196 2146 tur
214 2084 428 2154 autorizabilia,
457 2103 512 2160 per
533 2103 623 2160 quam
642 2085 751 2146 debent
771 2085 882 2162 jugiter
904 2102 995 2163 super
1014 2084 1095 2145 bonis
1117 2082 1158 2140 sic
1206 2111 1207 2120 κ

148 2172 314 2232 commissis
331 2171 495 2250 invigilare,
519 2183 552 2234 ut
571 2174 627 2234 rite
649 2173 903 2248 administrentur,
927 2180 957 2234 et
971 2172 1157 2250 impediro'na
1206 2213 1207 2224 ,

147 2262 313 2322 alienentur
326 2261 372 2321 vel
385 2262 565 2322 minuantur.
591 2267 685 2322 Immo
698 2263 756 2338 ipsi
769 2263 907 2339 Episcopi
920 2262 1068 2322 interdum
1080 2261 1155 2322 etiam

148 2349 241 2410 laicos
254 2355 394 2426 speetatae
408 2353 486 2424 vitae,
502 2357 532 2411 et
547 2351 708 2426 religionis,
722 2356 774 2428 aut
788 2370 806 2411 a
819 2351 875 2428 piis
891 2352 1078 2412 testatoribus
1090 2349 1154 2410 desi-
1206 2377 1207 2413 1

148 2444 264 2513 gnatos,
280 2445 331 2501 aut
343 2439 462 2500 aliunde
474 2438 590 2500 caeteris
603 2439 735 2500 utiliores
749 2438 778 2496 in
794 2439 914 2514 piorum
926 2456 1060 2515 operum,
1079 2445 1107 2498 et
1117 2439 1154 2497 lo·
1206 2470 1207 2492 ι

149 2543 255 2586 corum
267 2526 521 2608 administratione
534 2527 576 2586 ita
587 2528 642 2586 sibi
660 2527 869 2603 adjunxerant,
887 2539 921 2587 ut
935 2545 1039 2588 eorum
1052 2527 1154 2587 nornine
1206 2556 1207 2594 3

148 2615 283 2675 redditus
306 2615 471 2691 exigerent,
493 2632 642 2692 expensas
662 2615 828 2675 ordinarias
846 2617 988 2691 facerent,
1008 2615 1153 2676 oblatores
1206 2646 1207 2670 ,

149 2703 332 2780 colligerent,
347 2712 378 2764 et
389 2704 492 2764 similia
507 2709 656 2778 curarent,
672 2721 738 2780 quae
752 2703 870 2780 piorum
883 2705 1017 2780 ipsorum
1036 2706 1154 2764 loconm

149 2790 306 2851 utilitatem
318 2793 491 2868 respiciunt,
507 2809 634 2870 quorum
646 2792 777 2852 officium
791 2798 894 2854 Patres
908 2793 1066 2854 Tridentini
1076 2809 1152 2868 agno·
1206 2835 1207 2856 2

149 2886 267 2952 verunt,
280 2886 309 2938 et
323 2880 411 2940 tacite
425 2883 626 2957 probaverunt
639 2885 690 2953 (l).
704 2888 812 2942 Verum
825 2883 891 2942 haec
902 2883 1112 2942 administratio
1123 2880 1154 2940 di·
1206 2915 1207 2922 ,

152 2967 229 3026 citur
242 2973 341 3028 tantur
352 2971 584 3044 provident-ielis,
607 2978 636 3031 et
653 2971 870 3040 sollicitudinis,
890 2971 959 3046 quia
972 2973 1040 3033 laici
1052 2971 1104 3032 uisi
1113 2984 1155 3046 per
1206 2997 1207 3000 ¹

150 3071 325 3130 expressam
345 3057 453 3116 summi
473 3060 624 3120 Pontificio
650 3060 876 3120 concessionem
903 3077 1006 3120 veram
1025 3063 1155 3120 bonorum

151 3143 422 3206 ecclesiasticorum
440 3147 723 3208 administrationem
740 3149 850 3208 habere
867 3165 929 3207 non
942 3156 1076 3224 possunt.
1089 3147 1156 3208 Unde
1206 3183 1207 3192 κ

153 3236 180 3296 S.
195 3233 354 3309 Gregorius
370 3233 518 3294 scribebat
531 3237 669 3296 ianuario
684 3235 850 3296 calaritano
862 3236 1018 3312 Episcopo,
1035 3237 1083 3313 qui
1093 3244 1154 3296 ten·

151 3322 265 3396 poralia
276 3323 321 3382 sui
334 3322 609 3398 episcopatusbona
619 3325 796 3401 quibusdam
804 3324 887 3384 laicis
895 3325 1097 3386 commiserat:
1111 3323 1155 3383 Co·
1206 3377 1207 3384 ,

151 3411 280 3470 vendent
290 3428 309 3470 o
319 3413 508 3486 fraternitate
516 3421 614 3473 cestre
623 3422 674 3487 cst,
688 3431 725 3474 ne
737 3413 925 3474 secularibus
936 3415 1009 3474 viris
1019 3423 1155 3491 etpncnon

151 3498 204 3577 sol>
213 3501 316 3574 reputa
325 3509 429 3562 nostro
442 3501 608 3577 degentibus
618 3519 665 3562 ces
679 3502 875 3563 ecclesiastiea
884 3503 1153 3572 committendam).
1204 3527 1205 3544 2
