2494 4062
566 179 706 237 -11-

20 350 22 372 ,
102 309 209 382 potest
219 304 294 365 sine
309 304 429 382 piaculo
442 303 552 377 iterari,
567 317 666 376 meus,
679 308 713 360 ut
727 296 866 374 diximus,
876 301 922 359 est
935 297 992 360 sub
1003 297 1149 359 conditio·

20 381 21 420 l
103 410 143 454 ne
156 393 340 454 iterandus.
353 399 497 454 Gaeterum
510 391 639 469 legitima
653 389 791 468 baptismi
802 386 935 464 receptio
949 388 1070 464 probari
1080 395 1149 466 pot·

105 491 149 542 est
173 500 236 558 per
259 483 391 544 unicum
404 488 512 542 testem
524 483 685 554 ocularem,
701 484 731 539 et
744 479 803 539 fide
817 477 938 552 dignum
951 483 1011 536 tam
1023 493 1149 554 marem,

106 589 198 648 quam
213 572 384 632 foeminam
398 576 450 645 (2),
467 577 498 632 et
518 570 698 646 quandoque
713 583 767 644 per
788 567 884 642 ipsam
899 563 1058 626 violentam
1071 582 1148 641 prae·

108 660 337 737 sumptionem,
353 667 386 720 ut
401 661 493 720 estde
504 658 565 733 illo,
585 656 636 734 qui
648 663 736 716 natus
749 661 796 716 est
808 671 848 714 ex
855 653 1027 714 Christianis
1039 669 1148 731 paren-

109 749 195 822 tibus,
218 755 252 810 et
277 750 362 808 inter
376 747 557 809 christianos
575 753 621 806 est
634 744 761 805 fideliter
776 748 970 804 corruersatus
982 761 989 801 ε
1002 742 1067 802 baec
1081 743 1146 819 qui-

111 836 176 897 dem
194 838 407 914 praesumptio
425 836 539 912 recepti
558 833 754 912 baptismatis,
769 833 807 892 de
826 849 886 909 quo
900 832 985 892 aliter
998 848 1060 890 non
1074 847 1148 892 con·

114 931 177 1000 stat,
188 943 253 1003 pro
271 925 456 987 certitudine
470 925 607 998 babetur,
621 923 718 983 donec
736 919 919 983 eontrarium
932 920 1075 996 probetur
1089 923 1143 994 (3).

142 1079 175 1144 (ι)
190 1081 261 1148 cap.
287 1053 316 1142 a,
340 1081 374 1132 ue
388 1079 487 1145 sapias.
508 1107 535 1118 -
554 1078 591 1146 (a)
605 1077 675 1132 aas
701 1079 755 1140 ln,
777 1075 840 1131 nst.
853 1076 878 1138 t,
892 1075 927 1128 uo
940 1088 1043 1129 consec.
1057 1103 1090 1118 -
1111 1077 1147 1144 (a)

121 1147 177 1202 tau.
192 1153 218 1217 3,
233 1153 273 1204 de
285 1153 383 1220 presb.
395 1166 450 1206 non
462 1153 536 1218 bapt

153 1339 212 1397 an.
231 1337 363 1410 Quoties
376 1337 444 1413 quis
456 1336 595 1414 privatim
605 1335 771 1411 baptizatus
780 1333 835 1395 sirit
846 1351 886 1394 ex
899 1333 1084 1408 necessitate,
1096 1340 1147 1396 aut

126 1440 158 1483 er
175 1425 305 1486 licentia
329 1426 479 1502 Episcopi,
500 1432 530 1485 et
548 1427 697 1485 solemnes
717 1423 855 1499 baptismi
877 1423 1080 1497 caeremonias,
1100 1425 1147 1484 vel

125 1515 353 1576 sacramentalia
364 1532 423 1575 nen
437 1515 561 1591 recepit,
571 1532 631 1590 quo
641 1514 727 1598 citius
740 1514 804 1574 lieri
817 1512 971 1590 potest,ad
989 1511 1147 1572 eeclesiam

125 1601 303 1665 deterendus
317 1610 373 1677 est,
394 1611 428 1664 ut
445 1604 475 1663 in
489 1621 526 1664 eo
541 1603 659 1663 omissae
678 1601 856 1663 sacramenti
871 1601 1056 1662 caeremoniae
1075 1618 1143 1677 sup

127 1691 267 1763 pleautur.
286 1692 465 1753 Benedictus
478 1697 537 1753 xlv
551 1691 667 1752 videtur
677 1691 843 1766 admittere,
857 1707 946 1766 possa
956 1690 1146 1767 Episcopum,

128 1777 244 1854 ejusque
258 1780 409 1840 vicarium
425 1781 597 1840 Generalem
620 1781 796 1854 concedere,
817 1788 850 1840 ut
871 1780 984 1855 absque
1002 1795 1073 1839 uera
1093 1794 1145 1837 ne·

131 1869 263 1929 cessitate
288 1869 357 1946 quis
379 1867 515 1945 privatim
534 1868 699 1944 baptizetur
717 1868 852 1944 sublege
865 1867 973 1928 exinde
988 1867 1147 1943 supplendi

131 1958 321 2018 ceremonias
343 1959 374 2018 in
397 1957 537 2029 Ecclesia,
558 1958 628 2033 quie
648 1965 816 2034 expectetur
835 1958 880 2016 eir
894 1957 1043 2031 atipnitotc
1058 1963 1085 2015 et
1097 1971 1145 2032 pe-

131 2057 192 2104 nne
204 2047 343 2123 tristante,
354 2046 405 2122 qni
417 2045 531 2122 patrini
542 2062 666 2106 munere
678 2049 834 2122 sanentur,
845 2053 898 2106 ent
909 2045 1006 2105 aliern
1020 2045 1079 2104 loco
1092 2059 1146 2104 atto

131 2131 363 2195 rutetituendurn
383 2134 510 2210 deeipnet
524 2139 574 2207 (l).
591 2135 710 2206 Quoties
727 2152 799 2194 vero
813 2134 919 2210 aliquis
932 2134 1045 2210 absque
1058 2133 1145 2192 dietis

134 2222 311 2283 caeremoniis
325 2223 355 2282 in
369 2223 475 2282 baeresi
489 2224 618 2282 validum
631 2223 745 2299 recepit
757 2223 947 2299 baptismum,
960 2228 1000 2295 et,
1012 2222 1147 2298 abjurata

132 2303 237 2384 haeresi,
259 2311 298 2370 ad
317 2327 421 2370 veram
434 2310 523 2370 fldem
540 2311 732 2384 convertitur,
753 2318 853 2389 potest
874 2318 986 2389 petere,
1005 2317 1038 2370 ut
1061 2309 1092 2368 in
1113 2325 1146 2368 se

134 2395 309 2460 decrementi
333 2399 518 2459 eaercmeniae
543 2399 660 2460 omissae
683 2403 886 2477 suppleantur,
910 2406 962 2460 aut
983 2405 1085 2475 petere
1109 2397 1147 2455 ab

135 2478 231 2549 isdem
257 2478 520 2565 dispensationem,
542 2505 631 2564 quam
653 2488 695 2548 illi
715 2489 879 2566 Episcopus
899 2486 1028 2564 legitime
1051 2486 1145 2547 indul·

135 2578 243 2647 geret.

163 2727 195 2792 (l)
204 2731 273 2782 Inst.
286 2731 325 2791 98,
343 2744 370 2781 n.
386 2732 424 2783 13.
439 2757 468 2770 -
482 2731 518 2797 (i)
532 2730 703 2784 Baruffaldus
718 2733 745 2784 in
758 2747 825 2785 com.
842 2733 876 2784 ad
886 2732 939 2784 Ru.
951 2733 1024 2785 liom.
1038 2735 1090 2786 Hie
1099 2735 1146 2787 de·

138 2809 200 2850 mum
210 2803 298 2867 quoad
308 2803 473 2854 validitatem
482 2805 610 2870 baptismi
623 2818 717 2856 novam
729 2803 756 2854 S.
770 2807 851 2869 Cong.
863 2805 889 2856 S.
902 2804 976 2857 Offic.
985 2805 1148 2858 decisionem

138 2870 280 2932 referimus,
292 2886 345 2938 que
358 2873 522 2926 declaratum
537 2875 597 2938 luit,
611 2888 666 2925 non
679 2876 768 2927 valere
781 2876 945 2940 baptismum
959 2877 1010 2928 sub
1025 2878 1075 2929 hac
1096 2879 1150 2929 lor·

138 2949 177 2990 ma
191 2944 339 2994 collatum:
355 2943 408 3009 Epo
420 2944 478 2996 vele
495 2945 655 2998 ministrare
666 2945 716 2999 tibi
736 2951 939 3004 tenementum
952 2945 1080 3013 baptismi
1090 2963 1148 3014 pec·

139 3014 253 3138 {leiim
268 3015 299 3068 in
311 3017 421 3069 nomine
429 3015 531 3080 Patris,
547 3020 571 3070 et
585 3014 659 3080 Filii,
674 3020 698 3072 et
709 3013 829 3084 Spiritus
842 3013 947 3072 Sancti.
957 3019 1045 3074 Deris.
1062 3020 1090 3072 10
1100 3025 1145 3089 ju·

168 3281 224 3342 315.
249 3285 437 3362 Deniqoe'in
465 3289 623 3351 collatione
646 3291 786 3369 baptismi
811 3292 955 3356 solemnis
972 3297 1042 3352 sunt
1063 3293 1147 3353 adhi-

140 3364 216 3433 bendi
229 3375 348 3448 Petrini,
364 3393 493 3452 quorum
506 3387 551 3439 est
565 3380 694 3441 filiorum
703 3383 899 3457 spiritualium
912 3381 1087 3444 institutioni
1100 3379 1146 3439 in·
1197 3410 1201 3419 ·

141 3459 260 3537 vigilare,
273 3483 363 3541 quam
377 3467 401 3526 si
415 3475 554 3543 parentes
568 3469 762 3546 negligerent,
773 3472 830 3548 ipsi
841 3473 985 3532 deberent
995 3473 1145 3546 supplere.

140 3551 238 3613 lamini
258 3555 430 3632 designandi
452 3567 521 3618 sunt
541 3577 560 3618 a
578 3561 763 3637 parentibus
778 3563 828 3636 qui
851 3567 977 3635 possunt
991 3559 1147 3635 designare
