2524 4080
547 184 704 242 -rorq

124 284 641 373 616111661611111661161666116166166.
656 304 719 370 Gap.
735 304 758 370 3,
772 303 805 356 de
826 303 909 369 judic.
922 303 1026 355 Horum
1039 306 1130 356 tamen

121 379 264 445 prohibitio
279 378 391 446 respicit
401 377 505 428 tautum
520 389 614 429 causas
633 375 810 440 temporales:
824 387 887 426 nem
902 375 1031 427 incensis
1048 375 1127 442 spiri·

117 449 281 587 {primiani
291 448 528 572 ξὲ6ἓ616611116116,
538 447 619 498 etiem
630 447 748 498 minores
757 459 837 512 agere
847 447 1049 512 permittuntur.
1063 447 1126 513 (lep.

130 558 142 583 ,1
276 558 283 572 ·
352 559 357 571 ·

148 709 209 766 tel.
232 705 293 779 1116,
318 722 337 764 6
358 720 418 780 quo
431 703 542 780 aliquid
555 705 584 762 in
596 701 707 778 iudicio
721 702 840 777 petitur,
855 709 906 762 661
923 703 1083 780 judicatur,
1098 713 1131 766 61

117 810 171 870 pro
185 793 298 854 scelere
312 809 434 870 poenam
454 793 525 866 luat,
539 791 614 852 Reor
627 809 645 852 a
658 809 701 864 16,
718 808 783 866 quae
796 807 850 867 per
863 798 994 852 actorem
1008 794 1130 869 petitur,

116 884 278 959 appellatus
292 883 355 942 fuit.
371 888 448 942 Reus
461 898 494 940 se
513 881 670 956 negatione
683 879 823 953 defendit,
835 881 887 940 ubi
900 883 1012 943 nullam
1024 883 1132 945 hebeat

115 971 291 1033 contrariam
316 971 541 1047 probationem,
566 969 617 1031 ubi
636 986 707 1029 vero
730 968 832 1028 similis
850 969 985 1044 probatio
1003 972 1090 1047 adsit,
1105 975 1131 1034 si

115 1066 215 1120 contra
225 1057 432 1137 probationem
444 1057 582 1134 excipiat,
592 1057 637 1116 sio
649 1055 826 1132 excipiendo
837 1057 870 1116 fit
881 1062 974 1132 actor,
987 1074 1130 1136 suamque

115 1148 319 1225 exceptionem
331 1147 461 1223 probare
475 1146 596 1206 omnino
608 1151 735 1205 tenetur.
751 1145 946 1206 condemnari
956 1153 1056 1207 autem
1069 1164 1131 1210 non

115 1242 220 1311 potest,
240 1234 297 1296 uisi
316 1236 345 1294 in
364 1253 418 1306 suo
436 1237 512 1308 foro,
537 1240 566 1294 61
590 1240 747 1310 postquam
768 1234 856 1294 166111
877 1231 1006 1309 legitime
1029 1236 1131 1296 convi-

114 1331 176 1385 ctus
190 1331 248 1400 (t),
263 1331 292 1384 et
313 1323 337 1384 si
349 1325 417 1400 jnra
439 1324 569 1400 partium
580 1321 689 1383 fuerint
702 1323 839 1397 obscura,
854 1322 910 1398 ipsi
922 1322 1017 1400 magis
1029 1324 1130 1386 16166-

113 1413 191 1491 dum,
204 1430 299 1491 qnam
310 1413 404 1474 actori
416 1417 467 1487 (i).

142 1563 175 1628 (l)
190 1563 255 1628 cap.
274 1561 311 1624 11,
326 1561 360 1612 de
374 1559 497 1626 rescript.
521 1558 653 1620 16116611.
670 1561 724 1610 561
739 1559 763 1621 6,
779 1573 801 1610 6.
816 1560 839 1618 3,
855 1558 1074 1626 (1.9-(111166.
1091 1560 1129 1624 ll,

12 1633 15 1642 '
113 1632 144 1684 de
156 1647 212 1698 reg.
232 1635 289 1699 jur.
311 1632 338 1683 in
353 1633 375 1682 6.
392 1631 510 1682 Proinde
531 1631 554 1682 si
568 1636 642 1682 actor
655 1643 732 1681 enam
753 1630 926 1683 intentionem
951 1645 1006 1682 non
1023 1632 1128 1698 probet,

115 1717 176 1755 reus
188 1702 372 1756 absolvendus
388 1706 437 1754 est.
453 1702 584 1754 Stantem
598 1707 754 1754 antorsuem
765 1702 936 1753 intentionem
949 1703 1053 1768 probet,
1068 1717 1131 1756 reus

113 1779 218 1826 tenetur
233 1774 303 1825 benc
327 1771 512 1838 probationem
526 1787 575 1839 per
588 1773 748 1825 contrariam
770 1774 952 1838 exceptionem
970 1773 1079 1839 elidere,
1103 1775 1132 1826 in

113 1857 164 1915 qua
178 1845 207 1896 fit
221 1851 303 1896 actor.
318 1848 452 1894 Attamen
466 1847 527 1894 re'us
540 1846 568 1894 in
583 1857 631 1894 sua
642 1844 815 1908 responsione
832 1844 899 1894 alios
914 1843 1012 1895 laedere
1026 1845 1129 1912 nequit,

115 1922 139 1967 et
153 1929 201 1980 per
216 1929 293 1968 suam
312 1917 494 1980 exceptionem
507 1916 642 1966 neminem
652 1919 741 1980 potest
756 1929 883 1966 accusare
895 1934 901 1964 e
913 1917 1046 1967 accusatio
1059 1918 1131 1967 enim

114 1999 211 2039 novum
224 1986 341 2052 requirit
351 1985 495 2050 judicium.
512 1985 680 2051 Pellegrlnus
693 1985 719 2034 in
737 1997 813 2048 prex.
829 1986 880 2037 civ.
893 1989 960 2049 part.
975 1986 999 2048 1,
1010 1987 1129 2053 pramis.

114 2057 139 2108 3.
155 2072 181 2110 6.

149 2239 213 2294 lte.
235 2239 334 2308 Actor,
349 2239 380 2293 61
397 2250 466 2293 1666
485 2233 540 2292 sibi
558 2237 757 2308 congruentes
776 2231 807 2291 in
824 2233 935 2308 judicio
952 2239 1054 2309 partes
1077 2236 1133 2304 im-

116 2324 197 2398 pleat
212 2339 267 2399 per
280 2323 499 2394 Procuratores
512 2339 529 2381 6
544 2321 651 2397 quibus
663 2327 924 2396 repraesentantur,
937 2331 966 2381 et
978 2325 1134 2398 661116166-

116 2419 204 2486 cotos,
216 2429 234 2470 6
248 2410 356 2486 quibus
370 2411 578 2470 defenduntur.
590 2415 802 2471 Procuratores
816 2410 958 2485 santoni
971 2411 1067 2470 aliena
1081 2429 1134 2472 ne-

114 2501 192 2574 gotia
222 2500 362 2560 mandato
384 2497 495 2558 domini
517 2498 547 2558 in
570 2498 692 2574 judicio,
715 2497 777 2561 slve
799 2505 883 2558 extra
907 2498 1131 2560 administrant:

114 2606 205 2664 quare
226 2588 275 2647 alii
299 2595 366 2648 sunt
389 2593 600 2662 procuratores
617 2587 862 2662 cctrcjodt'ciolca
884 2587 936 2662 qui
954 2593 1040 2646 extra
1055 2588 1134 2663 judi-

115 2677 193 2740 cium
207 2679 329 2738 61161166
342 2675 424 2736 vices
437 2684 558 2752 gerunt,
574 2682 603 2736 et
621 2675 670 2735 alii
677 2675 843 2750 judiciale,
859 2675 909 2750 qui
923 2675 953 2734 in
964 2675 1076 2751 judicio
1089 2679 1132 2737 al-

114 2765 204 2826 terius
227 2764 509 2841 partes‘sustinent,
534 2765 642 2839 quique
664 2763 835 2839 simpliciter
859 2771 1069 2839 procuratores
1095 2767 1135 2826 od

115 2854 175 2915 litos
190 2854 385 2930 appellantur,
402 2853 560 2928 dequibus
575 2859 689 2912 tanturn
702 2851 751 2910 hic
764 2851 887 2927 agimus.
901 2852 1043 2922 Advocati
1062 2870 1135 2914 vero

114 2953 181 3002 sunt
192 2942 266 3024 legis
279 2941 376 3016 periti,
389 2941 440 3017 qui
451 2942 529 3000 laeta
541 2940 657 3029 legibus
671 2947 888 3015 comparantes,
903 2948 967 3002 tum
980 2942 1056 3017 lege,
1071 2949 1135 3002 tum

114 3030 237 3104 ratione,
253 3031 324 3106 qnid
337 3030 367 3090 in
381 3047 501 3105 quaque
515 3047 606 3088 66666
617 3029 729 3103 justum
744 3028 781 3088 sit
799 3029 1011 3102 demonstrant,
1027 3038 1057 3092 61
1067 3033 1136 3105 jura

114 3118 302 3194 rationesque
316 3135 448 3192 reorum,
460 3118 508 3178 vel
527 3124 664 3177 actorum
681 3125 845 3192 exponunt,
861 3119 941 3181 unde
947 3119 1072 3194 justitia
1086 3135 1134 3178 aa

116 3207 237 3268 cordoter
249 3208 435 3283 appellantur
449 3211 459 3278 (
479 3209 499 3276 ).

146 3355 181 3420 (l)
192 3355 319 3407 Advocati
343 3355 440 3406 melius
457 3353 575 3406 describi
594 3367 646 3406 non
661 3357 783 3420 possunt,
802 3369 882 3420 quam
894 3354 1133 3420 suerintdsscripti
1177 3323 1182 3342 ⁹

12 3469 13 3478 ,
118 3425 150 3476 ab
163 3427 324 3491 imperatore
340 3427 437 3491 Leone,
453 3431 480 3477 et
492 3428 636 3479 Anthemio
649 3426 678 3476 in
693 3425 708 3477 1.
733 3425 768 3477 tt.
785 3427 850 3478 Cod.
866 3427 899 3478 de
914 3427 976 3478 adv.
987 3425 1071 3490 judic.
1087 3427 1135 3477 ubi
1194 3474 1199 3483 ,

118 3495 322 3562 haclegnntur.
339 3499 506 3562 «Advocati,
521 3500 567 3564 qul
595 3497 725 3548 dirimunt
746 3499 875 3564 ambigua
900 3499 956 3548 1616
979 3511 1134 3561 causarum,

123 3582 260 3635 esusque
283 3569 447 3624 defensionis
471 3570 575 3622 viribus
601 3571 629 3620 in
651 3571 733 3622 rebus
749 3583 822 3634 saepe
849 3569 975 3634 publicis,
986 3583 1018 3620 ao
1043 3575 1134 3635 priva-
