2426 4070
474 121 634 180 —lte-

60 244 187 316 clareret
195 242 335 304 Ecclesiae
343 242 510 318 defensore,
523 242 562 302 ad
574 243 633 302 hoc
647 242 811 318 designato,
821 241 885 302 fleri
898 243 1000 320 nequit
1009 247 1064 316 (6).

85 333 111 394 Si
126 331 171 392 ahs
181 349 236 406 pro
249 347 328 391 nova
348 331 550 391 construenda
570 330 702 392 Ecclesia
720 349 759 390 ea
782 331 880 406 bonis,
897 341 927 391 et
940 331 1063 393 redditi-

57 422 102 481 bus
117 419 240 480 matricis
262 420 402 480 Ecclesiae
424 419 627 494 desumantur,
646 419 717 480 huic
731 421 762 479 in
780 421 860 481 illam
875 421 1066 497 praeterelia

57 509 160 569 honoris
176 509 272 584 capita
284 527 324 570 ex
334 511 403 584 J'ure
416 509 558 584 competit
577 510 627 583 J‘ua
646 514 832 586 patronatus,
849 509 892 569 ita
908 515 942 570 ut
956 505 1065 570 ltoct'or

58 599 169 658 matricis
182 603 269 674 queat
283 598 429 657 canonice
446 614 533 657 novae
548 597 685 657 Ecclesiae
699 597 865 674 paroehum
880 605 1065 674 praesentarc

58 686 128 746 toties
143 687 255 762 quoties
275 705 311 747 ea
331 703 441 746 vacare
464 684 622 758 contigerit
642 691 699 758 (7);
731 686 812 762 quod
829 686 888 763 jus,
906 686 957 746 ubi
975 704 1064 763 paro-

61 775 137 833 chiani
159 776 267 848 nolint,
299 775 346 834 vel
374 781 524 852 nequeant
547 773 602 849 ipsi
624 773 772 834 aedificare
792 782 822 834 et
846 775 960 848 dotare,
980 775 1066 836 alteri

59 864 209 940 mirumque
223 865 305 924 fideli
323 862 496 939 acquiritur,
516 861 567 937 qui
581 861 721 938 expensis
739 862 802 922 suis
815 862 942 922 aedificet
962 863 1061 923 1111-

59 957 98 1023 tet,
110 958 190 1027 prout
201 953 277 1012 inira
288 952 403 1027 dejure
418 960 591 1028 patronatus
609 958 734 1027 agentes
751 951 846 1012 fusius
862 967 1059 1026 exponemus.

86 1045 153 1100 llora
166 1041 291 1118 proinde
313 1040 456 1117 parochia
475 1039 548 1116 erigi
562 1039 674 1116 nequit,
691 1039 747 1099 nisi
760 1040 848 1099 dictae
869 1040 1067 1099 observentur

60 1129 232 1204 conditionem
245 1134 275 1188 et
287 1127 318 1188 in
331 1145 367 1188 ea
380 1129 485 1188 decern
500 1131 605 1190 saltem
619 1127 678 1188 sint
691 1128 875 1203 parochiani,
888 1126 938 1204 qui
957 1127 995 1186 de
1009 1131 1065 1186 Ec·

60 1215 138 1274 alesia
162 1216 356 1276 sacramentis
382 1217 558 1293 participent
579 1221 630 1290 (8).
653 1221 689 1276 Et
712 1215 737 1274 si
760 1216 911 1291 parochus
934 1213 1066 1275 matricis

59 1304 175 1364 Ecclesiae
189 1303 288 1380 aliqtra
301 1306 416 1364 ratione
428 1321 461 1364 se
475 1306 579 1364 lasum
596 1303 715 1377 sentiat,
730 1301 1064 1379 11111111111111111-

58 1407 124 1450 mum
147 1394 330 1468 superiorem
353 1394 514 1470 appellare,
540 1393 596 1453 nisi
619 1393 658 1452 ad
684 1394 823 1452 effectum
848 1390 1062 1466 devolutivum‚

61 1484 215 1558 cumplenae
235 1481 441 1558 appellationis
465 1481 630 1542 remedium
651 1498 706 1558 per
722 1479 883 1542 Tridentini
909 1481 1064 1541 decretum

61 1567 87 1626 sit
97 1569 131 1628 illi
143 1571 338 1646 ademptum(
357 1573 378 1642 ).

82 1725 109 1789 (l)
121 1725 180 1777 Can.
195 1728 219 1785 9,
230 1727 293 1778 dist.
308 1728 318 1778 l
331 1726 364 1777 de
376 1739 480 1778 consec.
492 1727 570 1778 Unde
580 1726 608 1777 S.
618 1724 744 1778 Pontifex
755 1725 831 1778 Felix
845 1725 913 1778 illud
926 1724 1065 1778 memoriae

62 1799 203 1850 commendat
218 1819 225 1847 ι
243 1796 305 1850 Vide
318 1811 352 1849 aa
365 1798 462 1863 offeras
474 1797 628 1849 holocauste
641 1797 673 1850 ia
686 1796 760 1848 omni
772 1797 836 1855 loco,
852 1809 931 1862 quam
952 1795 1066 1858 11111111,

61 1867 94 1916 rat
107 1868 133 1919 ta
145 1869 218 1922 1111111
231 1868 296 1933 1111,
309 1883 388 1934 quarn
406 1869 512 1934 eleuarit
528 1867 659 1920 Dominus
678 1867 746 1920 Deus
768 1871 837 1921 tatas.
857 1867 923 1920 Can.
950 1865 1062 1930 11,111.

62 1937 166 1990 ltoctores
177 1941 297 2002 tradunt,
315 1940 387 1991 hunc
401 1941 521 2006 episcopi
540 1953 702 1990 consensum
716 1953 796 2004 posse
816 1951 876 1990 esse
893 1950 1066 2002 expressum,

62 2009 94 2060 rel
105 2011 207 2062 tacitum
222 2017 253 2062 ut
266 2012 290 2062 si
309 2013 369 2076 ipse
388 2011 488 2073 videat,
503 2015 531 2062 et
543 2025 598 2061 non
612 2010 795 2071 contradicat;
814 2011 867 2061 iuro
886 2009 996 2074 quidam
1016 2007 1063 2058 ad·

60 2081 162 2143 jungunt,
186 2096 266 2149 posse
291 2082 424 2134 delectum
447 2095 604 2140 consensus,
623 2094 672 2145 per
694 2081 938 2134 ratihabitationem
962 2078 1065 2130 sanari.

62 2151 187 2217 lentriglia
202 2159 265 2205 tom.
281 2154 306 2212 2,
321 2155 413 2204 annot.
426 2153 463 2214 11,
480 2167 506 2202 u.
517 2154 540 2202 2.
553 2153 611 2202 Hoc
623 2155 714 2202 teman
728 2153 878 2215 irregulare
895 2156 944 2207 est.
959 2149 1062 2215 attegi-

62 2220 101 2272 1111
112 2227 265 2288 oppositum.
281 2224 335 2274 Sed
349 2224 405 2288 qui,
415 2237 477 2274 cum
492 2224 534 2273 vel
547 2223 606 2274 siue
620 2235 753 2274 consensu
764 2222 892 2288 Episcopi
903 2222 982 2287 coepit
996 2221 1066 2272 aedi·

63 2291 124 2344 ticare
135 2296 290 2352 Ecclesiam,
302 2295 382 2346 debet
396 2307 456 2345 eam
470 2295 606 2358 perticere,
617 2293 732 2344 manime
744 2293 767 2344 si
780 2293 894 2356 episcopi
909 2292 1064 2343 ratihabitio

63 2368 189 2417 arcessant.
202 2367 338 2418 Antonius
352 2366 392 2416 De
406 2366 479 2416 Luca
494 2365 527 2415 ad
542 2365 588 2415 cit.
603 2369 694 2415 annot.
706 2364 891 2426 Ventrigliaefl
909 2364 929 2422 1,
944 2379 971 2414 n.
989 2363 1020 2422 t;
1037 2367 1066 2414 et

63 2435 188 2503 episcopus,
203 2437 428 2488 concurrentibus
437 2437 519 2499 justis
533 2436 634 2494 causis,
648 2435 784 2486 licentiam
798 2435 949 2486 aedificandi
963 2447 1065 2498 negare

63 2507 233 2570 ospitaliter
252 2520 378 2558 recursus
398 2507 509 2558 daretur
534 2505 569 2556 ad
587 2506 843 2571 archiepiscopum,
858 2511 885 2556 et
899 2505 934 2556 ad
950 2506 978 2555 S.
993 2507 1062 2556 uon-

64 2579 229 2640 lugationem.
243 2578 409 2629 Monacellus
424 2580 486 2628 tom.
505 2579 526 2636 l,
544 2579 585 2628 tit.
601 2577 625 2636 6,
640 2578 718 2628 form.
736 2577 773 2633 10.
787 2590 814 2626 n.
830 2577 853 2628 3.
869 2575 963 2637 Quoad
979 2575 1062 2626 ritum

66 2645 196 2709 imponendi
211 2649 329 2714 primunr
344 2648 462 2712 lapidem
475 2648 609 2698 videndus
624 2645 794 2698 Barutialdus
804 2646 838 2696 ad
848 2646 901 2696 Rit.
913 2645 989 2696 Rom.
1003 2649 1022 2696 t.
1034 2645 1062 2694 tt

64 2721 83 2765 et
94 2718 176 2770 Pontii.
190 2721 267 2772 Rom,
279 2721 313 2771 de
326 2720 498 2785 impositione
509 2721 587 2783 prim.
604 2720 685 2783 lapid.
697 2743 729 2755 ·-
739 2719 776 2782 (2)
792 2717 855 2768 Can.
874 2717 898 2779 9,
913 2717 976 2768 dist.
993 2717 1016 2781 t,
1030 2717 1064 2768 de

66 2798 146 2840 musea.
158 2792 213 2843 Dos
228 2792 309 2842 debet
323 2804 383 2846 esse
398 2796 552 2856 competens
565 2804 614 2854 pro
628 2788 823 2840 sustentatione
837 2788 963 2851 ministri,
974 2792 1002 2838 et
1014 2801 1065 2852 pro

66 2856 110 2908 aliis
121 2861 198 2914 divini
208 2861 298 2914 cultus
308 2863 444 2927 expansis.
454 2863 482 2911 Si
496 2860 547 2912 dos
560 2875 576 2910 a
590 2859 741 2919 fundatore,
756 2859 797 2910 val
811 2859 845 2909 ab
860 2859 912 2910 alio
926 2858 1064 2924 assignata

65 2937 103 2978 non
119 2932 235 2992 sufficiat,
255 2937 344 2998 potest
357 2933 518 2998 Episcopus,
538 2946 592 2982 non
613 2931 736 2982 obstante
749 2932 904 2994 juramento
926 2929 960 2982 de
981 2931 1064 2983 rebus

66 2995 168 3053 Ecclesiae
188 3018 242 3056 non
264 3003 424 3066 alienandis,
439 3017 472 3054 ex
493 3001 644 3053 redditibus
667 3015 724 3052 suae
738 3002 877 3052 'Ecclesia
902 3001 1065 3052 cathedralis

67 3079 124 3120 nora
135 3073 260 3126 Ecclesiae
281 3075 432 3138 providere,
454 3074 477 3124 si
497 3072 646 3124 necessitas
662 3071 734 3123 adsit
754 3071 875 3122 tldalium
892 3073 1014 3136 capuit.
1030 3072 1065 3122 da

67 3140 114 3190 aar.
123 3144 197 3207 adite
208 3146 366 3197 etsimiliter
379 3148 469 3210 potest
477 3144 512 3194 ab
522 3141 645 3196 Ecclesia
658 3142 861 3206 principatuset
877 3144 988 3194 matrice
997 3142 1064 3193 setis

67 3210 190 3266 1111111111
212 3214 357 3273 cumulata.
373 3215 476 3280 aliquid
492 3227 542 3279 pro
556 3225 626 3265 nova
640 3213 761 3264 Ecclesia
781 3213 932 3265 detrahere.
954 3215 1018 3277 Cap.
1038 3212 1064 3274 t,
1150 3222 1153 3228 ·

68 3279 109 3330 111.
122 3285 168 3336 Sed
178 3288 205 3337 in
215 3287 278 3338 dote
292 3290 461 3351 competente
476 3283 665 3336 constituenda
674 3287 863 3354 computantur
874 3284 1063 3346 eleemosynae,
1112 3313 1114 3318 .

68 3352 228 3408 elocutiones
242 3357 361 3408 fidelium
373 3361 430 3408 tum
443 3359 602 3421 praesentes,
615 3355 673 3404 turn
687 3367 749 3418 quae
763 3354 941 3419 probabiliter
954 3363 1066 3415 speran-

70 3419 268 3478 turinluturum.
284 3427 443 3490 competens
461 3426 572 3476 demum
590 3424 639 3476 dos
657 3424 772 3474 habetur
785 3425 814 3476 in
827 3423 933 3486 redditu
953 3421 1067 3474 ducato·

70 3496 186 3549 mumulo
202 3511 252 3566 pre
265 3496 388 3552 Ecclesia
403 3496 561 3561 cathedrali,
579 3498 606 3551 et
626 3499 734 3550 centurn
754 3506 906 3549 1111111111
919 3503 968 3558 pro
982 3503 1066 3555 pero·
