2432 4078
577 187 735 244 ..32ss-

148 307 187 369 de
208 307 298 369 tarto.
325 305 417 366 Debet
436 310 546 366 statuto
565 312 700 384 tempore
724 307 836 378 remim
855 309 956 385 specie
970 311 1156 372 commodanti

146 396 320 467 restituerc3
336 394 390 456 sed
407 401 476 456 ante
496 395 714 458 restitutionem
729 405 830 473 petere
841 415 991 474 expensas
1005 401 1157 464 extraordi-

146 485 245 544 narias
257 483 287 542 in
301 500 335 543 re
347 485 440 543 lactes
453 489 560 559 potest.
575 485 669 546 Debet
681 485 771 546 etiam
784 486 884 546 omnia
894 502 1039 563 reparare
1049 489 1156 582 Quina,

146 589 212 650 quae
227 589 277 634 res
294 572 364 633 dolo
382 573 431 632 vel
444 571 532 648 culpa
547 589 602 632 sua
614 589 703 648 passa
722 580 784 648 est;
806 591 910 636 casum
926 592 1000 637 vero
1017 575 1158 638 formitem

144 673 288 738 praestare
298 677 359 721 non
373 665 503 735 tenetur,
516 659 574 722 nisi
586 659 778 724 intervenerit
791 668 924 741 pactum,
939 671 991 725 aut
1007 681 1092 728 mora
1104 667 1157 728 cul·

143 749 717 830 pebilisiurestitueudomutculpetdt
1209 743 1210 812 i

142 1009 145 1016 .
175 942 210 1007 (ll
225 941 284 996 Hoc
299 945 388 996 tamen
403 955 457 996 uon
471 941 560 1008 officit,
574 943 718 1010 quominus
740 943 939 998 commodatum
960 945 1008 996 dat
1033 945 1155 1000 inutilita-

142 1017 197 1068 tem
210 1015 352 1082 utriusque
366 1015 559 1076 contrahentis,
574 1016 715 1067 autetiam
728 1015 814 1068 solius
829 1016 1033 1069 commodantis.
1050 1018 1099 1071 Clt.
1109 1033 1159 1084 cap.

142 1085 176 1138 de
189 1085 320 1138 commod.
330 1086 423 1152 Equus
438 1099 479 1138 ex.
493 1100 533 1150 gr.
549 1084 686 1138 diceretur
700 1086 729 1137 in
742 1087 885 1154 utriusque
894 1087 1079 1142 contrahentis
1096 1090 1160 1142 utili·
1209 1129 1210 1132 ,

141 1159 225 1210 tetam
239 1157 432 1222 commodatus,
448 1157 470 1209 si
492 1160 567 1209 motu
580 1159 672 1222 egeret
694 1157 729 1209 ad
743 1157 935 1218 valetudinem,
953 1161 980 1212 et
994 1161 1078 1211 simul
1096 1175 1161 1214 com·
1209 1179 1210 1196 ³

140 1229 289 1282 modatario
302 1229 338 1281 ad
348 1229 399 1282 iter
408 1229 578 1282 necessarius
594 1229 680 1290 toret;
694 1229 716 1281 si
730 1243 795 1282 vero
809 1229 898 1282 solum
918 1243 1004 1296 equus
1016 1235 1092 1284 motu
1104 1247 1161 1298 ege·
1209 1283 1210 1292 ,

141 1303 191 1367 ret,
205 1301 403 1354 commodatum
420 1304 491 1353 esset
505 1301 533 1351 in
550 1301 840 1354 soliuscommodantis
853 1301 1006 1354 utilitatem.
1025 1331 1053 1341 —
1069 1305 1104 1370 (t)
1118 1305 1163 1357 tlit.
1209 1311 1210 1368 ξ

140 1385 200 1438 cap.
217 1371 239 1433 l,
250 1373 283 1426 de
293 1372 424 1426 commod.
433 1371 567 1438 -(3)ttit
574 1384 638 1438 cap.
652 1374 673 1437 l,
683 1372 854 1425 decommod.
865 1375 960 1440 etcap.
973 1373 999 1436 2,-
1009 1373 1161 1442 dedepusit.
1209 1375 1210 1430 l

173 1609 236 1666 cte.
266 1605 309 1666 ld
328 1604 393 1665 haec
414 1609 515 1664 tamen
534 1610 617 1664 recte
640 1603 815 1666 aestimanda
837 1620 964 1664 necesse
983 1611 1030 1665 est
1050 1605 1158 1680 ridere,

138 1695 210 1774 quid
218 1693 256 1754 sit
265 1692 361 1766 dolce,
374 1698 403 1753 et
417 1693 504 1770 culpa
515 1698 545 1754 et
559 1709 643 1754 cauus
656 1691 809 1768 fortuitus.
821 1693 912 1752 Delus
928 1693 1038 1766 malus,
1052 1694 1090 1754 de
1104 1711 1157 1770 quo

138 1782 253 1860 agimus
262 1785 315 1854 (l),
330 1786 377 1842 eat
389 1781 514 1854 fallacia,
529 1781 592 1842 sive
604 1780 783 1842 machinatio
796 1779 933 1842 adalium
944 1780 1159 1858 decipiendum,
1209 1799 1210 1834 l

136 1873 260 1946 intenta,
275 1887 342 1947 quae
355 1870 549 1931 committitur
561 1877 658 1930 cunta
673 1871 800 1930 tacendo
814 1869 895 1946 quod
909 1877 955 1930 est
968 1871 1162 1948 detegendum

135 1961 228 2022 cudis
252 1959 434 2035 mentiendo,
459 1966 489 2020 et
508 1959 595 2034 sactis
616 1959 822 2020 fraudulenter
853 1959 979 2035 agendo.
1011 1962 1104 2036 Culpa
1122 1965 1162 2020 est
1209 1983 1210 1990 ³

135 2048 257 2110 omissio
270 2047 429 2124 diligentiae
442 2047 578 2126 praestari
592 2047 709 2121 debitae,
734 2053 764 2108 et
777 2046 913 2108 dividitur
926 2047 1024 2124 primo
1043 2049 1074 2108 in
1089 2050 1162 2109 idco·

135 2137 267 2214 mytram,
282 2144 312 2198 et
319 2138 501 2213 juridicum:
516 2137 567 2196 illa
579 2137 739 2218 conjuncta
759 2143 806 2198 cst
819 2154 890 2198 cum
904 2144 1048 2213 ¹peccat03
1070 2139 1162 2198 haeca

133 2233 259 2304 peccato
272 2232 396 2303 propter
409 2226 600 2301 oblivionem,
620 2221 889 2286 aut'invincibilem
905 2225 1160 2298 inadrcrtentiam,

132 2324 184 2377 ant
196 2317 286 2377 etiam
295 2315 399 2392 iudicii
407 2315 672 2392 praecipitationem
682 2311 821 2375 excusati
830 2321 947 2392 potest:
962 2315 1161 2376 Dividiturse-

132 2406 232 2468 cundo
245 2405 276 2464 in
289 2404 394 2476 lotum,
411 2405 511 2475 levam,
520 2410 550 2466 et
565 2404 753 2464 levissimum.
764 2409 835 2464 Lata
846 2404 963 2478 dicitur,
974 2404 1000 2464 si
1014 2405 1162 2466 omittatur

131 2496 181 2558 illa
199 2495 358 2572 diligentia,
378 2511 469 2570 quam
487 2493 576 2554 etiam
592 2492 734 2554 incuriosi
748 2493 884 2555 homines
899 2495 997 2554 solent
1010 2493 1160 2565 adhibere,

130 2593 164 2646 ut
173 2585 198 2646 si
206 2583 457 2646 commodatarius
465 2599 531 2644 rem
539 2581 760 2643 commodatam
773 2580 804 2640 in
813 2582 911 2658 platea
924 2582 1117 2658 relinqueret,
1134 2585 1162 2640 et

131 2673 345 2750 surripcrctur3
365 2671 473 2734 dicitur
494 2671 580 2744 levis,
602 2669 627 2731 si
649 2671 801 2730 omittatur
821 2669 871 2730 illa
889 2669 1051 2747 diligentia,
1072 2683 1159 2748 qnam

132 2762 190 2822 viri
208 2763 371 2838 prudentes
390 2763 487 2822 solent
508 2759 659 2832 adhibere,
681 2764 715 2818 ut
734 2757 759 2817 si
779 2757 1032 2819 commodatarius
1055 2759 1160 2819 librum

131 2852 353 2913 commodatum
367 2851 459 2926 domi,
474 2867 535 2910 non
549 2850 652 2910 clauso
665 2845 752 2922 ostio,
766 2845 958 2924 relinqueret,
973 2848 1063 2908 ctfur
1081 2847 1159 2907 illum

129 2940 293 3016 arriperet3
308 2940 587 3000 levissimademum
601 2937 720 3010 dicitnr,
731 2935 756 2996 si
771 2937 923 2998 omittatur
936 2937 986 2997 illa
997 2935 1154 3012 diligentia,

130 3046 219 3106 quam
234 3028 419 3090 attentissimi
433 3029 569 3088 homines
584 3028 681 3087 solent
694 3025 846 3101 adhibere,
867 3037 901 3086 ut
914 3025 940 3085 si
954 3026 1154 3085 commodate·

128 3121 191 3180 rius
209 3120 318 3179 librum
336 3118 558 3178 commodatum
572 3134 628 3177 suo
646 3115 676 3175 in
691 3115 830 3175 cubiculo
843 3115 1037 3192 relinqueret,
1056 3115 1154 3174 clauso

129 3209 260 3286 quidem,
275 3207 329 3268 sed
342 3221 404 3268 uon
417 3206 556 3268 obserato
570 3205 656 3279 ostie,
671 3212 733 3264 etc
753 3205 819 3264 lure
839 3204 1049 3281 corriperetur.
1066 3207 1153 3264 Casus

128 3298 257 3374 denique
269 3295 408 3358 fortuitus
421 3300 469 3356 est
488 3302 614 3356 eventus
635 3294 679 3355 rei
691 3293 862 3370 inopinatae,
882 3294 934 3370 qui
947 3309 1044 3370 neque
1057 3310 1077 3352 a
1090 3288 1154 3350 dili·

128 3385 301 3462 gentissimo
323 3383 491 3462 praevideri,
510 3401 565 3446 seu
582 3382 681 3445 caveri
695 3387 805 3458 petest,
819 3389 853 3442 ut
870 3381 1041 3450 animalium
1059 3391 1148 3446 mors,

127 3475 308 3549 incendium,
324 3473 519 3550 naufragium,
540 3480 737 3546 terraemotus,
751 3487 897 3548 aquarum
917 3469 1078 3542 inundatio,
1093 3463 1148 3526 tul·

62 3631 67 3646 ,
129 3579 209 3640 meu,
221 3562 352 3627 hostum
368 3564 508 3640 impetus,
521 3568 552 3622 at
565 3563 741 3640 praedonum
753 3560 904 3622 violentia.
