2494 4062
603 207 745 266 ..43-

163 345 251 408 quam
272 334 432 405 potuerunt
444 329 493 404 ius
511 330 645 389 naturale
665 329 705 389 ita
719 330 905 401 submovere,
922 335 956 388 ut
967 327 1020 390 filii
1038 345 1101 388 non
1114 346 1191 389 suc-

162 419 269 478 cedant
281 417 390 492 injure
405 417 534 493 petendi,
550 425 580 479 et
594 418 722 478 habendi
733 436 750 478 a
763 427 860 494 patre,
870 421 917 479 vel
932 419 970 478 ab
984 419 1049 494 ejus
1061 419 1193 478 haredi-

162 513 222 567 tate
236 507 376 566 alimenta
390 506 556 566 necessaria
570 507 608 565 ad
622 507 712 567 vitam
726 507 939 580 sustinendam,
950 507 976 566 si
995 507 1093 583 portio
1107 509 1192 567 inter

162 595 311 672 sponsalia
325 593 488 672 assignatas
504 597 644 656 abmeuta
661 596 804 657 advitam
823 595 1067 658 necessarianon
1081 611 1191 672 555555-

162 691 208 747 ret
220 687 272 758 (1).

194 832 230 899 (1)
243 832 295 884 Η15
307 846 366 885 mos
379 831 553 884 simulacrum
563 833 698 900 quoddam
712 833 795 886 relart
808 834 898 900 legum
912 833 1104 891 Romanorum.
1116 845 1191 900 qua-

163 918 223 956 rum
240 908 332 956 tenore
346 919 414 956 uxor
427 905 507 955 ducta
521 918 571 970 per
585 904 693 956 modurn
714 904 939 970 confarreationis
952 905 1090 970 particeps
1104 903 1192 954 fiebat

162 977 305 1040 bonorum,
319 976 444 1038 nominis,
462 979 489 1028 et
504 976 643 1041 dignitatis
656 978 746 1028 mariti
759 994 766 1037 ;
781 977 862 1028 ducta
876 990 939 1028 varo
952 989 1001 1041 per
1014 975 1083 1026 alios
1092 975 1191 1026 modos

162 1059 236 1109 mas,
250 1052 296 1098 aut
311 1047 454 1114 emptione
465 1047 597 1099 dictomm
611 1048 730 1100 omnium
743 1061 840 1111 expers
854 1047 988 1099 manebat.
1004 1073 1036 1084 -
1048 1046 1083 1111 (1)
1093 1047 1154 1098 Lib.
1174 1047 1191 1097 2

164 1118 248 1170 bend.
261 1120 301 1170 tit.
318 1119 358 1170 19.
382 1147 410 1156 -
429 1117 465 1182 13)
481 1119 619 1186 Remigius
638 1119 760 1172 Meschoi
772 1119 838 1170 Inst.
859 1119 915 1184 jur.
931 1131 989 1170 can.
1006 1118 1022 1168 l.
1038 1117 1063 1177 t,
1078 1122 1098 1168 t.
1113 1120 1138 1178 5,
1154 1117 1191 1170 de

165 1189 242 1250 cond.
260 1204 322 1258 app.
333 1190 362 1244 in
374 1190 449 1258 desp.
461 1189 537 1242 511.
549 1217 580 1228 -·
594 1189 629 1256 (t)
641 1189 721 1242 cord.
734 1189 827 1256 Soglia
840 1190 906 1242 lust.
917 1190 973 1258 jur.
988 1192 1057 1256 priv.
1073 1190 1086 1256 t
1098 1189 1157 1242 169.

540 1654 745 1767 5155555
778 1686 819 1767 v.

521 1928 564 1971 ns
594 1927 837 1972 seorstttros

169 2091 328 2144 Serranus:
343 2089 397 2142 318.
413 2087 471 2148 uuit
481 2089 526 2140 sint
538 2089 709 2155 sponsabat-
721 2089 775 2141 319.
786 2090 842 2148 Qua
851 2088 986 2141 necessarie
995 2088 1041 2139 sint
1049 2088 1191 2141 conditiones

199 2162 224 2214 15
234 2174 313 2212 555555
322 2158 495 2212 555555551-
505 2160 559 2212 351).
574 2160 619 2218 Qui
627 2159 788 2225 prohibeantur
800 2174 815 2210 a
827 2159 969 2226 sponsalibus
975 2161 1027 2224 jore
1035 2159 1149 2210 nawrsb‘?
1158 2189 1190 2198 -

200 2233 255 2284 351.
270 2231 374 2296 Quijure
385 2229 504 2296 positivo?
516 2258 546 2268 —
563 2230 617 2282 353.
632 2230 683 2289 Quo
693 2231 761 2282 modo
772 2232 931 2285 conbabantnr
940 2230 1072 2296 sponsalia?
1089 2259 1118 2267 -
1132 2232 1187 2282 353.

200 2301 442 2364 Ρ555,555555115,
457 2300 603 2365 prohibentur
615 2302 639 2351 in
651 2301 792 2367 sponsalibus
815 2330 841 2338 -
858 2303 911 2353 351.
928 2303 971 2361 Qui
989 2302 1035 2352 sint
1050 2301 1189 2366 sponsalium

200 2374 354 2426 511551551-
373 2373 426 2423 355,
444 2372 504 2432 Quot
517 2371 591 2422 modis
609 2372 723 2437 sponsalia
740 2373 871 2423 solvantur?
881 2399 911 2409 —
924 2373 978 2424 356.
993 2371 1050 2425 Cum
1065 2387 1093 2424 ex
1114 2372 1187 2436 culpa,

200 2445 236 2497 vel
247 2446 307 2496 iacto
316 2443 407 2496 51155155
418 2441 547 2501 solvamus
559 2442 582 2493 id
595 2447 681 2493 tantum
700 2442 786 2494 obtinet
801 2443 879 2494 lavore
892 2443 1028 2496 innocentis.
1038 2471 1069 2480 -
1086 2443 1139 2493 357.
1151 2445 1188 2494 An

198 2517 229 2570 at
242 2531 269 2570 ea
277 2531 305 2570 ex
320 2529 388 2568 ransc
401 2513 911 2580 11551555155551511555551151515511551

204 2680 566 2758 318.11515155551555555
590 2679 741 2756 sponsalia
760 2679 797 2741 de
819 2682 930 2758 futuro,
958 2682 995 2742 de
1014 2681 1121 2758 quibus
1139 2681 1188 2744 hic

166 2772 291 2850 5515555,
305 2773 472 2832 1551555155.
491 2769 645 2845 sponsalia
667 2770 867 2845 espondeodo
883 2770 938 2832 sibi
951 2787 1062 2830 uxores
1074 2771 1188 2832 futuras

165 2859 246 2922 dicta
258 2866 346 2932 sunt3
361 2866 392 2921 et
405 2867 533 2935 possunt
551 2857 677 2931 definiri,
691 2865 822 2933 poctarm,
839 2859 897 2920 sive
910 2860 1064 2935 promissio
1081 2867 1187 2920 mutuo

166 2949 245 3009 inter
259 2965 411 3032 55555551,
425 2955 451 3008 et
464 2964 604 3024 sponsorio
616 2947 693 3006 inito
702 2948 736 3008 de
748 2950 853 3024 sutoro
866 2949 945 3008 inter
954 2966 984 3008 se
997 2948 1186 3009 moirimooio

126 3105 132 3116 ‚
166 3037 373 3098 oootrolteodo.
389 3041 432 3098 Ex
451 3037 508 3100 heo
531 3035 701 3098 delinitione
724 3035 823 3112 liquet,
838 3037 881 3097 uti
898 3038 1125 3111 matrimonium,
1143 3039 1186 3098 sic

167 3124 316 3202 sponsalia
330 3126 368 3186 de
385 3125 485 3187 futuro
502 3125 661 3201 quemdam
676 3132 862 3186 contractum
876 3127 1039 3198 continere
1055 3126 1093 3186 ad
1103 3126 1186 3204 cujus

165 3213 345 3274 validitatem
365 3213 487 3273 omnino
507 3213 667 3290 requiritur
686 3213 816 3291 partium
837 3231 1012 3336 consensus,
1026 3222 1057 3278 et
1069 3223 1183 3276 contra·

164 3302 254 3364 hendi
267 3301 415 3378 capacitas
429 3307 452 3376 (t
460 3309 480 3376 ).

197 3452 232 3516 (l)
247 3449 313 3503 Haec
337 3449 474 3516 sponsalia
492 3450 663 3504 matrimonio
678 3453 844 3518 praemittere
860 3451 991 3520 optimum
1011 3466 1071 3506 essa
1095 3468 1142 3519 per
1155 3467 1184 3507 sa

165 3528 331 3586 compertum
344 3527 402 3574 est:
416 3536 479 3572 narn
493 3523 629 3588 sponsalia
642 3525 805 3590 praeparatio
819 3530 882 3576 sunt
894 3523 928 3575 ed
939 3526 1145 3590 matrimonium,
1155 3533 1184 3579 ut

165 3595 319 3648 necessario
331 3594 524 3650 deliberatione
537 3593 667 3649 celebrari
681 3597 770 3661 queat.
782 3595 811 3648 Si
824 3595 897 3662 enim
910 3595 939 3650 15
951 3595 1014 3650 aliie
1027 3597 1185 3662 recipientis
