2494 4062
617 229 762 288 „28-

179 354 214 407 ed
227 365 286 420 cap.
299 353 324 413 l,
339 352 412 404 Sese.
425 351 466 417 ii,
481 351 515 404 de
532 352 583 405 rel.
596 352 671 404 Trid.
682 353 754 420 quod
768 352 866 419 probet
879 352 938 419 ipse
955 352 1119 406 Benedictus
1129 353 1209 413 XIV,

180 425 214 479 de
226 425 324 492 Synod.
340 423 358 476 1.
382 423 419 484 le,
441 438 465 476 c.
485 423 536 477 ult.
558 439 585 476 n.
609 425 647 476 19.
670 425 786 478 Sanctus
798 428 890 476 temen
904 426 943 476 De
958 425 1064 490 Ligario
1078 439 1142 478 curn
1155 425 1210 476 Fa·

178 511 266 562 guono
280 497 350 548 banc
362 495 461 547 missas
474 495 620 548 reducendi
632 497 788 551 facultatem
798 496 921 548 concedit
934 496 1086 561 Episcopis,
1097 496 1210 562 quondo

179 569 301 622 redditus
315 582 331 620 e
348 567 479 633 principio
494 567 604 618 suerunt
620 567 792 630 sufficientes,
808 571 837 618 et
859 571 951 631 postea
966 568 1004 618 ita
1017 567 1152 619 imminuti
1168 567 1212 618 tu·

178 644 268 702 erunt,
283 641 317 690 ut
334 637 409 689 nullo
428 638 506 688 modo
521 639 637 706 amplius
657 639 800 690 sullicient.
821 639 913 689 Theol,
935 638 1002 689 Mor.
1018 638 1035 689 l.
1058 639 1082 701 6,
1104 653 1131 689 n.
1150 637 1210 701 331,

178 711 243 764 dub.
254 711 276 761 l.
289 710 343 762 Sed
357 709 407 761 bec
418 709 500 760 etiam
515 710 541 760 in
558 723 623 760 casu
637 710 787 762 consultius
799 710 852 761 erit
865 709 899 760 ad
914 709 940 760 S.
956 708 1052 762 sedem
1065 723 1210 762 recurrere

177 783 212 836 ob
228 782 351 842 rationes,
375 795 443 847 ques
457 779 536 832 alleri
557 794 606 845 pro
627 784 704 845 parte
728 781 863 833 contrarie
887 780 958 832 idem
981 781 1008 832 S.
1030 781 1069 832 De
1087 781 1209 845 Ligario,

177 854 244 906 ibid.
258 853 292 906 ad
306 853 372 906 dub.
387 852 411 911 i,
429 851 501 917 quod
518 865 601 916 supra
620 853 680 917 iam
700 853 852 914 citavimus,
875 856 903 903 et
924 852 962 902 ita
976 851 1004 902 in
1018 852 1096 918 praxi
1113 852 1141 902 in
1162 852 1209 906 his

177 924 265 976 Italiae
282 924 437 988 regionibus
455 922 523 974 solet
538 923 686 975 observari.
703 951 734 960 -
749 924 782 988 (i)
796 923 847 974 Tit.
864 924 903 982 45,
918 936 940 972 c.
957 923 979 974 8.
993 949 1025 962 -
1037 923 1073 987 (8)
1088 923 1208 974 Benedi-

178 1000 237 1048 ctus
252 994 326 1053 XIV,
341 995 374 1046 de
394 993 492 1059 synod.
511 995 528 1045 l.
546 993 582 1053 13,
598 1009 619 1046 c.
637 993 785 1046 sitnia.
802 1021 832 1033 -
848 994 883 1059 (9)
896 993 950 1045 Sed
969 994 993 1045 si
1011 993 1157 1058 hecquae
1178 996 1208 1046 in

177 1081 277 1132 genere
287 1067 316 1116 in
329 1065 432 1117 indulto
446 1065 612 1117 reductionis
625 1080 678 1117 non
693 1065 964 1131 comprehenduntur,
975 1064 1135 1129 'specialiter
1147 1079 1164 1116 a
1177 1067 1209 1119 S.

177 1138 246 1190 Sede
260 1141 396 1202 petantur,
420 1140 451 1188 ut
465 1137 622 1201 {plurimum
638 1138 740 1202 petenti
755 1136 949 1188 conceduntur.
966 1136 1127 1200 Speoialiter
1140 1151 1207 1190 vero

177 1209 332 1260 conceditur
346 1207 461 1260 facultas
475 1207 623 1260 reducendi
646 1207 674 1259 in
696 1222 761 1260 vera
783 1208 944 1260 necessitate
961 1221 1045 1258 onera
1058 1207 1207 1258 missarum

174 1281 233 1345 jam
253 1279 372 1342 reducta,
390 1279 497 1344 quando
518 1279 644 1343 capitalia
660 1279 759 1331 'relicta
777 1293 874 1330 novem
889 1277 1022 1330 subierint
1041 1277 1209 1330 imminutio-

175 1365 248 1414 nem,
272 1354 299 1402 el
320 1350 501 1402 transferendi
521 1350 666 1402 missarum
688 1349 927 1414 adimplementnm
954 1349 988 1401 de
1007 1363 1063 1400 una
1079 1350 1107 1400 in
1122 1349 1207 1401 aliam

148 1447 152 1454 e
176 1421 334 1486 ecelesiam,
357 1421 406 1472 ubi
429 1420 464 1472 ob
489 1421 661 1472 secerdotum
683 1421 833 1486 penuriam,
847 1420 890 1472 vel
908 1420 941 1471 ob
956 1420 1037 1471 aliam
1049 1422 1161 1484 justam,
1177 1425 1207 1471 et

176 1493 366 1544 rationabilem
379 1505 489 1544 causam
505 1492 534 1544 in
549 1491 606 1544 loco
620 1505 637 1544 e
650 1490 794 1544 fundatore
805 1491 944 1558 designato
964 1492 1057 1544 missae
1072 1492 1206 1544 celebrari

179 1563 360 1630 nonpossint.

210 1752 273 1810 ³32.
289 1748 450 1825 Praecipuae
463 1748 672 1810 reductionum
690 1749 802 1825 regulae
828 1747 1019 1824 assignantur
1033 1756 1205 1826 sequentes.

175 1844 204 1900 l·
218 1838 247 1898 si
259 1839 391 1914 legatum
405 1837 556 1898 contineat
567 1838 737 1911 missarum,
748 1837 931 1914 aliarumque
943 1839 1205 1914 eleemosynarum

177 1943 279 2000 onera,
295 1925 431 1986 reductio
446 1927 484 1986 ab
497 1943 544 2000 eo,
573 1929 624 2002 qui
642 1926 732 1986 habet
746 1926 784 1985 ad
805 1927 865 1986 hoc
877 1927 1058 2000 facultatem,
1074 1927 1157 2003 prins
1172 1927 1206 1987 in

176 2014 376 2092 eleemosynis
389 2021 435 2076 est
452 2014 595 2088 iacienda,
613 2021 646 2074 ut
659 2015 757 2075 missae
782 2016 870 2074 salvae
883 2023 1035 2090 maneant,
1048 2017 1117 2092 quie
1131 2021 1206 2076 San-

176 2112 258 2166 ctum
272 2103 455 2166 Sacrificium
469 2104 586 2164 oaeteris
604 2103 668 2164 eliis
687 2104 759 2188 priis
773 2104 914 2181 operibus
935 2105 1048 2166 infinite
1068 2113 1201 2182 praestat.

175 2193 317 2270 Exceptio
327 2199 426 2254 tamen
440 2194 472 2252 flt
486 2193 516 2251 in
530 2211 612 2267 casu,
628 2210 688 2269 quo
701 2193 840 2253 fundator
855 2193 945 2254 alium
955 2211 1011 2270 pro
1027 2211 1118 2256 onere
1128 2195 1201 2255 mis-

176 2300 287 2356 sarum,
304 2289 334 2342 et
354 2282 444 2342 alium
463 2299 519 2358 pro
537 2283 795 2358 eleemosynarum
813 2299 905 2342 onere
928 2283 1053 2344 fundum
1075 2283 1205 2345 mnative

175 2371 343 2446 reliquerit,
360 2377 390 2430 et
403 2371 492 2431 etiem
509 2371 541 2429 in
559 2388 642 2445 casu,
657 2387 717 2447 quo
743 2372 950 2446 eleemosynas
962 2389 1010 2431 ex.
1026 2388 1071 2447 gr.
1087 2371 1117 2431 in
1131 2390 1205 2448 pau·

175 2477 273 2537 peres,
288 2460 337 2520 rel
353 2459 389 2532 in:
404 2458 477 2518 alios
496 2459 562 2534 pios
582 2475 655 2518 usus
667 2457 731 2535 ipse
744 2459 884 2520 brodator
900 2459 1060 2520 missarum
1073 2462 1206 2521 celebra·

174 2548 304 2610 tionibus
316 2565 469 2623 expresse,
484 2549 533 2608 vel
546 2547 634 2608 tacite
648 2547 810 2624 praetulerit
823 2552 873 2622 (l).
888 2553 917 2608 2·
933 2549 963 2609 si
977 2549 1054 2610 dctae
1068 2550 1203 2610 imminu-

175 2637 250 2698 tioni
264 2637 435 2697 reddituum
446 2636 512 2713 quis
525 2636 631 2697 debeat
641 2653 680 2696 ex
693 2636 866 2698 fundatione
884 2654 1055 2714 occurrere,
1070 2640 1202 2700 reductio

174 2743 234 2786 non
249 2731 347 2802 potest
360 2725 471 2786 habere
488 2726 604 2799 locum,
627 2726 681 2786 sed
700 2725 744 2785 sic
765 2725 911 2802 obligatus
925 2733 1043 2787 tenetur
1056 2727 1205 2790 defectum

175 2817 315 2891 supplere
327 2819 378 2888 (i).
394 2819 421 2874 3·
437 2813 465 2874 si
478 2820 604 2875 testator
614 2815 750 2888 iusserit,
765 2815 915 2876 haeredem
929 2833 1017 2876 suum
1030 2833 1086 2894 pro
1099 2817 1205 2877 misse-

175 2920 243 2964 rum
257 2903 327 2963 dote
355 2903 497 2979 legatario
522 2903 648 2963 fundum
671 2904 800 2978 tradere,
828 2905 905 2966 facta
927 2904 1011 2966 fundi
1036 2905 1203 2981 traditione,

175 2993 272 3052 haeres
284 2991 316 3050 in
330 3008 521 3068 quocumque
533 2999 641 3052 eventu
656 2992 694 3052 ad
710 2991 820 3069 aliquid
834 2995 1034 3071 supplendum
1046 3011 1106 3055 non
1123 3000 1204 3055 tene-

176 3087 234 3141 tur.
252 3087 314 3140 Hoc
329 3081 408 3141 enim
423 3097 497 3140 casu
511 3080 643 3140 debitum
658 3088 704 3141 est
720 3089 845 3156 certum,
861 3083 942 3158 quod
961 3090 1043 3144 certa
1058 3084 1205 3146 solutione

177 3169 299 3230 omnino
320 3169 454 3230 solvitur.
471 3167 545 3229 ilinc
565 3169 594 3228 in
614 3177 722 3230 eventu
741 3170 953 3232 imminutionis
978 3172 1062 3232 fundi
1085 3172 1203 3234 debebit

176 3257 345 3334 legatarius,
358 3275 417 3318 non
427 3257 696 3320 haeresmissarum
709 3260 914 3321 reductionem
929 3279 1073 3338 quaerere.
1089 3263 1116 3321 si
1131 3280 1200 3323 vero

177 3354 301 3408 testator
313 3348 435 3422 jusserit
448 3348 599 3408 haeredem
621 3365 709 3410 suum
731 3350 889 3426 quotannis
908 3351 1051 3425 legatario
1071 3351 1141 3412 dere
1157 3358 1201 3413 tot

179 3455 218 3498 ex
236 3455 290 3496 sne
304 3436 475 3497 baereditate
498 3436 641 3510 redditus,
656 3445 689 3497 ut
704 3455 758 3513 pro
776 3439 933 3498 missarum
948 3457 1013 3501 ase
1034 3439 1201 3502 relictarum

178 3525 248 3586 dote
260 3525 417 3599 sufficiant,
434 3526 566 3586 ethaeres
581 3526 706 3586 lendum
716 3527 841 3602 dederit,
857 3545 917 3588 non
932 3535 1091 3606 propterea
1106 3530 1199 3590 baeres

178 3613 329 3692 liberatur,
342 3613 396 3676 sed
406 3614 471 3696 ipse
491 3614 708 3691 reductionem,
724 3615 749 3676 si
763 3615 871 3677 habeat
884 3619 994 3694 locum,
1010 3635 1142 3696 quaerere
1155 3625 1198 3680 te·
