2432 4078
565 136 724 196 ..332-

127 265 232 324 eontra
245 260 253 320 i
257 275 344 336 petum
357 259 533 334 debitorem,
547 267 580 320 ut
596 276 615 320 a
634 265 788 320 contracte
800 259 980 336 obligatione
992 259 1139 332 liberetur,

127 351 184 412 nisi
196 347 282 410 iubis
295 347 423 420 casibus,
439 347 579 410 ciminum
596 368 603 408 :
619 347 645 408 ei
654 347 771 408 debitor
784 347 955 423 principalis
970 347 1020 408 diu
1034 365 1051 408 a
1065 347 1142 407 solu·

128 439 208 500 uene
222 436 358 510 cessavit,
378 436 560 500 sibonasua
574 436 719 513 dissipare
728 435 830 514 coepit,
846 435 911 498 etsi
924 437 963 496 ed
972 436 1141 498 mlrmdum

120 529 189 606 iam
213 526 251 587 sit
273 527 498 600 condemnatus,
518 526 549 586 io
566 525 673 602 quibus
687 525 843 602 fidejussor
863 532 962 601 potest
984 525 1142 586 debitorem

127 615 321 694 principalem
334 614 505 686 convenire,
519 621 553 674 ut
565 631 635 674 eum
653 633 672 674 a
687 614 878 690 fideiussione
896 615 1002 675 liberet
1017 617 1068 687 (l).
1083 613 1142 673 irie

127 703 217 766 hebet
229 702 374 764 beneflcio
387 701 444 763 sibi
456 721 475 762 a
487 704 554 779 lege
576 701 653 764 ciuili
669 719 821 776 concessa,
846 719 952 780 nempe
968 701 1143 763 beneficium
1161 695 1165 704 '

125 792 285 867 divisionis,
301 809 355 870 per
369 792 459 868 quod,
476 791 502 853 si
515 792 616 868 plures
633 792 691 853 sint
706 792 906 868 fidejussores,
921 799 1023 869 potest
1034 798 1142 869 petere,

127 887 162 942 ut
175 879 252 942 actio
265 880 296 940 in
309 880 442 957 singulos
456 879 614 954 dividatur,
628 889 660 941 et
669 886 701 941 ut
712 880 820 958 singuli
832 888 960 957 prorata
973 882 1013 942 ed
1027 879 1144 941 solutio·

129 985 199 1030 nem
224 969 425 1042 damnentur,
446 966 625 1028 beneficium
644 968 778 1041 ordinis,
802 970 864 1030 sive
881 969 1074 1043 excussionis,
1095 984 1143 1046 per

130 1058 213 1136 quod
226 1064 325 1136 potest
349 1075 448 1136 egere,
470 1065 503 1118 ut
522 1055 605 1134 prius
630 1057 772 1119 debitoris
796 1059 970 1136 principalis
995 1061 1145 1120 facultates

131 1147 330 1222 excutientur,
343 1148 369 1208 si
381 1147 445 1224 ipse
458 1147 557 1208 adhuc
566 1147 709 1208 soluendo
728 1147 766 1208 sit
780 1165 788 1222 3
808 1154 838 1208 et
851 1147 1034 1210 beneficium
1051 1148 1146 1208 cedeo-

131 1237 242 1296 dorum
261 1236 427 1310 rationum,
445 1252 499 1312 per
526 1235 607 1312 quod
634 1242 761 1311 potesta
775 1236 923 1298 creditore
948 1243 1098 1314 repetere,
1123 1240 1152 1294 ut

134 1323 191 1386 sibi
203 1325 337 1385 debitum
349 1324 474 1385 solventi
492 1341 562 1384 suas
576 1340 681 1384 omnes
696 1325 784 1386 cedat
797 1324 940 1401 rabones,
963 1343 1042 1402 quas
1056 1329 1152 1386 eontra

136 1413 302 1476 debitorem
316 1412 510 1492 principalem
530 1413 620 1474 babet
634 1417 685 1487 (a).

170 1561 207 1627 (t)
218 1561 282 1628 Gap.
293 1561 352 1614 bde
363 1560 485 1627 fidejuas.
497 1587 529 1598 -
542 1559 577 1626 (i)
591 1557 768 1614 Reiffenstuel
781 1560 816 1615 de
827 1561 932 1628 fidolus.
949 1575 1006 1614 au.
1020 1562 1062 1615 to.

416 2201 427 2228 ι
478 2084 681 2166 TITULUS
710 2083 841 2165 XXIX.

403 2335 441 2380 B!
459 2333 619 2382 bonlrlottn
636 2333 670 2380 ΕΤ
687 2331 906 2382 molesteris.

147 2533 379 2588 Sunmrmffibd.
398 2533 454 2594 Quo
473 2533 503 2586 stt
519 2533 612 2586 donabo
626 2547 695 2586 ceusu
707 2533 850 2586 mortisi-
867 2535 923 2586 659.
942 2534 999 2595 Qua
1014 2535 1046 2588 sit
1061 2531 1157 2588 inbru-

178 2621 230 2666 ros,
245 2609 269 2657 ct
285 2605 426 2672 quotuplex?
438 2634 469 2642 -
484 2606 538 2658 tot.
557 2605 615 2666 Quid
636 2604 802 2658 observandum
819 2607 879 2656 circa
898 2607 948 2671 ejus
970 2605 1159 2672 acceptatioucmi
1205 2645 1206 2648 ,

181 2706 208 2716 -
227 2677 281 2728 ool.
301 2680 337 2728 ln
357 2677 448 2730 Prolati
467 2683 550 2744 queant
568 2677 596 2728 de
617 2678 685 2728 rebus
701 2675 807 2728 Ecclesia
827 2677 928 2728 donaret
945 2704 977 2714 -
1001 2678 1163 2740 abacosque
1205 2665 1206 2713 i

181 2748 392 2816 potestomuiasua
406 2747 560 2800 bonadonare
570 2748 685 2800 lindesie.
695 2775 726 2786 ·-
739 2747 831 2799 663.-
842 2747 897 2808 Que
913 2749 959 2800 siut
969 2749 1040 2814 justa
1050 2762 1128 2810 musa,
1138 2743 1162 2796 ub

181 2831 238 2884 quas
251 2818 344 2870 donatio
364 2822 439 2884 petest
455 2820 573 2870 revomrit
584 2848 615 2856 -
632 2820 687 2870 ddi.
707 2818 764 2879 Quid
778 2819 808 2870 sit
822 2820 966 2872 transactio?
981 2847 1014 2857 -
1025 2820 1080 2871 665.
1092 2822 1125 2870 tn
1140 2814 1162 2866 dt
1204 2863 1205 2872 ,

182 2890 364 2962 bouisJioclcsiae
379 2891 468 2942 Prolati
476 2893 558 2956 queant
569 2891 751 2955 beminerc‘t-
765 2891 818 2942 666.
832 2889 918 2950 Quibus
927 2891 956 2943 de
970 2889 1040 2944 rebus
1053 2887 1163 2942 trmeeetiu
1204 2875 1205 2949 i

185 2960 350 3028 prohibeatur?
364 2989 396 2998 -
409 2961 463 3014 ool.
474 2961 518 3021 Qui
529 2962 575 3014 sint
586 2961 745 3014 trmsaelionis
754 2961 863 3014 edoctus?

190 3157 251 3214 otta.
268 3153 393 3215 bonatio
413 3153 456 3215 sic
473 3155 621 3231 appellate
634 3173 651 3215 a
664 3155 755 3229 dono,
770 3157 854 3232 quasi
868 3155 939 3218 doni
952 3156 1044 3230 datio,
1064 3151 1163 3230 sigmd
1203 3125 1204 3186 ¹

154 3249 203 3302 cat
215 3242 419 3303 liberalitatem
431 3241 462 3302 in
479 3243 580 3318 alium,
595 3243 677 3304 nullo
688 3245 755 3320 juro
769 3251 904 3320 cogente,
920 3246 1070 3305 collatam.
1088 3249 1159 3304 itone

154 3329 358 3390 liberalitatem
367 3337 466 3405 potest
475 3333 542 3408 quis
554 3347 696 3392 exercere
707 3349 762 3408 per
771 3327 871 3392 actum
881 3333 991 3393 ultimae
1003 3329 1161 3398 voluntatis,
1202 3341 1203 3423 t

157 3425 187 3476 et
200 3416 308 3476 dicitur
319 3417 438 3478 donatio
452 3436 542 3478 causa
558 3420 674 3494 mortis,
689 3421 735 3482 vel
750 3435 804 3496 per
818 3427 929 3494 actum,
942 3422 994 3498 qui
1007 3421 1159 3498 completur

154 3503 234 3564 inter
246 3504 342 3579 uiros,
355 3514 384 3566 et
397 3506 505 3567 dicitur
517 3507 636 3570 donatio
649 3509 728 3570 inter
740 3509 828 3571 vivos.
843 3510 968 3570 bonade
989 3527 1079 3578 causo
1091 3519 1161 3568 mor·
