<?xml version="1.0" encoding="UTF-8"?>
<!DOCTYPE html PUBLIC "-//W3C//DTD XHTML 1.0 Transitional//EN"
    "http://www.w3.org/TR/xhtml1/DTD/xhtml1-transitional.dtd">
<html xmlns="http://www.w3.org/1999/xhtml" xml:lang="en" lang="en">
 <head>
  <title>
</title>
<meta http-equiv="Content-Type" content="text/html;charset=utf-8" />
  <meta name='ocr-system' content='tesseract 3.04.00' />
  <meta name='ocr-capabilities' content='ocr_page ocr_carea ocr_par ocr_line ocrx_word'/>
</head>
<body>
  <div class='ocr_page' id='page_1' title='image "./summainstitutio01ferrgoog_0394.png"; bbox 0 0 2524 4080; ppageno 0'>
   <div class='ocr_carea' id='block_1_1' title="bbox 500 151 657 212">
    <p class='ocr_par' dir='ltr' id='par_1_1' title="bbox 500 151 657 212">
     <span class='ocr_line' id='line_1_1' title="bbox 500 151 657 212; baseline -0.006 -16"><span class='ocrx_word' id='word_1_1' title='bbox 500 151 657 212; x_wconf 69' lang='lat'><strong>..383-</strong></span> 
     </span>
    </p>
   </div>
   <div class='ocr_carea' id='block_1_2' title="bbox 82 272 1109 2836">
    <p class='ocr_par' dir='ltr' id='par_1_2' title="bbox 88 272 1098 882">
     <span class='ocr_line' id='line_1_2' title="bbox 93 272 1092 354; baseline 0.009 -27"><span class='ocrx_word' id='word_1_2' title='bbox 93 272 279 334; x_wconf 73' lang='lat' dir='ltr'>sosuntationi</span> <span class='ocrx_word' id='word_1_3' title='bbox 296 274 474 337; x_wconf 87' lang='lat' dir='ltr'>necessaria.</span> <span class='ocrx_word' id='word_1_4' title='bbox 489 277 553 342; x_wconf 81' lang='lat' dir='ltr'>tarn</span> <span class='ocrx_word' id='word_1_5' title='bbox 566 291 638 336; x_wconf 86' lang='lat' dir='ltr'>vero</span> <span class='ocrx_word' id='word_1_6' title='bbox 653 275 678 336; x_wconf 91' lang='lat' dir='ltr'>si</span> <span class='ocrx_word' id='word_1_7' title='bbox 697 275 727 336; x_wconf 90' lang='lat' dir='ltr'>in</span> <span class='ocrx_word' id='word_1_8' title='bbox 744 275 801 336; x_wconf 88' lang='lat' dir='ltr'>hac</span> <span class='ocrx_word' id='word_1_9' title='bbox 815 283 902 354; x_wconf 86' lang='lat' dir='ltr'>parte</span> <span class='ocrx_word' id='word_1_10' title='bbox 917 277 1036 354; x_wconf 90' lang='lat' dir='ltr'>parcius</span> <span class='ocrx_word' id='word_1_11' title='bbox 1047 273 1092 337; x_wconf 91' lang='lat' dir='ltr'>vi-</span> 
     </span>
     <span class='ocr_line' id='line_1_3' title="bbox 91 357 1095 440; baseline 0.009 -25"><span class='ocrx_word' id='word_1_12' title='bbox 91 357 175 420; x_wconf 88' lang='lat' dir='ltr'>vendo</span> <span class='ocrx_word' id='word_1_13' title='bbox 189 361 294 438; x_wconf 89' lang='lat' dir='ltr'>aliquid</span> <span class='ocrx_word' id='word_1_14' title='bbox 308 363 365 425; x_wconf 90' lang='lat' dir='ltr'>sibi</span> <span class='ocrx_word' id='word_1_15' title='bbox 383 371 526 437; x_wconf 74' lang='lat' dir='ltr'>reservet,</span> <span class='ocrx_word' id='word_1_16' title='bbox 541 365 623 440; x_wconf 88' lang='lat' dir='ltr'>quod</span> <span class='ocrx_word' id='word_1_17' title='bbox 640 365 719 440; x_wconf 90' lang='lat' dir='ltr'>juste</span> <span class='ocrx_word' id='word_1_18' title='bbox 733 371 850 440; x_wconf 90' lang='lat' dir='ltr'>poterat</span> <span class='ocrx_word' id='word_1_19' title='bbox 864 364 895 424; x_wconf 90' lang='lat' dir='ltr'>in</span> <span class='ocrx_word' id='word_1_20' title='bbox 910 382 964 426; x_wconf 89' lang='lat' dir='ltr'>sua</span> <span class='ocrx_word' id='word_1_21' title='bbox 977 372 1095 426; x_wconf 89' lang='lat' dir='ltr'>susten-</span> 
     </span>
     <span class='ocr_line' id='line_1_4' title="bbox 91 447 1098 530; baseline 0.007 -25"><span class='ocrx_word' id='word_1_22' title='bbox 91 447 187 510; x_wconf 86' lang='lat' dir='ltr'>tatione</span> <span class='ocrx_word' id='word_1_23' title='bbox 200 449 359 526; x_wconf 79' lang='lat' dir='ltr'>insumere,</span> <span class='ocrx_word' id='word_1_24' title='bbox 376 453 435 512; x_wconf 89' lang='lat' dir='ltr'>tale</span> <span class='ocrx_word' id='word_1_25' title='bbox 452 453 603 512; x_wconf 89' lang='lat' dir='ltr'>residuum</span> <span class='ocrx_word' id='word_1_26' title='bbox 621 453 658 512; x_wconf 89' lang='lat' dir='ltr'>ab</span> <span class='ocrx_word' id='word_1_27' title='bbox 675 454 754 513; x_wconf 89' lang='lat' dir='ltr'>bona</span> <span class='ocrx_word' id='word_1_28' title='bbox 768 453 990 529; x_wconf 88' lang='lat' dir='ltr'>parcimonialia</span> <span class='ocrx_word' id='word_1_29' title='bbox 1003 453 1098 530; x_wconf 88' lang='lat' dir='ltr'>perti·</span> 
     </span>
     <span class='ocr_line' id='line_1_5' title="bbox 91 539 1097 618; baseline 0.008 -25"><span class='ocrx_word' id='word_1_30' title='bbox 91 541 143 608; x_wconf 89' lang='lat' dir='ltr'>net,</span> <span class='ocrx_word' id='word_1_31' title='bbox 158 544 188 596; x_wconf 92' lang='lat' dir='ltr'>ut</span> <span class='ocrx_word' id='word_1_32' title='bbox 201 539 225 598; x_wconf 90' lang='lat' dir='ltr'>si</span> <span class='ocrx_word' id='word_1_33' title='bbox 238 541 362 600; x_wconf 87' lang='lat' dir='ltr'>honesta</span> <span class='ocrx_word' id='word_1_34' title='bbox 376 541 552 600; x_wconf 86' lang='lat' dir='ltr'>sustentatio</span> <span class='ocrx_word' id='word_1_35' title='bbox 567 542 731 602; x_wconf 89' lang='lat' dir='ltr'>secundum</span> <span class='ocrx_word' id='word_1_36' title='bbox 747 542 804 600; x_wconf 90' lang='lat' dir='ltr'>loci</span> <span class='ocrx_word' id='word_1_37' title='bbox 823 548 853 602; x_wconf 90' lang='lat' dir='ltr'>et</span> <span class='ocrx_word' id='word_1_38' title='bbox 873 559 1009 618; x_wconf 73' lang='lat' dir='ltr'>personae</span> <span class='ocrx_word' id='word_1_39' title='bbox 1024 559 1097 601; x_wconf 89' lang='lat' dir='ltr'>con-</span> 
     </span>
     <span class='ocr_line' id='line_1_6' title="bbox 90 621 1096 706; baseline 0.011 -27"><span class='ocrx_word' id='word_1_40' title='bbox 90 621 228 699; x_wconf 87' lang='lat' dir='ltr'>ditionem,</span> <span class='ocrx_word' id='word_1_41' title='bbox 243 645 278 686; x_wconf 90' lang='lat' dir='ltr'>ac</span> <span class='ocrx_word' id='word_1_42' title='bbox 291 629 416 704; x_wconf 83' lang='lat' dir='ltr'>gradum</span> <span class='ocrx_word' id='word_1_43' title='bbox 430 628 476 688; x_wconf 89' lang='lat' dir='ltr'>bis</span> <span class='ocrx_word' id='word_1_44' title='bbox 489 629 569 690; x_wconf 91' lang='lat' dir='ltr'>mille</span> <span class='ocrx_word' id='word_1_45' title='bbox 581 629 694 690; x_wconf 87' lang='lat' dir='ltr'>libellas</span> <span class='ocrx_word' id='word_1_46' title='bbox 708 647 823 690; x_wconf 88' lang='lat' dir='ltr'>annuas</span> <span class='ocrx_word' id='word_1_47' title='bbox 836 631 977 706; x_wconf 88' lang='lat' dir='ltr'>requirat,</span> <span class='ocrx_word' id='word_1_48' title='bbox 993 636 1022 690; x_wconf 90' lang='lat' dir='ltr'>et</span> <span class='ocrx_word' id='word_1_49' title='bbox 1036 631 1096 690; x_wconf 87' lang='lat' dir='ltr'>cla-</span> 
     </span>
     <span class='ocr_line' id='line_1_7' title="bbox 88 708 1098 796; baseline 0.01 -28"><span class='ocrx_word' id='word_1_50' title='bbox 88 708 159 771; x_wconf 90' lang='lat' dir='ltr'>ricus</span> <span class='ocrx_word' id='word_1_51' title='bbox 180 717 327 792; x_wconf 86' lang='lat' dir='ltr'>expandat</span> <span class='ocrx_word' id='word_1_52' title='bbox 351 724 465 777; x_wconf 88' lang='lat' dir='ltr'>tantum</span> <span class='ocrx_word' id='word_1_53' title='bbox 486 717 565 780; x_wconf 89' lang='lat' dir='ltr'>mille</span> <span class='ocrx_word' id='word_1_54' title='bbox 588 718 775 796; x_wconf 78' lang='lat' dir='ltr'>quingentae,</span> <span class='ocrx_word' id='word_1_55' title='bbox 790 719 854 778; x_wconf 88' lang='lat' dir='ltr'>aliae</span> <span class='ocrx_word' id='word_1_56' title='bbox 878 719 1047 796; x_wconf 64' lang='lat' dir='ltr'>quingenm</span> <span class='ocrx_word' id='word_1_57' title='bbox 1067 718 1098 778; x_wconf 92' lang='lat' dir='ltr'>in</span> 
     </span>
     <span class='ocr_line' id='line_1_8' title="bbox 89 802 523 882; baseline 0.021 -24"><span class='ocrx_word' id='word_1_58' title='bbox 89 802 279 873; x_wconf 89' lang='lat' dir='ltr'>parcimoniali</span> <span class='ocrx_word' id='word_1_59' title='bbox 294 807 411 882; x_wconf 91' lang='lat' dir='ltr'>peculio</span> <span class='ocrx_word' id='word_1_60' title='bbox 427 815 523 867; x_wconf 89' lang='lat' dir='ltr'>erunt.</span> 
     </span>
    </p>

    <p class='ocr_par' dir='ltr' id='par_1_3' title="bbox 82 894 1109 2836">
     <span class='ocr_line' id='line_1_9' title="bbox 119 894 1098 972; baseline 0.007 -25"><span class='ocrx_word' id='word_1_61' title='bbox 119 894 176 950; x_wconf 83' lang='lat' dir='ltr'>tat.</span> <span class='ocrx_word' id='word_1_62' title='bbox 195 897 226 951; x_wconf 93' lang='lat' dir='ltr'>ln</span> <span class='ocrx_word' id='word_1_63' title='bbox 240 895 347 954; x_wconf 88' lang='lat' dir='ltr'>horum</span> <span class='ocrx_word' id='word_1_64' title='bbox 357 895 507 955; x_wconf 89' lang='lat' dir='ltr'>bonorum</span> <span class='ocrx_word' id='word_1_65' title='bbox 520 895 720 972; x_wconf 79' lang='lat' dir='ltr'>assignatione</span> <span class='ocrx_word' id='word_1_66' title='bbox 733 902 893 972; x_wconf 83' lang='lat' dir='ltr'>sequentes</span> <span class='ocrx_word' id='word_1_67' title='bbox 904 902 974 956; x_wconf 91' lang='lat' dir='ltr'>sunt</span> <span class='ocrx_word' id='word_1_68' title='bbox 987 896 1098 972; x_wconf 77' lang='lat' dir='ltr'>regutae</span> 
     </span>
     <span class='ocr_line' id='line_1_10' title="bbox 88 977 1100 1061; baseline 0.008 -25"><span class='ocrx_word' id='word_1_69' title='bbox 88 977 278 1042; x_wconf 87' lang='lat' dir='ltr'>observandae.</span> <span class='ocrx_word' id='word_1_70' title='bbox 299 989 335 1044; x_wconf 89' lang='lat' dir='ltr'>l·.</span> <span class='ocrx_word' id='word_1_71' title='bbox 350 989 430 1044; x_wconf 86' lang='lat' dir='ltr'>Bona</span> <span class='ocrx_word' id='word_1_72' title='bbox 444 1001 526 1044; x_wconf 87' lang='lat' dir='ltr'>mere</span> <span class='ocrx_word' id='word_1_73' title='bbox 537 983 737 1044; x_wconf 89' lang='lat' dir='ltr'>ecclesiastica</span> <span class='ocrx_word' id='word_1_74' title='bbox 751 985 879 1061; x_wconf 83' lang='lat' dir='ltr'>propriae</span> <span class='ocrx_word' id='word_1_75' title='bbox 892 983 1100 1045; x_wconf 82' lang='lat' dir='ltr'>sustentationi</span> 
     </span>
     <span class='ocr_line' id='line_1_11' title="bbox 88 1068 1102 1150; baseline 0.007 -25"><span class='ocrx_word' id='word_1_76' title='bbox 88 1068 245 1130; x_wconf 62' lang='lat' dir='ltr'>necesaria</span> <span class='ocrx_word' id='word_1_77' title='bbox 263 1073 353 1148; x_wconf 89' lang='lat' dir='ltr'>pleno</span> <span class='ocrx_word' id='word_1_78' title='bbox 370 1073 438 1150; x_wconf 90' lang='lat' dir='ltr'>jure</span> <span class='ocrx_word' id='word_1_79' title='bbox 452 1073 489 1132; x_wconf 92' lang='lat' dir='ltr'>ad</span> <span class='ocrx_word' id='word_1_80' title='bbox 514 1073 723 1134; x_wconf 86' lang='lat' dir='ltr'>beneficiatum</span> <span class='ocrx_word' id='word_1_81' title='bbox 737 1081 875 1149; x_wconf 89' lang='lat' dir='ltr'>spectant</span> <span class='ocrx_word' id='word_1_82' title='bbox 889 1074 997 1133; x_wconf 89' lang='lat' dir='ltr'>eodem</span> <span class='ocrx_word' id='word_1_83' title='bbox 1010 1073 1102 1132; x_wconf 89' lang='lat' dir='ltr'>modo</span> 
     </span>
     <span class='ocr_line' id='line_1_12' title="bbox 87 1156 1102 1238; baseline 0.007 -25"><span class='ocrx_word' id='word_1_84' title='bbox 87 1171 118 1214; x_wconf 88' lang='lat' dir='ltr'>ac</span> <span class='ocrx_word' id='word_1_85' title='bbox 137 1156 158 1216; x_wconf 91' lang='lat' dir='ltr'>si</span> <span class='ocrx_word' id='word_1_86' title='bbox 173 1161 295 1236; x_wconf 88' lang='lat' dir='ltr'>propria</span> <span class='ocrx_word' id='word_1_87' title='bbox 314 1167 344 1221; x_wconf 89' lang='lat' dir='ltr'>et</span> <span class='ocrx_word' id='word_1_88' title='bbox 366 1161 582 1238; x_wconf 86' lang='lat' dir='ltr'>patrimonialia</span> <span class='ocrx_word' id='word_1_89' title='bbox 598 1163 716 1222; x_wconf 84' lang='lat' dir='ltr'>forent:</span> <span class='ocrx_word' id='word_1_90' title='bbox 732 1162 911 1222; x_wconf 86' lang='lat' dir='ltr'>heneficium</span> <span class='ocrx_word' id='word_1_91' title='bbox 933 1161 1012 1222; x_wconf 89' lang='lat' dir='ltr'>enim</span> <span class='ocrx_word' id='word_1_92' title='bbox 1034 1160 1102 1220; x_wconf 89' lang='lat' dir='ltr'>ideo</span> 
     </span>
     <span class='ocr_line' id='line_1_13' title="bbox 87 1245 1104 1326; baseline 0.005 -22"><span class='ocrx_word' id='word_1_93' title='bbox 87 1245 281 1324; x_wconf 83' lang='lat' dir='ltr'>principaliter</span> <span class='ocrx_word' id='word_1_94' title='bbox 305 1258 367 1310; x_wconf 88' lang='lat' dir='ltr'>tem</span> <span class='ocrx_word' id='word_1_95' title='bbox 387 1267 405 1309; x_wconf 91' lang='lat' dir='ltr'>a</span> <span class='ocrx_word' id='word_1_96' title='bbox 423 1251 591 1323; x_wconf 81' lang='lat' dir='ltr'>fundatore,</span> <span class='ocrx_word' id='word_1_97' title='bbox 609 1267 697 1326; x_wconf 89' lang='lat' dir='ltr'>quam</span> <span class='ocrx_word' id='word_1_98' title='bbox 717 1251 755 1310; x_wconf 86' lang='lat' dir='ltr'>ab</span> <span class='ocrx_word' id='word_1_99' title='bbox 776 1249 908 1312; x_wconf 76' lang='lat' dir='ltr'>Ecclesia</span> <span class='ocrx_word' id='word_1_100' title='bbox 926 1249 1104 1310; x_wconf 86' lang='lat' dir='ltr'>beneficiato</span> 
     </span>
     <span class='ocr_line' id='line_1_14' title="bbox 87 1332 1104 1414; baseline 0.006 -22"><span class='ocrx_word' id='word_1_101' title='bbox 87 1332 175 1411; x_wconf 90' lang='lat' dir='ltr'>datur,</span> <span class='ocrx_word' id='word_1_102' title='bbox 190 1344 223 1398; x_wconf 92' lang='lat' dir='ltr'>ut</span> <span class='ocrx_word' id='word_1_103' title='bbox 237 1339 310 1399; x_wconf 90' lang='lat' dir='ltr'>dum</span> <span class='ocrx_word' id='word_1_104' title='bbox 327 1340 417 1409; x_wconf 87' lang='lat' dir='ltr'>servit</span> <span class='ocrx_word' id='word_1_105' title='bbox 432 1337 527 1412; x_wconf 89' lang='lat' dir='ltr'>altari,</span> <span class='ocrx_word' id='word_1_106' title='bbox 543 1339 580 1398; x_wconf 93' lang='lat' dir='ltr'>de</span> <span class='ocrx_word' id='word_1_107' title='bbox 599 1339 691 1400; x_wconf 90' lang='lat' dir='ltr'>altare</span> <span class='ocrx_word' id='word_1_108' title='bbox 707 1339 787 1400; x_wconf 90' lang='lat' dir='ltr'>vivat</span> <span class='ocrx_word' id='word_1_109' title='bbox 799 1345 853 1414; x_wconf 88' lang='lat' dir='ltr'>(t).</span> <span class='ocrx_word' id='word_1_110' title='bbox 873 1343 910 1400; x_wconf 74' lang='lat'>2⁸.</span> <span class='ocrx_word' id='word_1_111' title='bbox 927 1344 1008 1400; x_wconf 87' lang='lat' dir='ltr'>Bona</span> <span class='ocrx_word' id='word_1_112' title='bbox 1021 1355 1104 1399; x_wconf 90' lang='lat' dir='ltr'>mere</span> 
     </span>
     <span class='ocr_line' id='line_1_15' title="bbox 87 1422 1103 1505; baseline 0.006 -25"><span class='ocrx_word' id='word_1_113' title='bbox 87 1422 280 1488; x_wconf 90' lang='lat' dir='ltr'>ecclesiastica</span> <span class='ocrx_word' id='word_1_114' title='bbox 301 1439 332 1488; x_wconf 90' lang='lat' dir='ltr'>et</span> <span class='ocrx_word' id='word_1_115' title='bbox 352 1427 481 1505; x_wconf 86' lang='lat' dir='ltr'>propriae</span> <span class='ocrx_word' id='word_1_116' title='bbox 496 1427 702 1488; x_wconf 86' lang='lat' dir='ltr'>sustentationi</span> <span class='ocrx_word' id='word_1_117' title='bbox 722 1429 874 1504; x_wconf 86' lang='lat' dir='ltr'>superflua</span> <span class='ocrx_word' id='word_1_118' title='bbox 889 1429 928 1488; x_wconf 86' lang='lat' dir='ltr'>ed</span> <span class='ocrx_word' id='word_1_119' title='bbox 945 1425 1103 1494; x_wconf 86' lang='lat' dir='ltr'>beneficia-</span> 
     </span>
     <span class='ocr_line' id='line_1_16' title="bbox 87 1515 1105 1598; baseline 0.004 -28"><span class='ocrx_word' id='word_1_120' title='bbox 87 1517 145 1572; x_wconf 93' lang='lat' dir='ltr'>tum</span> <span class='ocrx_word' id='word_1_121' title='bbox 163 1523 302 1591; x_wconf 89' lang='lat' dir='ltr'>spectant</span> <span class='ocrx_word' id='word_1_122' title='bbox 318 1533 388 1578; x_wconf 91' lang='lat' dir='ltr'>cum</span> <span class='ocrx_word' id='word_1_123' title='bbox 407 1534 500 1578; x_wconf 88' lang='lat' dir='ltr'>onere</span> <span class='ocrx_word' id='word_1_124' title='bbox 520 1534 556 1577; x_wconf 88' lang='lat' dir='ltr'>sa</span> <span class='ocrx_word' id='word_1_125' title='bbox 578 1517 770 1592; x_wconf 90' lang='lat' dir='ltr'>impendendi</span> <span class='ocrx_word' id='word_1_126' title='bbox 792 1517 822 1577; x_wconf 94' lang='lat' dir='ltr'>in</span> <span class='ocrx_word' id='word_1_127' title='bbox 845 1533 1004 1598; x_wconf 80' lang='lat' dir='ltr'>pauperes,</span> <span class='ocrx_word' id='word_1_128' title='bbox 1024 1522 1054 1576; x_wconf 90' lang='lat' dir='ltr'>et</span> <span class='ocrx_word' id='word_1_129' title='bbox 1074 1515 1105 1574; x_wconf 91' lang='lat' dir='ltr'>in</span> 
     </span>
     <span class='ocr_line' id='line_1_17' title="bbox 87 1603 1104 1686; baseline 0.007 -28"><span class='ocrx_word' id='word_1_130' title='bbox 87 1615 154 1660; x_wconf 87' lang='lat' dir='ltr'>usus</span> <span class='ocrx_word' id='word_1_131' title='bbox 172 1603 259 1686; x_wconf 71' lang='lat' dir='ltr'>pios,</span> <span class='ocrx_word' id='word_1_132' title='bbox 284 1619 364 1679; x_wconf 84' lang='lat' dir='ltr'>nam,</span> <span class='ocrx_word' id='word_1_133' title='bbox 386 1604 520 1665; x_wconf 90' lang='lat' dir='ltr'>detracta</span> <span class='ocrx_word' id='word_1_134' title='bbox 540 1605 666 1664; x_wconf 88' lang='lat' dir='ltr'>honesta</span> <span class='ocrx_word' id='word_1_135' title='bbox 688 1605 857 1666; x_wconf 83' lang='lat' dir='ltr'>beneficiati</span> <span class='ocrx_word' id='word_1_136' title='bbox 879 1604 1104 1678; x_wconf 84' lang='lat' dir='ltr'>sustentatione,</span> 
     </span>
     <span class='ocr_line' id='line_1_18' title="bbox 85 1693 1106 1771; baseline 0.008 -25"><span class='ocrx_word' id='word_1_137' title='bbox 85 1699 237 1753; x_wconf 86' lang='lat' dir='ltr'>remanent</span> <span class='ocrx_word' id='word_1_138' title='bbox 252 1693 358 1754; x_wconf 82' lang='lat' dir='ltr'>Christi</span> <span class='ocrx_word' id='word_1_139' title='bbox 378 1693 598 1769; x_wconf 86' lang='lat' dir='ltr'>patrimonium,</span> <span class='ocrx_word' id='word_1_140' title='bbox 614 1701 643 1754; x_wconf 91' lang='lat' dir='ltr'>et</span> <span class='ocrx_word' id='word_1_141' title='bbox 661 1711 838 1771; x_wconf 90' lang='lat' dir='ltr'>pauperum,</span> <span class='ocrx_word' id='word_1_142' title='bbox 858 1702 887 1754; x_wconf 90' lang='lat' dir='ltr'>et</span> <span class='ocrx_word' id='word_1_143' title='bbox 908 1693 949 1754; x_wconf 88' lang='lat' dir='ltr'>ita</span> <span class='ocrx_word' id='word_1_144' title='bbox 962 1693 1041 1754; x_wconf 87' lang='lat' dir='ltr'>sacri</span> <span class='ocrx_word' id='word_1_145' title='bbox 1056 1711 1106 1754; x_wconf 89' lang='lat' dir='ltr'>ca-</span> 
     </span>
     <span class='ocr_line' id='line_1_19' title="bbox 86 1783 1105 1860; baseline 0.008 -26"><span class='ocrx_word' id='word_1_146' title='bbox 86 1793 184 1854; x_wconf 89' lang='lat' dir='ltr'>nones,</span> <span class='ocrx_word' id='word_1_147' title='bbox 200 1791 231 1842; x_wconf 91' lang='lat' dir='ltr'>et</span> <span class='ocrx_word' id='word_1_148' title='bbox 252 1783 456 1844; x_wconf 80' lang='lat' dir='ltr'>institutorcun</span> <span class='ocrx_word' id='word_1_149' title='bbox 478 1785 645 1843; x_wconf 90' lang='lat' dir='ltr'>voluntates</span> <span class='ocrx_word' id='word_1_150' title='bbox 665 1783 821 1860; x_wconf 86' lang='lat' dir='ltr'>requirunt</span> <span class='ocrx_word' id='word_1_151' title='bbox 836 1789 889 1857; x_wconf 73' lang='lat' dir='ltr'>(t).</span> <span class='ocrx_word' id='word_1_152' title='bbox 906 1787 942 1842; x_wconf 90' lang='grc'>3·.</span> <span class='ocrx_word' id='word_1_153' title='bbox 959 1787 1041 1844; x_wconf 88' lang='lat' dir='ltr'>Bona</span> <span class='ocrx_word' id='word_1_154' title='bbox 1053 1783 1105 1843; x_wconf 89' lang='lat' dir='ltr'>de-</span> 
     </span>
     <span class='ocr_line' id='line_1_20' title="bbox 84 1870 1109 1950; baseline 0.004 -22"><span class='ocrx_word' id='word_1_155' title='bbox 84 1883 162 1930; x_wconf 84' lang='lat' dir='ltr'>mum</span> <span class='ocrx_word' id='word_1_156' title='bbox 176 1870 375 1947; x_wconf 84' lang='lat' dir='ltr'>industrialia,</span> <span class='ocrx_word' id='word_1_157' title='bbox 387 1879 418 1932; x_wconf 89' lang='lat' dir='ltr'>ct</span> <span class='ocrx_word' id='word_1_158' title='bbox 432 1872 654 1950; x_wconf 87' lang='lat' dir='ltr'>parcimonialia</span> <span class='ocrx_word' id='word_1_159' title='bbox 668 1873 758 1950; x_wconf 89' lang='lat' dir='ltr'>pleno</span> <span class='ocrx_word' id='word_1_160' title='bbox 768 1873 835 1948; x_wconf 89' lang='lat' dir='ltr'>jure</span> <span class='ocrx_word' id='word_1_161' title='bbox 849 1873 887 1932; x_wconf 92' lang='lat' dir='ltr'>ad</span> <span class='ocrx_word' id='word_1_162' title='bbox 901 1871 1109 1932; x_wconf 82' lang='lat' dir='ltr'>beneficiatum</span> 
     </span>
     <span class='ocr_line' id='line_1_21' title="bbox 85 1957 1108 2037; baseline 0.001 -18"><span class='ocrx_word' id='word_1_163' title='bbox 85 1957 242 2034; x_wconf 85' lang='lat' dir='ltr'>pertinent,</span> <span class='ocrx_word' id='word_1_164' title='bbox 257 1977 327 2021; x_wconf 89' lang='lat' dir='ltr'>cum</span> <span class='ocrx_word' id='word_1_165' title='bbox 337 1961 385 2020; x_wconf 91' lang='lat' dir='ltr'>illa</span> <span class='ocrx_word' id='word_1_166' title='bbox 399 1960 613 2037; x_wconf 90' lang='lat' dir='ltr'>indepedenter</span> <span class='ocrx_word' id='word_1_167' title='bbox 628 1978 645 2019; x_wconf 95' lang='lat' dir='ltr'>a</span> <span class='ocrx_word' id='word_1_168' title='bbox 658 1961 803 2022; x_wconf 79' lang='lat' dir='ltr'>beneflcio</span> <span class='ocrx_word' id='word_1_169' title='bbox 818 1960 928 2022; x_wconf 91' lang='lat' dir='ltr'>clerico</span> <span class='ocrx_word' id='word_1_170' title='bbox 943 1961 1108 2034; x_wconf 89' lang='lat' dir='ltr'>tradantur,</span> 
     </span>
     <span class='ocr_line' id='line_1_22' title="bbox 85 2047 1109 2126; baseline 0.006 -24"><span class='ocrx_word' id='word_1_171' title='bbox 85 2051 117 2103; x_wconf 86' lang='lat' dir='ltr'>ut</span> <span class='ocrx_word' id='word_1_172' title='bbox 128 2063 246 2109; x_wconf 89' lang='lat' dir='ltr'>merces</span> <span class='ocrx_word' id='word_1_173' title='bbox 264 2049 463 2126; x_wconf 71' lang='lat' dir='ltr'>laborisque</span> <span class='ocrx_word' id='word_1_174' title='bbox 482 2065 571 2109; x_wconf 91' lang='lat' dir='ltr'>nemo</span> <span class='ocrx_word' id='word_1_175' title='bbox 589 2047 752 2126; x_wconf 87' lang='lat' dir='ltr'>privandus</span> <span class='ocrx_word' id='word_1_176' title='bbox 765 2056 820 2124; x_wconf 84' lang='lat' dir='ltr'>est,</span> <span class='ocrx_word' id='word_1_177' title='bbox 837 2057 866 2110; x_wconf 91' lang='lat' dir='ltr'>ct</span> <span class='ocrx_word' id='word_1_178' title='bbox 886 2049 951 2109; x_wconf 87' lang='lat' dir='ltr'>haec</span> <span class='ocrx_word' id='word_1_179' title='bbox 964 2066 1003 2110; x_wconf 82' lang='lat' dir='ltr'>ex</span> <span class='ocrx_word' id='word_1_180' title='bbox 1022 2049 1109 2109; x_wconf 91' lang='lat' dir='ltr'>titulo</span> 
     </span>
     <span class='ocr_line' id='line_1_23' title="bbox 85 2133 1109 2214; baseline 0.004 -22"><span class='ocrx_word' id='word_1_181' title='bbox 85 2133 217 2198; x_wconf 85' lang='lat' dir='ltr'>honestae</span> <span class='ocrx_word' id='word_1_182' title='bbox 231 2138 457 2200; x_wconf 87' lang='lat' dir='ltr'>sustentationis</span> <span class='ocrx_word' id='word_1_183' title='bbox 469 2138 531 2214; x_wconf 88' lang='lat' dir='ltr'>jam</span> <span class='ocrx_word' id='word_1_184' title='bbox 547 2137 605 2198; x_wconf 90' lang='lat' dir='ltr'>sint</span> <span class='ocrx_word' id='word_1_185' title='bbox 619 2137 727 2200; x_wconf 78' lang='lat' dir='ltr'>clerico</span> <span class='ocrx_word' id='word_1_186' title='bbox 739 2138 857 2198; x_wconf 90' lang='lat' dir='ltr'>addicta</span> <span class='ocrx_word' id='word_1_187' title='bbox 871 2142 922 2212; x_wconf 84' lang='lat'>(3).</span> <span class='ocrx_word' id='word_1_188' title='bbox 938 2143 977 2198; x_wconf 70' lang='lat'>4¹.</span> <span class='ocrx_word' id='word_1_189' title='bbox 995 2135 1109 2199; x_wconf 89' lang='lat' dir='ltr'>Uteasi-</span> 
     </span>
     <span class='ocr_line' id='line_1_24' title="bbox 84 2221 1109 2303; baseline 0.002 -19"><span class='ocrx_word' id='word_1_190' title='bbox 84 2221 122 2281; x_wconf 87' lang='lat' dir='ltr'>lia</span> <span class='ocrx_word' id='word_1_191' title='bbox 134 2233 221 2288; x_wconf 85' lang='lat' dir='ltr'>sacra</span> <span class='ocrx_word' id='word_1_192' title='bbox 234 2227 494 2302; x_wconf 68' lang='lat' dir='ltr'>archiepiscorum</span> <span class='ocrx_word' id='word_1_193' title='bbox 509 2235 538 2286; x_wconf 92' lang='lat' dir='ltr'>et</span> <span class='ocrx_word' id='word_1_194' title='bbox 552 2226 765 2303; x_wconf 84' lang='lat' dir='ltr'>Episcoporum</span> <span class='ocrx_word' id='word_1_195' title='bbox 779 2234 848 2303; x_wconf 91' lang='lat' dir='ltr'>post</span> <span class='ocrx_word' id='word_1_196' title='bbox 862 2243 967 2288; x_wconf 89' lang='lat' dir='ltr'>eorum</span> <span class='ocrx_word' id='word_1_197' title='bbox 980 2237 1109 2288; x_wconf 90' lang='lat' dir='ltr'>mortem</span> 
     </span>
     <span class='ocr_line' id='line_1_25' title="bbox 83 2314 1106 2392; baseline -0.002 -16"><span class='ocrx_word' id='word_1_198' title='bbox 83 2323 219 2389; x_wconf 80' lang='lat' dir='ltr'>spectant</span> <span class='ocrx_word' id='word_1_199' title='bbox 233 2318 273 2378; x_wconf 89' lang='lat' dir='ltr'>ad</span> <span class='ocrx_word' id='word_1_200' title='bbox 285 2317 447 2377; x_wconf 85' lang='lat' dir='ltr'>Ecclesiam</span> <span class='ocrx_word' id='word_1_201' title='bbox 462 2316 726 2392; x_wconf 80' lang='lat' dir='ltr'>Metropolitanum,</span> <span class='ocrx_word' id='word_1_202' title='bbox 741 2318 790 2376; x_wconf 89' lang='lat' dir='ltr'>vel</span> <span class='ocrx_word' id='word_1_203' title='bbox 806 2317 1026 2388; x_wconf 81' lang='lat' dir='ltr'>cathedralem3</span> <span class='ocrx_word' id='word_1_204' title='bbox 1042 2322 1072 2374; x_wconf 90' lang='lat' dir='ltr'>et</span> <span class='ocrx_word' id='word_1_205' title='bbox 1081 2314 1106 2374; x_wconf 90' lang='lat' dir='ltr'>si</span> 
     </span>
     <span class='ocr_line' id='line_1_26' title="bbox 84 2403 1107 2480; baseline 0.002 -21"><span class='ocrx_word' id='word_1_206' title='bbox 84 2405 225 2466; x_wconf 87' lang='lat' dir='ltr'>Praelatus</span> <span class='ocrx_word' id='word_1_207' title='bbox 239 2406 316 2465; x_wconf 91' lang='lat' dir='ltr'>duas</span> <span class='ocrx_word' id='word_1_208' title='bbox 330 2406 509 2480; x_wconf 87' lang='lat' dir='ltr'>successive,</span> <span class='ocrx_word' id='word_1_209' title='bbox 525 2407 573 2465; x_wconf 91' lang='lat' dir='ltr'>vel</span> <span class='ocrx_word' id='word_1_210' title='bbox 583 2405 670 2465; x_wconf 90' lang='lat' dir='ltr'>simul</span> <span class='ocrx_word' id='word_1_211' title='bbox 683 2405 781 2464; x_wconf 90' lang='lat' dir='ltr'>unitas</span> <span class='ocrx_word' id='word_1_212' title='bbox 794 2405 930 2465; x_wconf 86' lang='lat' dir='ltr'>habuerit</span> <span class='ocrx_word' id='word_1_213' title='bbox 945 2403 1107 2476; x_wconf 80' lang='lat' dir='ltr'>Ecclesiae,</span> 
     </span>
     <span class='ocr_line' id='line_1_27' title="bbox 82 2491 1108 2570; baseline 0.002 -20"><span class='ocrx_word' id='word_1_214' title='bbox 82 2493 348 2570; x_wconf 86' lang='lat' dir='ltr'>proportionaliter</span> <span class='ocrx_word' id='word_1_215' title='bbox 361 2493 518 2554; x_wconf 88' lang='lat' dir='ltr'>dividenda</span> <span class='ocrx_word' id='word_1_216' title='bbox 533 2505 602 2554; x_wconf 91' lang='lat' dir='ltr'>sunt</span> <span class='ocrx_word' id='word_1_217' title='bbox 615 2494 692 2554; x_wconf 90' lang='lat' dir='ltr'>inter</span> <span class='ocrx_word' id='word_1_218' title='bbox 702 2511 763 2568; x_wconf 81' lang='lat' dir='ltr'>eae,</span> <span class='ocrx_word' id='word_1_219' title='bbox 776 2493 833 2554; x_wconf 92' lang='lat' dir='ltr'>nisi</span> <span class='ocrx_word' id='word_1_220' title='bbox 841 2500 957 2554; x_wconf 91' lang='lat' dir='ltr'>constet</span> <span class='ocrx_word' id='word_1_221' title='bbox 967 2509 1007 2552; x_wconf 84' lang='lat' dir='ltr'>ex</span> <span class='ocrx_word' id='word_1_222' title='bbox 1017 2491 1108 2552; x_wconf 89' lang='lat' dir='ltr'>bonis</span> 
     </span>
     <span class='ocr_line' id='line_1_28' title="bbox 83 2580 1104 2656; baseline 0.002 -18"><span class='ocrx_word' id='word_1_223' title='bbox 83 2582 213 2656; x_wconf 90' lang='lat' dir='ltr'>propriis</span> <span class='ocrx_word' id='word_1_224' title='bbox 231 2581 359 2654; x_wconf 88' lang='lat' dir='ltr'>Praelati,</span> <span class='ocrx_word' id='word_1_225' title='bbox 374 2583 423 2641; x_wconf 91' lang='lat' dir='ltr'>vel</span> <span class='ocrx_word' id='word_1_226' title='bbox 444 2601 483 2642; x_wconf 88' lang='lat' dir='ltr'>ex</span> <span class='ocrx_word' id='word_1_227' title='bbox 506 2582 593 2642; x_wconf 90' lang='lat' dir='ltr'>bonis</span> <span class='ocrx_word' id='word_1_228' title='bbox 615 2583 704 2642; x_wconf 90' lang='lat' dir='ltr'>unius</span> <span class='ocrx_word' id='word_1_229' title='bbox 718 2590 833 2642; x_wconf 89' lang='lat' dir='ltr'>tantum</span> <span class='ocrx_word' id='word_1_230' title='bbox 852 2581 992 2641; x_wconf 83' lang='lat' dir='ltr'>Ecclesiae</span> <span class='ocrx_word' id='word_1_231' title='bbox 1013 2580 1104 2640; x_wconf 90' lang='lat' dir='ltr'>luisse</span> 
     </span>
     <span class='ocr_line' id='line_1_29' title="bbox 83 2670 1107 2747; baseline 0.002 -21"><span class='ocrx_word' id='word_1_232' title='bbox 83 2679 259 2746; x_wconf 87' lang='lat' dir='ltr'>comparata</span> <span class='ocrx_word' id='word_1_233' title='bbox 271 2674 326 2744; x_wconf 81' lang='lat' dir='ltr'>(l):</span> <span class='ocrx_word' id='word_1_234' title='bbox 342 2671 373 2729; x_wconf 90' lang='lat' dir='ltr'>iu</span> <span class='ocrx_word' id='word_1_235' title='bbox 397 2671 487 2730; x_wconf 84' lang='lat' dir='ltr'>dubio</span> <span class='ocrx_word' id='word_1_236' title='bbox 509 2679 673 2744; x_wconf 75' lang='lat' dir='ltr'>antemon</span> <span class='ocrx_word' id='word_1_237' title='bbox 695 2672 760 2731; x_wconf 87' lang='lat' dir='ltr'>haec</span> <span class='ocrx_word' id='word_1_238' title='bbox 776 2671 885 2730; x_wconf 88' lang='lat' dir='ltr'>luerint</span> <span class='ocrx_word' id='word_1_239' title='bbox 904 2670 1048 2747; x_wconf 85' lang='lat' dir='ltr'>acquisita</span> <span class='ocrx_word' id='word_1_240' title='bbox 1067 2685 1107 2729; x_wconf 79' lang='lat' dir='ltr'>ex</span> 
     </span>
     <span class='ocr_line' id='line_1_30' title="bbox 83 2755 1108 2836; baseline 0.004 -22"><span class='ocrx_word' id='word_1_241' title='bbox 83 2755 169 2818; x_wconf 88' lang='lat' dir='ltr'>bonis</span> <span class='ocrx_word' id='word_1_242' title='bbox 187 2758 462 2836; x_wconf 75' lang='lat' dir='ltr'>propriisrraetatt,</span> <span class='ocrx_word' id='word_1_243' title='bbox 478 2761 524 2820; x_wconf 92' lang='lat' dir='ltr'>vel</span> <span class='ocrx_word' id='word_1_244' title='bbox 543 2777 582 2818; x_wconf 82' lang='lat' dir='ltr'>ex</span> <span class='ocrx_word' id='word_1_245' title='bbox 596 2756 683 2820; x_wconf 90' lang='lat' dir='ltr'>bouis</span> <span class='ocrx_word' id='word_1_246' title='bbox 696 2759 914 2834; x_wconf 86' lang='lat' dir='ltr'>ecclesiasticis,</span> <span class='ocrx_word' id='word_1_247' title='bbox 932 2775 971 2820; x_wconf 82' lang='lat' dir='ltr'>ex</span> <span class='ocrx_word' id='word_1_248' title='bbox 993 2757 1039 2818; x_wconf 89' lang='lat' dir='ltr'>his</span> <span class='ocrx_word' id='word_1_249' title='bbox 1053 2758 1108 2818; x_wconf 92' lang='lat' dir='ltr'>ho-</span> 
     </span>
    </p>
   </div>
   <div class='ocr_carea' id='block_1_3' title="bbox 82 2841 619 2925">
    <p class='ocr_par' dir='ltr' id='par_1_4' title="bbox 82 2841 619 2925">
     <span class='ocr_line' id='line_1_31' title="bbox 82 2841 619 2925; baseline 0.007 -21"><span class='ocrx_word' id='word_1_250' title='bbox 82 2845 128 2906; x_wconf 88' lang='lat' dir='ltr'>nis</span> <span class='ocrx_word' id='word_1_251' title='bbox 142 2855 322 2925; x_wconf 86' lang='lat' dir='ltr'>comparata</span> <span class='ocrx_word' id='word_1_252' title='bbox 335 2841 578 2925; x_wconf 62' lang='lat' dir='ltr'>presumuntur(</span> <span class='ocrx_word' id='word_1_253' title='bbox 598 2854 619 2924; x_wconf 85' lang='lat'>).</span> 
     </span>
    </p>
   </div>
   <div class='ocr_carea' id='block_1_4' title="bbox 82 2979 1115 3620">
    <p class='ocr_par' dir='ltr' id='par_1_5' title="bbox 82 2979 1115 3620">
     <span class='ocr_line' id='line_1_32' title="bbox 111 2979 1111 3050; baseline 0.003 -19"><span class='ocrx_word' id='word_1_254' title='bbox 111 2982 144 3044; x_wconf 83' lang='lat' dir='ltr'>(lt</span> <span class='ocrx_word' id='word_1_255' title='bbox 161 2985 229 3048; x_wconf 86' lang='lat' dir='ltr'>Gap.</span> <span class='ocrx_word' id='word_1_256' title='bbox 248 2983 544 3050; x_wconf 56' lang='lat' dir='ltr'>lammasabactani</span> <span class='ocrx_word' id='word_1_257' title='bbox 567 2984 740 3034; x_wconf 83' lang='lat' dir='ltr'>Innocentius</span> <span class='ocrx_word' id='word_1_258' title='bbox 765 2983 807 3034; x_wconf 88' lang='lat' dir='ltr'>Ill</span> <span class='ocrx_word' id='word_1_259' title='bbox 828 2983 947 3043; x_wconf 86' lang='lat' dir='ltr'>mandat,</span> <span class='ocrx_word' id='word_1_260' title='bbox 963 2986 994 3038; x_wconf 86' lang='lat' dir='ltr'>ut</span> <span class='ocrx_word' id='word_1_261' title='bbox 1016 2979 1111 3037; x_wconf 78' lang='lat' dir='ltr'>alerici</span> 
     </span>
     <span class='ocr_line' id='line_1_33' title="bbox 82 3051 1109 3120; baseline 0.002 -14"><span class='ocrx_word' id='word_1_262' title='bbox 82 3051 172 3106; x_wconf 68' lang='lat' dir='ltr'>maere</span> <span class='ocrx_word' id='word_1_263' title='bbox 185 3054 301 3107; x_wconf 82' lang='lat' dir='ltr'>debeant</span> <span class='ocrx_word' id='word_1_264' title='bbox 317 3054 349 3106; x_wconf 86' lang='lat' dir='ltr'>de</span> <span class='ocrx_word' id='word_1_265' title='bbox 362 3053 610 3108; x_wconf 74' lang='lat' dir='ltr'>matrimonialem</span> <span class='ocrx_word' id='word_1_266' title='bbox 624 3051 735 3112; x_wconf 80' lang='lat' dir='ltr'>Christi.</span> <span class='ocrx_word' id='word_1_267' title='bbox 750 3055 826 3120; x_wconf 81' lang='lat' dir='ltr'>cujac</span> <span class='ocrx_word' id='word_1_268' title='bbox 841 3054 962 3120; x_wconf 81' lang='lat' dir='ltr'>obsequio</span> <span class='ocrx_word' id='word_1_269' title='bbox 977 3055 1109 3120; x_wconf 82' lang='lat' dir='ltr'>deputan-</span> 
     </span>
     <span class='ocr_line' id='line_1_34' title="bbox 84 3124 1112 3192; baseline -0.001 -16"><span class='ocrx_word' id='word_1_270' title='bbox 84 3125 158 3176; x_wconf 84' lang='lat' dir='ltr'>tur...</span> <span class='ocrx_word' id='word_1_271' title='bbox 176 3125 295 3192; x_wconf 71' lang='lat' dir='ltr'>dionem</span> <span class='ocrx_word' id='word_1_272' title='bbox 308 3129 354 3185; x_wconf 82' lang='lat' dir='ltr'>cst,</span> <span class='ocrx_word' id='word_1_273' title='bbox 369 3130 399 3180; x_wconf 84' lang='lat' dir='ltr'>ct</span> <span class='ocrx_word' id='word_1_274' title='bbox 412 3126 522 3178; x_wconf 81' lang='lat' dir='ltr'>ecclesia</span> <span class='ocrx_word' id='word_1_275' title='bbox 541 3125 689 3189; x_wconf 78' lang='lat' dir='ltr'>stipendiis,</span> <span class='ocrx_word' id='word_1_276' title='bbox 702 3125 732 3176; x_wconf 83' lang='lat' dir='ltr'>tn</span> <span class='ocrx_word' id='word_1_277' title='bbox 746 3138 811 3190; x_wconf 79' lang='lat' dir='ltr'>prta,</span> <span class='ocrx_word' id='word_1_278' title='bbox 827 3127 852 3179; x_wconf 89' lang='lat' dir='ltr'>et</span> <span class='ocrx_word' id='word_1_279' title='bbox 876 3139 924 3191; x_wconf 82' lang='lat' dir='ltr'>per</span> <span class='ocrx_word' id='word_1_280' title='bbox 944 3140 1027 3192; x_wconf 80' lang='lat' dir='ltr'>quam</span> <span class='ocrx_word' id='word_1_281' title='bbox 1043 3124 1112 3176; x_wconf 79' lang='lat' dir='ltr'>dioi-</span> 
     </span>
     <span class='ocr_line' id='line_1_35' title="bbox 84 3195 1113 3264; baseline 0.001 -20"><span class='ocrx_word' id='word_1_282' title='bbox 84 3195 126 3246; x_wconf 80' lang='lat' dir='ltr'>ais</span> <span class='ocrx_word' id='word_1_283' title='bbox 141 3196 277 3262; x_wconf 79' lang='lat' dir='ltr'>obsequiis</span> <span class='ocrx_word' id='word_1_284' title='bbox 287 3196 487 3249; x_wconf 77' lang='lat' dir='ltr'>adscribuntur.</span> <span class='ocrx_word' id='word_1_285' title='bbox 501 3197 648 3264; x_wconf 88' lang='lat' dir='ltr'>Propterea</span> <span class='ocrx_word' id='word_1_286' title='bbox 659 3197 728 3248; x_wconf 89' lang='lat' dir='ltr'>sacri</span> <span class='ocrx_word' id='word_1_287' title='bbox 739 3210 854 3248; x_wconf 88' lang='lat' dir='ltr'>canones</span> <span class='ocrx_word' id='word_1_288' title='bbox 870 3197 1017 3260; x_wconf 86' lang='lat' dir='ltr'>declarant,</span> <span class='ocrx_word' id='word_1_289' title='bbox 1028 3197 1113 3246; x_wconf 88' lang='lat' dir='ltr'>hene·</span> 
     </span>
     <span class='ocr_line' id='line_1_36' title="bbox 83 3264 1115 3332; baseline -0.001 -16"><span class='ocrx_word' id='word_1_290' title='bbox 83 3264 187 3320; x_wconf 82' lang='lat' dir='ltr'>ficiatos</span> <span class='ocrx_word' id='word_1_291' title='bbox 202 3279 270 3320; x_wconf 91' lang='lat' dir='ltr'>suos</span> <span class='ocrx_word' id='word_1_292' title='bbox 284 3267 373 3320; x_wconf 83' lang='lat' dir='ltr'>tacere</span> <span class='ocrx_word' id='word_1_293' title='bbox 387 3268 577 3320; x_wconf 84' lang='lat' dir='ltr'>beneficiorum</span> <span class='ocrx_word' id='word_1_294' title='bbox 587 3269 701 3328; x_wconf 87' lang='lat' dir='ltr'>tructus,</span> <span class='ocrx_word' id='word_1_295' title='bbox 714 3268 824 3332; x_wconf 86' lang='lat' dir='ltr'>quibus,</span> <span class='ocrx_word' id='word_1_296' title='bbox 837 3269 860 3319; x_wconf 88' lang='lat' dir='ltr'>si</span> <span class='ocrx_word' id='word_1_297' title='bbox 874 3283 927 3320; x_wconf 91' lang='lat' dir='ltr'>non</span> <span class='ocrx_word' id='word_1_298' title='bbox 944 3266 1115 3330; x_wconf 85' lang='lat' dir='ltr'>adimpleant</span> 
     </span>
     <span class='ocr_line' id='line_1_37' title="bbox 83 3335 1110 3405; baseline 0.001 -19"><span class='ocrx_word' id='word_1_299' title='bbox 83 3336 284 3391; x_wconf 85' lang='lat' dir='ltr'>beneficiorum</span> <span class='ocrx_word' id='word_1_300' title='bbox 297 3353 388 3404; x_wconf 86' lang='lat' dir='ltr'>onera,</span> <span class='ocrx_word' id='word_1_301' title='bbox 403 3340 527 3405; x_wconf 87' lang='lat' dir='ltr'>privandi</span> <span class='ocrx_word' id='word_1_302' title='bbox 547 3346 618 3402; x_wconf 88' lang='lat' dir='ltr'>sunt,</span> <span class='ocrx_word' id='word_1_303' title='bbox 634 3343 661 3390; x_wconf 91' lang='lat' dir='ltr'>et</span> <span class='ocrx_word' id='word_1_304' title='bbox 672 3340 833 3403; x_wconf 62' lang='lat' dir='ltr'>privantur,</span> <span class='ocrx_word' id='word_1_305' title='bbox 858 3343 887 3390; x_wconf 88' lang='lat' dir='ltr'>at</span> <span class='ocrx_word' id='word_1_306' title='bbox 908 3339 967 3390; x_wconf 81' lang='lat' dir='ltr'>haeo</span> <span class='ocrx_word' id='word_1_307' title='bbox 992 3335 1110 3402; x_wconf 86' lang='lat' dir='ltr'>privatio</span> 
     </span>
     <span class='ocr_line' id='line_1_38' title="bbox 85 3408 1111 3477; baseline 0.002 -19"><span class='ocrx_word' id='word_1_308' title='bbox 85 3412 228 3477; x_wconf 88' lang='lat' dir='ltr'>supponit,</span> <span class='ocrx_word' id='word_1_309' title='bbox 244 3411 348 3463; x_wconf 83' lang='lat' dir='ltr'>tructus</span> <span class='ocrx_word' id='word_1_310' title='bbox 361 3411 456 3463; x_wconf 89' lang='lat' dir='ltr'>saltem</span> <span class='ocrx_word' id='word_1_311' title='bbox 470 3411 558 3476; x_wconf 87' lang='lat' dir='ltr'>quoad</span> <span class='ocrx_word' id='word_1_312' title='bbox 573 3411 713 3463; x_wconf 87' lang='lat' dir='ltr'>honestam</span> <span class='ocrx_word' id='word_1_313' title='bbox 730 3411 956 3471; x_wconf 30' lang='lat' dir='ltr'>,sustentationem</span> <span class='ocrx_word' id='word_1_314' title='bbox 971 3409 1005 3461; x_wconf 91' lang='lat' dir='ltr'>ad</span> <span class='ocrx_word' id='word_1_315' title='bbox 1025 3408 1111 3460; x_wconf 88' lang='lat' dir='ltr'>bens·</span> 
     </span>
     <span class='ocr_line' id='line_1_39' title="bbox 84 3479 1111 3547; baseline 0.001 -17"><span class='ocrx_word' id='word_1_316' title='bbox 84 3480 193 3535; x_wconf 81' lang='lat' dir='ltr'>delatos</span> <span class='ocrx_word' id='word_1_317' title='bbox 211 3482 359 3547; x_wconf 88' lang='lat' dir='ltr'>pertinere.</span> <span class='ocrx_word' id='word_1_318' title='bbox 384 3482 457 3534; x_wconf 88' lang='lat' dir='ltr'>Trid.</span> <span class='ocrx_word' id='word_1_319' title='bbox 475 3495 542 3535; x_wconf 88' lang='lat' dir='ltr'>sess.</span> <span class='ocrx_word' id='word_1_320' title='bbox 559 3483 599 3546; x_wconf 72' lang='lat'>23,</span> <span class='ocrx_word' id='word_1_321' title='bbox 615 3495 636 3533; x_wconf 89' lang='lat' dir='ltr'>c.</span> <span class='ocrx_word' id='word_1_322' title='bbox 654 3481 676 3545; x_wconf 90' lang='lat' dir='ltr'>l,</span> <span class='ocrx_word' id='word_1_323' title='bbox 690 3485 716 3534; x_wconf 89' lang='lat' dir='ltr'>et</span> <span class='ocrx_word' id='word_1_324' title='bbox 731 3495 798 3534; x_wconf 89' lang='lat' dir='ltr'>sess.</span> <span class='ocrx_word' id='word_1_325' title='bbox 813 3481 852 3536; x_wconf 78' lang='lat' dir='ltr'>at.</span> <span class='ocrx_word' id='word_1_326' title='bbox 871 3495 894 3531; x_wconf 86' lang='lat' dir='ltr'>a.</span> <span class='ocrx_word' id='word_1_327' title='bbox 911 3481 948 3544; x_wconf 80' lang='lat' dir='ltr'>tr,</span> <span class='ocrx_word' id='word_1_328' title='bbox 967 3480 1000 3532; x_wconf 89' lang='lat' dir='ltr'>de</span> <span class='ocrx_word' id='word_1_329' title='bbox 1015 3479 1065 3532; x_wconf 84' lang='lat' dir='ltr'>rel.</span> <span class='ocrx_word' id='word_1_330' title='bbox 1079 3505 1111 3518; x_wconf 93' lang='lat'>-</span> 
     </span>
     <span class='ocr_line' id='line_1_40' title="bbox 86 3551 1114 3620; baseline 0.002 -18"><span class='ocrx_word' id='word_1_331' title='bbox 86 3552 121 3618; x_wconf 78' lang='lat' dir='ltr'>(t)</span> <span class='ocrx_word' id='word_1_332' title='bbox 142 3555 252 3608; x_wconf 87' lang='lat' dir='ltr'>Omnes</span> <span class='ocrx_word' id='word_1_333' title='bbox 267 3554 405 3620; x_wconf 73' lang='lat' dir='ltr'>Tlteologi,</span> <span class='ocrx_word' id='word_1_334' title='bbox 418 3558 446 3606; x_wconf 89' lang='lat' dir='ltr'>et</span> <span class='ocrx_word' id='word_1_335' title='bbox 467 3554 613 3609; x_wconf 83' lang='lat' dir='ltr'>canonistas</span> <span class='ocrx_word' id='word_1_336' title='bbox 627 3553 732 3619; x_wconf 86' lang='lat' dir='ltr'>docent,</span> <span class='ocrx_word' id='word_1_337' title='bbox 745 3553 918 3607; x_wconf 77' lang='lat' dir='ltr'>beneficiatos</span> <span class='ocrx_word' id='word_1_338' title='bbox 941 3551 992 3604; x_wconf 87' lang='lat' dir='ltr'>sub</span> <span class='ocrx_word' id='word_1_339' title='bbox 1009 3551 1114 3616; x_wconf 78' lang='lat' dir='ltr'>gravis-</span> 
     </span>
    </p>
   </div>
   <div class='ocr_carea' id='block_1_5' title="bbox 0 0 1266 4080">
    <p class='ocr_par' dir='ltr' id='par_1_6' title="bbox 0 0 1266 4080">
     <span class='ocr_line' id='line_1_41' title="bbox 0 0 1266 4080; baseline 0 0"><span class='ocrx_word' id='word_1_340' title='bbox 0 0 1266 4080; x_wconf 95' lang='lat' dir='ltr'> </span> 
     </span>
    </p>
   </div>
  </div>
 </body>
</html>
