2426 4070
585 199 728 256 ...98-

160 323 302 384 sdhibere
326 321 358 381 iu
376 321 515 398 puellam,
530 321 579 380 vel
593 321 624 381 in
645 321 709 397 ejus
722 325 871 396 parentes,
890 321 998 396 quibus
1018 321 1209 398 subjicitur.

160 413 217 472 Sed
231 417 370 472 neutrum
384 410 498 469 admitti
512 416 629 486 potest:
644 427 712 470 nom
724 408 911 468 matrimonia
922 409 1202 471 filiorum-iamilias

159 500 273 577 absque
293 515 442 559 consensu
462 507 630 574 parentum,
646 498 825 558 suntvolida
840 505 977 574 utsupra
995 498 1147 571 vidimus;
1166 506 1203 559 et

158 587 299 650 violentia
312 588 481 648 adhibitsin
495 590 624 663 puellam
634 595 737 648 causat
750 587 780 646 in
794 605 830 647 es
844 587 994 648 delectum
1007 605 1199 662 consensus,

159 677 240 754 quod
263 693 324 737 non
347 676 438 737 elficit
457 677 595 737 violentis
617 677 648 736 in
675 683 814 754 parentes
830 696 837 736 ε
853 682 883 735 et
902 675 990 750 siout,
1006 675 1030 735 si
1045 682 1201 752 parentes

159 765 372 838 consentirent,
388 774 417 825 et
432 767 530 842 puelle
550 773 630 826 esset
653 765 753 837 invito,
777 763 998 824 matrimonium
1020 771 1103 825 esset
1123 766 1199 824 nul-

158 852 231 929 lum,
258 854 299 916 its
319 861 367 915 est
383 853 525 932 validum,
550 855 576 916 si
591 855 691 932 puella
712 853 751 914 sit
770 853 972 930 consentiens,
996 859 1026 913 et
1045 860 1199 930 parentes

158 941 242 1004 inviti
254 944 307 1016 (l).

190 1104 224 1169 lit
240 1103 319 1158 cord.
334 1103 425 1172 Soglio
438 1105 505 1158 Inst.
516 1105 572 1172 jur.
588 1104 659 1172 priv.
676 1103 689 1174 fl
704 1105 757 1158 192.

193 1283 255 1344 39t.
280 1282 407 1355 Quaestio
427 1281 504 1342 inter
523 1285 667 1342 Doctores
687 1281 795 1358 egitur,
813 1297 852 1341 sn
865 1281 925 1340 hoc
938 1278 1196 1357 impedimentum

157 1371 364 1445 contrahatur,
384 1371 505 1447 quando
524 1371 648 1430 foemina
665 1370 744 1446 repit
758 1370 865 1442 virum,
880 1375 914 1429 ut
928 1369 955 1429 ei
969 1369 1081 1430 nubat?
1100 1370 1194 1430 Aliir-

126 1449 129 1458 ’
156 1459 267 1534 mstivp
281 1460 428 1520 sententis
455 1459 551 1535 magis
569 1459 710 1534 aeqoitau,
726 1465 756 1518 et
775 1457 912 1534 negativa
928 1457 1025 1534 magis
1036 1456 1096 1534 juri
1111 1475 1193 1517 con-

155 1547 261 1608 formis
275 1565 342 1608 esse
363 1549 490 1609 videtur.
514 1549 657 1609 Convenit
678 1549 774 1624 magis
784 1548 843 1625 juri
858 1549 996 1624 negativo
1012 1567 1019 1606 :
1036 1563 1107 1608 nem
1121 1553 1192 1608 tum

156 1637 187 1696 in
204 1636 449 1714 dispositionibus
468 1637 544 1713 juris
560 1637 655 1697 civilis
676 1643 878 1698 Romanorum
897 1641 949 1710 (l),
964 1643 1028 1696 tum
1041 1636 1071 1696 in
1086 1636 1191 1697 citatis

155 1724 233 1786 luris
248 1725 386 1785 cononici
400 1726 515 1802 legibus
532 1727 644 1786 mentio
659 1734 774 1787 tuntum
788 1727 821 1786 iit
831 1726 887 1786 viri
900 1725 1053 1786 foeminam
1067 1725 1124 1784 sibi
1138 1726 1189 1786 fu-

155 1814 249 1874 rentis
262 1815 293 1874 in
307 1831 435 1875 uxorem
449 1833 457 1888 3
471 1817 533 1892 jem
548 1832 620 1875 vero
634 1832 703 1875 oum
713 1816 744 1875 in
758 1815 938 1892 poenalibus,
953 1821 983 1874 et
995 1813 1108 1874 odiosis
1121 1831 1192 1874 ver·

155 1902 227 1962 bum
240 1903 395 1964 masculini
409 1904 527 1980 generis
544 1904 697 1964 foeminam
712 1904 901 1964 condicatur
916 1902 1186 1979 comprehendere,

155 2005 243 2060 casus
257 1991 470 2068 propositionis
491 1993 661 2054 rarissimus
678 2001 763 2054 extra
787 1994 869 2069 leges
888 1991 1087 2064 constituitur,
1115 2007 1188 2068 quae

154 2096 217 2140 non
230 2081 268 2140 ad
279 2098 315 2141 ea
327 2082 507 2156 reieumtur,
519 2099 586 2159 quae
600 2099 684 2155 raro;
699 2081 754 2142 sed
767 2083 805 2142 sd
818 2099 855 2142 ee
872 2081 950 2155 sola,
966 2097 1033 2157 quae
1046 2081 1188 2156 frequen-

155 2175 202 2229 ter
215 2169 364 2230 accidunt.
382 2172 524 2231 Convenit
537 2172 632 2247 magis
642 2171 773 2248 aequitati
786 2171 957 2245 affimativa,
971 2169 1041 2246 quie
1052 2169 1083 2228 in
1098 2175 1188 2230 utro-

156 2275 215 2334 que
238 2275 320 2333 cosu,
349 2275 419 2320 eum
445 2260 551 2320 eadem
570 2260 714 2320 habeatur
737 2258 824 2333 ratio,
839 2261 945 2320 eadem
972 2273 1091 2334 quoque
1113 2275 1186 2320 esse

155 2347 244 2407 debet
254 2346 330 2424 juris
344 2349 508 2425 dispositio,
523 2355 557 2409 ut
574 2349 600 2408 si
622 2349 744 2408 foemina
769 2355 940 2425 praepotens
959 2347 1185 2410 adolescentem

154 2437 261 2514 rapiet,
282 2444 316 2498 ut
342 2437 369 2497 ei
400 2438 501 2499 nubat.
525 2444 608 2498 Hanc
632 2437 804 2514 opinionem
829 2438 931 2514 plures
954 2441 1024 2514 post
1048 2435 1184 2498 Glossam

154 2525 251 2586 secuti
264 2533 334 2587 sunt
343 2525 486 2587 Doctores
500 2531 551 2600 (2).

185 2689 222 2756 (i)
231 2691 260 2743 L.
274 2690 348 2743 unic.
359 2689 417 2744 cod.
433 2689 467 2742 de
481 2691 551 2756 rapt.
565 2689 634 2756 virg.
654 2715 685 2727 -
696 2688 733 2755 (t)
746 2687 834 2742 Gloss.
848 2687 877 2742 iu
887 2687 931 2740 cit.
947 2687 997 2741 loc.
1011 2687 1069 2742 cod.
