2560 4080
617 165 778 222 „504-

173 275 238 338 lilio,
253 289 347 328 senus
361 291 423 330 cum
436 276 551 339 dornino,
564 291 633 328 uxor
646 291 708 328 cum
721 277 825 334 marito,
840 277 959 342 pupillus
973 292 1032 329 curn
1050 281 1127 328 tutore
1139 277 1169 328 ob

174 349 361 409 reverentiam,
374 361 455 414 quarn
470 347 572 399 debent
583 361 700 406 serrare,
719 349 799 398 immo
813 361 864 399 nec
876 349 987 400 timidus
999 364 1058 400 cum
1072 354 1172 416 potente,
1265 355 1266 364 ¹

173 431 208 470 ns
220 418 267 470 llls
287 419 463 482 ignominiose
486 418 661 484 opprimatur.
688 446 719 456 -
736 419 767 480 (3)
794 419 864 470 Sunt
884 425 974 470 tamen
990 419 1120 478 Doctores,
1137 418 1176 484 qui

172 488 242 540 hanc
253 489 492 542 conmutationem
506 489 643 557 appellant
656 489 840 542 necessariam
856 491 883 542 in
899 491 1060 556 quibusdem
1078 490 1178 548 casibus,
1265 497 1266 568 p

171 564 203 612 ut
214 560 238 612 si
251 563 334 614 testes
350 561 406 612 aint
424 561 476 614 sibi
495 561 597 614 directe
618 562 745 614 contrarii
760 561 833 614 circa
853 563 962 620 iactum,
976 562 1019 614 vei
1034 575 1180 628 personatur
1265 599 1266 620 ,

171 639 199 685 et
212 632 236 684 ei
250 645 313 684 reue
327 633 408 686 aliter
423 633 580 699 recognosci
595 647 650 687 non
663 633 760 699 possit.
777 633 948 700 Pellegrinus
960 633 1010 686 loc.
1025 635 1068 685 cit.
1081 648 1106 685 n.
1120 633 1155 684 ll.
1170 647 1172 652 ·
1265 623 1266 704 l

206 829 271 886 897.
288 828 442 904 completo
456 826 633 901 constituto,
653 827 729 887 inter
740 829 847 888 liscum
861 833 891 887 et
903 843 989 888 reum
1005 826 1185 888 commissum

169 915 283 976 crimen
298 923 467 993 negantem,
481 917 515 976 fit
532 915 591 977 litia
602 917 792 991 contestatio,
804 934 844 977 ex
853 935 912 995 qua
923 916 1182 993 incipitprocessus

168 1005 326 1080 offensione
341 1013 371 1066 et
390 1007 564 1082 defensivus.
586 1005 684 1066 Primo
698 1005 866 1082 publicatur
884 1022 1045 1081 processus
1059 1004 1178 1066 anterior

168 1111 225 1170 pro
239 1095 446 1156 informatione
458 1095 552 1156 curiae
565 1111 619 1172 per
640 1094 809 1170 appositum
820 1093 930 1171 judicis
945 1095 1109 1166 decretum,
1130 1110 1183 1170 quo
1265 1137 1266 1158 2

167 1185 343 1258 regulariter
358 1183 532 1245 conceditur
542 1201 596 1245 reo
608 1184 694 1260 copia
707 1191 853 1258 actorum,
861 1191 892 1244 et
904 1184 1074 1260 assignatur
1084 1184 1184 1244 illiter-

167 1270 276 1347 minua,
302 1273 380 1333 intra
407 1290 497 1350 quem
516 1273 623 1334 debeat
644 1289 714 1333 suas
742 1272 931 1334 defensiones
949 1289 1119 1350 proponere
1139 1277 1183 1344 (i).
1254 1343 1257 1352 ι

168 1360 269 1421 Fiscus
290 1379 344 1422 sua
361 1362 503 1439 proponit
524 1362 752 1424 accusationum
770 1361 907 1438 capitula,
929 1369 960 1422 et
975 1380 1047 1424 reus
1061 1379 1128 1424 suas
1139 1360 1187 1422 de·

166 1449 325 1511 tensiones.
343 1450 396 1511 llic
410 1458 508 1527 potest
523 1457 634 1528 petere,
658 1457 691 1510 ut
708 1450 817 1512 iterum
831 1452 1015 1525 solemniter,
1031 1459 1063 1512 et
1070 1450 1186 1529 judicio-

166 1537 233 1599 liter
248 1539 458 1600 examinentur
469 1546 562 1601 testes
575 1540 658 1616 prius
677 1556 733 1615 pro
747 1539 840 1600 Guriae
856 1539 1069 1601 inlormatione
1083 1537 1187 1600 exami-

167 1626 255 1686 nati:
278 1643 347 1687 nam
361 1645 431 1688 oum
451 1627 561 1687 fiterint
582 1626 754 1700 examinati,
780 1628 845 1703 ipso
863 1628 987 1688 absente
1010 1645 1065 1688 reo
1087 1634 1117 1688 et
1132 1641 1185 1685 non
1265 1699 1266 1704 ἵ

167 1715 267 1789 citato,
282 1717 313 1777 in
331 1715 442 1794 judicio
460 1715 578 1776 fonnali
599 1717 689 1777 fldem
706 1733 767 1776 non
787 1716 899 1776 faciunt
921 1721 973 1791 (t),
999 1718 1058 1778 nisi
1079 1717 1109 1776 in
1133 1716 1186 1775 line
1265 1721 1266 1800 .

166 1805 320 1864 constituti
345 1805 515 1881 repetitioni
533 1805 655 1866 testium
680 1821 750 1866 reus
776 1805 1014 1880 renunciaverit,
1047 1805 1126 1883 quod
1152 1821 1186 1863 err
1265 1839 1266 1850 .

166 1893 253 1970 praxi
270 1894 309 1954 ad
324 1893 476 1974 euitandas
493 1909 642 1970 expensas
667 1895 736 1954 lieri
758 1895 836 1954 solet
857 1909 927 1954 oum
950 1896 1097 1969 clausula,
1111 1892 1185 1954 selvo
1265 1901 1266 1904 ’

160 1981 232 2058 jnre
253 1983 411 2060 repetendi,
428 1989 498 2058 eto,
514 1981 541 2044 si
556 2001 595 2046 en
609 1983 708 2060 aliqua
726 2000 816 2044 causa
829 1982 917 2044 luerit
928 1982 1009 2058 utile,
1025 1991 1080 2045 aut
1091 1999 1188 2044 neces-

91 2075 96 2082 “
164 2070 278 2132 sarium
292 2077 344 2146 (3).
1265 2079 1266 2082 ’

193 2231 226 2296 (i)
242 2231 325 2299 Copia
341 2235 431 2285 tamen
445 2236 564 2286 actorum
585 2233 655 2284 tradi
674 2247 729 2285 non
746 2233 815 2285 solet
828 2247 884 2294 reo,
898 2233 952 2286 nisi
970 2233 1050 2296 prius
1065 2233 1186 2286 habuerit

161 2307 245 2356 testes
266 2317 316 2370 pro
336 2304 387 2356 rite
408 2308 434 2356 et
458 2307 531 2356 recte
554 2305 723 2357 examinatis.
738 2331 771 2342 -
794 2305 829 2370 (i)
851 2305 915 2370 Cap.
940 2305 964 2368 2,
992 2305 1028 2357 de
1052 2305 1143 2357 testib.
1161 2330 1185 2342 -

161 2376 195 2440 (3)
205 2375 341 2428 Praedicta
353 2376 475 2428 clausula
488 2377 576 2428 fusius
591 2376 672 2428 etiem
686 2375 903 2442 explicatum.
918 2391 958 2442 gr.
975 2377 1050 2430 soloe
1060 2377 1128 2444 sure
1142 2389 1185 2441 cp·
1265 2391 1266 2416 t

160 2447 286 2512 amendi,
301 2451 327 2500 ct
343 2445 504 2514 mammet,
519 2461 552 2500 cc
564 2448 664 2502 iterum
678 2445 828 2512 repetendi,
842 2451 983 2514 quatenus,
996 2452 1047 2500 etc.

194 2663 257 2720 898.
273 2659 403 2719 testium
415 2657 687 2736 proinderepetitio
700 2658 765 2718 fleri
779 2657 869 2718 debet
883 2657 1006 2734 dejure,
1024 2659 1050 2718 si
1063 2657 1106 2718 iili
1121 2671 1188 2718 reus
1265 2633 1266 2710 i

159 2765 220 2808 non
231 2748 435 2822 renunciavit,
452 2747 580 2824 quodsi,
595 2754 630 2808 ut
643 2748 782 2822 diximus,
805 2747 846 2808 iili
860 2746 1096 2820 renunciaverit,
1118 2753 1187 2806 tuno

158 2843 274 2898 tantum
288 2838 353 2898 fleri
371 2838 469 2913 debet,
489 2853 559 2898 cum
572 2837 637 2912 ipse
657 2853 728 2898 reus
741 2837 771 2895 in
793 2837 856 2896 vim
873 2835 1023 2912 praedictae
1043 2834 1186 2896 clausulae
1265 2839 1266 2870 ³

157 2943 224 2988 eam
240 2925 442 3004 postulaverit.
461 2927 505 2988 nd
524 2927 720 2988 ordinandam
734 2931 834 2986 autem
847 2919 927 2986 rect‘e
942 2924 1062 2985 testium
1077 2922 1186 3001 repeti-

156 3015 270 3077 tionem
289 3017 425 3077 citandus
437 3022 483 3076 eet
496 3031 567 3076 reus
582 3015 621 3075 ad
638 3015 801 3075 videndum
825 3015 960 3076 mandari
980 3013 1088 3090 repeti,
1105 3011 1185 3072 etad
1265 3059 1266 3068 ,

156 3104 255 3166 danda
279 3123 334 3166 sua
351 3102 588 3180 interrogatoria,
610 3109 756 3180 quatenus
777 3103 850 3162 dare
874 3101 1010 3163 intendat
1024 3107 1075 3174 (l).
1093 3106 1185 3161 crate·

154 3209 223 3255 rum
236 3196 357 3256 testium
371 3193 507 3270 repetitio
521 3193 696 3269 regulariter
714 3193 779 3251 lieri
794 3191 884 3251 debet
898 3208 1000 3251 coram
1012 3191 1115 3267 judice
1133 3192 1144 3260 (
1162 3192 1182 3260 ),
1265 3265 1266 3280 χ

155 3292 245 3347 testes
256 3285 363 3346 eodem
373 3284 464 3344 modo
476 3282 665 3344 examinandi
679 3287 759 3355 sunt,
773 3298 810 3340 ao
822 3280 846 3340 si
859 3281 941 3356 prius
951 3278 1114 3340 examinati
1124 3293 1183 3338 rron
1265 3281 1266 3296 ³

154 3381 263 3446 essent,
279 3381 308 3433 et
328 3391 398 3432 reus
411 3372 547 3432 citandus
561 3377 606 3430 est
620 3371 657 3430 ad
671 3369 837 3429 videndum
850 3370 906 3429 eos'
914 3368 1026 3445 jurare.
1044 3372 1120 3426 Sunt
1139 3373 1181 3424 ta·

153 3475 222 3518 men
237 3460 359 3534 quidam
373 3475 471 3532 casus,
484 3459 513 3516 in
531 3457 638 3534 quibus
652 3459 773 3517 testium
787 3457 925 3533 repetitio
937 3473 1000 3517 non
1013 3463 1058 3516 est
1076 3470 1178 3516 neces·

152 3545 238 3618 saria,
253 3544 345 3604 veluti
364 3545 389 3603 si
405 3561 474 3604 reus
489 3546 705 3606 condemnatus
718 3545 822 3606 luisset
835 3545 865 3604 in
881 3545 1113 3620 contumaciam,
1130 3547 1178 3604 aut
