2494 4062
517 191 549 204 ..
569 149 657 219 pp..

95 295 142 350 un
160 285 265 364 obliget
286 286 381 348 semel
401 285 432 344 in
455 300 534 346 anno
557 283 588 344 in
609 283 763 358 Peschste,
778 283 837 346 hoc
850 287 928 344 aste
943 283 1096 346 DominIca

89 379 232 438 Palmarurn
245 375 286 436 ad
299 373 482 436 ltominieam
494 375 529 434 io
542 373 616 434 cibis
629 371 774 434 inclusive
788 377 827 446 (l)
840 393 847 432 :
861 373 942 450 quod
958 373 1095 452 iutelligi-

91 467 170 526 tmde
182 464 357 536 christiano,
373 465 445 524 dum
459 479 551 524 sanus
569 469 633 535 est,
650 478 720 523 nam
736 463 761 522 si
775 467 910 538 aegrotet,
924 468 954 522 et
975 464 1094 540 perieu-

88 555 135 612 lum
154 560 256 629 urgeet
275 553 392 626 mortis,
415 569 455 613 ex
476 552 543 628 ipso
566 551 667 612 divino
685 552 753 626 jure
775 551 814 610 ad
827 555 856 612 S.
874 552 1094 613 communionis

89 643 289 719 perceptionem
298 649 432 713 tenetur,
451 656 633 717 quamquam
653 639 684 698 in
698 640 839 700 Paschate
848 641 911 716 jam
926 638 1093 700 communi·

91 731 183 791 urent.
210 737 289 792 lium
313 737 413 790 mmen
434 736 551 806 tempus
573 729 714 805 paschale
735 745 790 805 pro
816 733 844 791 S·
872 729 1093 790 communionis

89 820 256 896 perceptione
268 819 401 882 taxative
416 817 638 890 determinatur,
660 835 722 876 nou
742 816 891 892 adimitur,
913 819 965 878 sed
981 835 1091 879 conee-

86 908 146 968 dtur
158 909 280 986 proprio
296 907 451 969 Sacerdoti
464 909 588 968 facultas
602 907 641 966 oh
654 907 784 983 aliquam
800 906 1006 968 rationabilem
1019 925 1090 969 eau-

86 1012 134 1056 sam
144 999 180 1057 ad
193 1005 315 1073 tempus
328 996 527 1074 prorograodi
540 994 682 1074 procapii
696 995 914 1056 executionem.
930 1001 1037 1057 Verum
1051 1009 1090 1056 an

81 1083 151 1145 deest
171 1086 321 1163 Episcopo
345 1092 464 1162 tempus
484 1092 617 1146 taxatum
637 1101 810 1161 prorogare,
832 1091 884 1144 aut
906 1086 1089 1162 ernplitlcare

80 1175 224 1246 generatim
247 1193 308 1251 pro
333 1175 486 1249 omnihus,
513 1173 640 1234 dubitari
659 1175 739 1249 juste
759 1179 871 1248 potest,
896 1172 965 1233 lieet
988 1175 1089 1250 plures

83 1265 205 1324 Doctores
229 1264 261 1324 id
283 1266 444 1337 affirment,
458 1270 487 1324 et
505 1263 535 1322 in
549 1261 635 1340 praxi
650 1262 831 1338 quandoque
848 1269 993 1322 servetur.
1015 1267 1089 1323 Nam

79 1347 283 1428 laectempcris
304 1352 510 1414 determinatio
525 1368 674 1412 asumma
688 1351 841 1424 Pontifice,
862 1357 893 1411 et
915 1369 933 1410 a
956 1350 1088 1411 Generali

79 1439 188 1501 Concilio
198 1443 278 1502 tacta
287 1442 355 1516 fuit;
366 1449 396 1502 et
408 1441 526 1502 aliunde
540 1439 672 1516 expediti
683 1440 755 1516 iuris
768 1445 823 1512 est,
834 1439 1014 1516 Episcopum
1026 1455 1086 1500 non

75 1541 149 1600 posse
161 1531 270 1590 summi
285 1529 437 1590 Pontificis
452 1529 703 1602 constitutionem,
719 1535 771 1588 aut
795 1528 945 1589 Generalis
966 1525 1097 1590 concilii.

75 1612 209 1679 decretum
220 1626 350 1694 muare,
363 1626 415 1680 aut
426 1621 598 1693 extendere,
611 1619 660 1680 vel
673 1617 857 1694 amplificare
870 1621 881 1686 (
901 1624 923 1692 ).

98 1771 128 1836 (¹)
141 1773 200 1828 Gan.
215 1777 256 1837 16,
273 1777 338 1830 dist.
352 1778 376 1828 2.
394 1777 428 1829 de
442 1790 547 1829 conseo.
563 1803 591 1814 -
615 1776 650 1842 (t)
663 1775 734 1828 Huic
751 1773 845 1828 cenaui
863 1773 951 1840 quoad
967 1773 1084 1840 primam

74 1848 162 1906 paoem
177 1848 240 1912 jure
262 1848 423 1914 derogatum
441 1849 501 1910 luit,
516 1851 541 1899 et
556 1862 629 1899 nuuc
644 1849 741 1913 cuique
755 1846 870 1898 facultas
884 1848 925 1897 ast
938 1844 1084 1898 conlltsndi

73 1915 187 1967 sacerdoti
210 1918 245 1970 ad
270 1919 454 1971 consessiones
477 1918 626 1970 audiendas
647 1919 806 1984 approbato.
830 1917 957 1968 Giraldus
981 1916 1082 1990 adtcit.

7 2007 9 2048 p
73 1995 120 2033 cen.
135 2011 161 2023 -
173 1987 207 2051 (3)
222 1989 291 2054 Gap.
309 1989 346 2047 11,
359 1989 392 2040 de
406 1989 499 2054 poetiit.
514 1996 541 2041 et
553 1989 656 2041 remiss.
677 1989 751 2040 Trid.
773 1990 846 2040 Sess.
871 1988 908 2050 13,
927 2001 986 2040 can.
1008 1987 1031 2040 9.
1053 2015 1081 2026 -

73 2053 101 2117 tl)
111 2055 149 2107 lta
158 2058 307 2112 declaravit
316 2059 456 2125 Eligamus
469 2061 518 2112 IV.
534 2062 562 2112 in
581 2061 639 2112 lrul.
652 2058 686 2112 lo
699 2060 760 2124 ttae.
783 2087 814 2098 -
837 2059 872 2125 (5)
894 2060 936 2110 Ita
957 2060 1083 2112 observet

72 2123 216 2182 Benedictus
228 2132 307 2192 xlv,
322 2133 355 2184 de
370 2132 469 2198 Synod.
484 2132 505 2182 l.·
520 2131 557 2191 m,
572 2145 594 2182 c.
609 2131 634 2194 6,
648 2145 675 2181 u.
688 2131 726 2194 10,
741 2131 787 2196 qui
801 2131 879 2182 allert
893 2143 985 2182 casum
1000 2129 1082 2196 hujus

72 2197 156 2259 speciei
170 2203 327 2265 practieum.
343 2203 438 2268 Neque
463 2203 533 2254 idem
555 2202 728 2262 Benedictus,
752 2203 817 2253 dum
836 2202 924 2253 adhuc
943 2201 1081 2266 Archiepi·

7 2325 8 2332 χ
72 2277 151 2331 scopus
164 2271 342 2324 Bononiensis
360 2278 427 2337 erat,
450 2273 601 2338 exemplum
615 2273 699 2338 hujus
712 2273 910 2340 prorogationis
925 2273 991 2324 dara
1005 2273 1080 2325 visus

72 2342 104 2386 est
115 2339 139 2390 in
152 2354 199 2393 sua
211 2343 386 2396 Institutione
408 2345 448 2405 45.
476 2359 505 2396 n.
533 2345 570 2404 ts,
596 2345 624 2395 in
645 2358 700 2410 qua
719 2345 830 2411 propria
852 2357 906 2396 non
926 2344 1081 2409 prorogavit

73 2409 160 2474 empus
173 2414 321 2480 paschale;
345 2415 393 2468 sed
413 2415 501 2468 solum
520 2428 566 2468 eos
586 2416 703 2481 benigue
727 2416 858 2479 invitavit,
874 2417 920 2482 qui
942 2417 1078 2482 praecepto

73 2480 174 2561 paschali
195 2499 244 2536 suo
267 2489 387 2554 tempora
409 2501 462 2538 non
484 2487 679 2551 satisfecerant,
699 2489 731 2539 ut
752 2488 848 2540 saltem
869 2487 898 2538 in
910 2487 1078 2544 solemnitate

72 2546 204 2608 tenuitatis
217 2555 248 2608 B.
266 2556 359 2610 Mariae
372 2557 492 2626 Virginis
506 2561 633 2612 curarant
645 2559 808 2611 satisfacere.

97 2729 151 2789 311.
170 2736 271 2794 Poenae
296 2739 403 2794 eontra
423 2733 611 2796 refractarios
632 2735 662 2794 in
688 2735 795 2796 eodem
814 2735 935 2796 decreto
955 2735 1076 2797 sancitae

72 2817 216 2882 musistunt
229 2822 259 2881 in
273 2821 432 2883 interdicto
451 2822 635 2900 ingrediendi
649 2823 815 2898 ecclesiam,
828 2831 857 2884 et
869 2824 897 2883 in
911 2824 1076 2901 privatione

71 2907 210 2978 sepultura
223 2911 442 2988 ecclesiastieae,
455 2928 521 2987 quae
535 2929 574 2972 ax
589 2911 740 2972 communi
754 2918 914 2973 lloetorum
928 2914 1076 2976 sententia

72 3005 118 3088 nou
129 3004 195 3058 sunt
206 3001 284 3074 latae,
300 3000 353 3062 sed
367 3001 498 3060 ierendae
512 3002 673 3062 sententiae.
697 3008 759 3064 Hoc
774 3001 893 3078 quidem
908 3003 1020 3064 eruitur
1035 3021 1074 3065 eu

72 3083 128 3154 tetis
147 3087 256 3150 decreti
279 3089 389 3164 verbis,
405 3097 551 3164 arceatur,
567 3099 674 3165 cureat,
691 3109 757 3167 quae
770 3092 880 3169 aliquid
893 3092 1071 3167 laciendum,

73 3183 121 3229 nen
132 3173 236 3238 laetum
250 3179 471 3252 demonstrant,
489 3185 551 3239 eta
571 3180 725 3256 disciplina
744 3181 892 3256 Ecclesiae,
913 3199 979 3257 quae
992 3181 1072 3257 ipsas

74 3271 159 3329 poenas
172 3282 230 3326 non
245 3267 436 3340 decernebat,
453 3265 509 3327 nisi
521 3286 575 3346 per
587 3269 695 3345 judicis
710 3271 886 3330 sententiam
906 3277 975 3347 post
995 3276 1071 3330 Pen-

73 3351 195 3442 temstem
208 3355 474 3432 pronunciandam,
495 3362 524 3417 et
546 3364 615 3433 post
636 3357 745 3433 triplex
767 3358 952 3435 propositum
966 3359 1070 3418 citato·

75 3436 130 3496 nale
142 3441 276 3519 edietum,
291 3451 324 3504 ut
338 3450 531 3504 contumaces
551 3445 767 3521 resipiscerent.
788 3447 980 3507 Nihilominus
1003 3444 1068 3520 qui-

75 3518 129 3590 dem
145 3538 210 3593 sunt
231 3538 381 3606 auctores,
405 3549 482 3610 quos
504 3532 575 3596 citat
597 3533 731 3595 Giraldus
747 3534 778 3596 in
799 3533 879 3597 dieto
893 3535 1000 3612 capite,
1017 3535 1069 3614 qui
