2432 4078
612 147 774 206 ..233-

168 278 253 332 motu
261 271 380 347 proprio
391 276 541 330 stotutmn
553 270 655 344 fauerit,
665 270 742 345 meod
755 269 944 330 omissionum
956 268 1040 328 otium
1050 268 1166 344 somniet

166 359 352 419 oomnrodum
366 365 393 417 ot
401 360 535 432 savorem
549 357 666 416 nultius
679 358 831 432 firmitatis
846 359 954 430 omittit,
972 356 1072 426 nisiob
1087 356 1167 415 Eccit-

165 448 212 506 sio
224 447 317 521 suerit
331 445 536 522 approbatum.
559 445 638 505 Unde
652 453 800 505 statutum
817 446 922 504 Basilii
935 447 969 504 de
982 461 1041 504 nort
1052 443 1168 503 albnan-

166 535 211 594 du
224 535 342 609 modin
356 535 486 608 raeticis,
500 534 545 594 ool
557 535 693 608 arbonis,
708 535 894 606 ministeriis,
910 541 936 593 ct
950 532 1120 593 ornamentis
1131 549 1165 591 oo·

164 623 323 684 almior-uno
337 623 392 682 ttto
402 623 591 699 reprobatum
610 623 669 696 soit
687 623 826 698 potisinso
837 623 964 696 ratione,
980 620 1167 698 qnodoootort'·

167 719 224 771 toto
239 729 301 771 non
313 712 373 786 luit
387 712 513 770 Romani
535 712 688 785 Pontifices
709 711 881 770 roboratum
895 715 948 783 (i).
963 708 1137 772 Nihilominus
1148 707 1166 766 si

164 800 329 876 Episcopus
342 799 413 860 utile
427 801 475 860 vel
499 807 702 876 opportunum
723 799 898 876 judicaverit
921 800 962 858 ad
983 797 1167 874 parocbiamm

164 887 279 947 bonum
293 888 351 947 tale
364 889 517 948 observari
537 889 693 948 decretum
714 887 747 946 in
767 887 824 946 iilis
848 885 1097 962 dispositionibus,
1115 899 1166 959 qua

162 976 223 1053 juri
235 993 322 1036 sacro
336 994 396 1036 non
414 977 619 1049 adversantur,
642 975 752 1052 poterit
770 977 830 1035 boc
850 975 1027 1034 auctoritate
1044 991 1093 1033 sua
1107 987 1167 1047 pre·

167 1065 309 1140 scribere,
322 1083 384 1141 quo
398 1081 470 1124 casu
483 1081 544 1124 non
557 1083 576 1123 a
590 1081 646 1124 suo
659 1064 839 1140 legislatore,
854 1063 908 1124 sed
929 1065 969 1123 ab
993 1061 1120 1140 Episcopi
1130 1075 1168 1120 or·

167 1153 318 1214 dinatione
331 1154 393 1213 vim
406 1151 558 1228 obligandi
572 1151 695 1212 sortitur
709 1159 719 1225 t
739 1157 760 1220 ).

194 1309 230 1375 (t)
244 1309 412 1362 Adversatur
421 1323 462 1361 ex.
478 1323 520 1374 gr.
536 1307 563 1358 in
575 1321 616 1368 eo,
630 1307 702 1372 quod
715 1306 841 1358 attribuit
853 1303 1114 1360 administratoribus
1127 1316 1169 1356 ose
1203 1371 1204 1374 Ἴ

167 1381 305 1446 deputatis
328 1381 448 1434 omnium
466 1379 610 1441 bonorum,
626 1382 654 1429 et
672 1378 904 1443 elecmosynarum
924 1378 1170 1436 administrationem,
1205 1405 1206 1410 κ

165 1465 237 1519 quae,
250 1455 281 1503 ut
293 1450 426 1512 videmus,
439 1450 473 1500 ad
487 1450 651 1516 Episcopum
666 1450 789 1513 pertinet.
801 1449 860 1500 Art.
875 1450 899 1506 l,
911 1451 1038 1514 ejusdem
1048 1446 1170 1506 decretur
1205 1457 1206 1510 j

165 1537 205 1585 co,
221 1521 292 1588 quod
308 1522 411 1579 statuit,
426 1521 595 1579 donationes,
616 1524 642 1570 et
656 1520 746 1584 legata
762 1519 892 1570 Ecclesiae
917 1521 1015 1572 relicta
1034 1535 1050 1571 a
1068 1531 1171 1584 supremo
1205 1519 1206 1582 J

165 1593 238 1645 civili
264 1592 423 1644 auctoritate
438 1605 497 1642 esse
520 1590 693 1656 acceptanda.
710 1593 769 1641 Art.
783 1591 815 1641 59
829 1594 855 1641 et
872 1592 935 1642 113:
954 1591 1023 1642 dum
1036 1591 1092 1642 baec
1110 1602 1169 1639 occe·
1205 1605 1206 1656 j

166 1666 251 1729 ptatio
263 1663 322 1714 lieri
336 1676 389 1713 non
401 1666 490 1727 potest
502 1662 555 1712 nisi
566 1662 600 1712 ab
609 1661 738 1723 Ecclesia,
753 1675 815 1726 quae
830 1675 920 1712 rerum
930 1662 1043 1714 domina
1051 1664 1100 1722 est;
1108 1661 1131 1710 in
1140 1672 1170 1719 eo,

166 1734 238 1799 quod
251 1733 381 1798 permittit
394 1733 527 1784 bonorum
541 1732 671 1783 Ecclesia
691 1731 850 1783 locationem
866 1733 899 1784 ad
913 1734 1086 1794 novennium,
1099 1735 1122 1782 et
1135 1744 1170 1781 eo·
1205 1749 1206 1752 ¹

166 1819 227 1856 rum
241 1805 430 1856 alienationem
450 1818 483 1854 ex
501 1803 661 1854 auctoritate
677 1803 758 1866 civili,
774 1803 865 1854 habito
884 1808 991 1854 tantum
1011 1804 1123 1863 concilio,
1135 1803 1170 1851 aut
1205 1796 1206 1804 ’

167 1889 300 1927 consensu
314 1874 441 1939 episcopi,
457 1875 514 1925 Art.
529 1874 573 1924 62:
589 1874 653 1923 dnm
669 1887 712 1924 res
724 1875 900 1925 ecclesiaticae
911 1875 997 1926 locari
1011 1875 1171 1940 nonpossunt.
1205 1893 1206 1898 =

165 1947 218 1998 nisi
231 1947 265 1998 od
280 1946 435 2003 triennium,
446 1951 473 1996 et
483 1944 636 1996 nullatenus
647 1945 760 1995 alienari
774 1945 878 2008 absque
889 1947 990 1996 summi
1001 1945 1128 1996 Ponuuots
1136 1945 1172 1992 be·
1205 1973 1206 1978 κ

165 2017 309 2082 neplocito.
320 2019 350 2066 nt
361 2017 430 2066 inira
443 2015 595 2066 videbimus
605 2032 612 2075 ;
623 2016 651 2064 in
661 2030 702 2074 eo,
711 2015 783 2080 quod
794 2019 915 2066 reservat
923 2017 1049 2068 ecclesiae
1062 2010 1172 2066 fundatori
1205 2019 1206 2051 ³

170 2089 362 2154 proprietatem
377 2087 479 2149 socelli,
492 2087 535 2137 vel
546 2086 650 2145 ultoris,
663 2089 722 2136 Art.
737 2085 859 2136 lisdum
874 2100 918 2137 res
932 2087 984 2138 Deo
1001 2089 1093 2139 dicata
1105 2087 1128 2135 in
1138 2085 1173 2133 bo·
1205 2101 1206 2121 s

170 2159 273 2208 minum
286 2158 447 2222 patrimonio
460 2171 520 2208 esse
534 2171 588 2207 nou
599 2163 728 2222 possunt3
747 2161 774 2207 ct
788 2158 816 2206 in
830 2157 891 2208 aliis
909 2149 1047 2222 pluribus,
1060 2170 1115 2222 quae
1128 2155 1172 2204 lon·
1205 2187 1206 2192 ,

168 2229 322 2294 gumnimis
337 2233 409 2279 esset
422 2241 590 2279 enumerare.
606 2255 637 2264 -
650 2227 685 2292 (t)
701 2228 766 2293 Gap.
785 2226 823 2290 to,
839 2228 872 2278 da
899 2229 1011 2279 constit.
1025 2256 1056 2264 -
1076 2228 1107 2292 (3)
1121 2225 1172 2276 Pro·
1205 2233 1206 2264 1

168 2307 263 2366 pterea
274 2305 362 2365 potest
375 2298 522 2363 Episcopus
544 2301 696 2364 approbare
714 2299 935 2361 compositionem
955 2299 1069 2350 fabricas
1091 2297 1121 2348 ad
1136 2297 1175 2346 tor·

169 2385 242 2422 mam
257 2369 380 2438 praedicti
395 2370 497 2420 decreti
511 2383 572 2419 cum
588 2367 701 2420 concilio
714 2367 855 2432 aedituum,
870 2375 898 2420 et
917 2370 1033 2434 collegio
1051 2367 1172 2420 masserio-

169 2457 238 2502 rnm,
253 2444 310 2494 sive
321 2441 578 2498 matriculoriorum,
590 2445 620 2490 ut
639 2439 766 2490 mandato
784 2454 833 2491 suo
847 2439 915 2492 elios
929 2439 1060 2493 officiales
1076 2440 1174 2504 deputet,

167 2514 349 2566 inventarium
363 2512 495 2562 bonorum
517 2511 651 2571 conficiat,
671 2511 820 2574 budgetum
834 2510 950 2576 redigat,
970 2513 1092 2564 redditus
1104 2508 1174 2575 perci·

168 2585 234 2650 piat,
252 2597 384 2649 expensas
406 2581 557 2633 ordinarios
580 2582 671 2646 saciat,
686 2581 836 2633 oblationes
856 2582 975 2646 colligat.
990 2583 1127 2634 utilitatem
1140 2591 1173 2630 ec-

167 2655 258 2708 clesiae
268 2657 423 2721 promoveat
433 2667 466 2704 eo
477 2654 576 2712 forma,
592 2667 653 2718 quae
667 2653 858 2716 probationem
878 2655 912 2704 ab
935 2654 997 2718 ipsa
1012 2657 1136 2720 potestate
1146 2649 1174 2700 ci·

164 2727 212 2778 vili
227 2725 349 2777 obtinere
362 2724 455 2788 possit,
470 2727 498 2774 et
518 2724 572 2774 alia
586 2723 676 2782 iaciat,
689 2737 750 2788 quae
773 2738 789 2774 o
807 2728 939 2789 potestate
950 2725 1078 2792 Episcopi
1093 2723 1175 2788 depen-

162 2796 227 2848 dent
239 2799 263 2848 et
274 2800 389 2862 possunt
402 2795 436 2846 ab
451 2794 546 2847 eodem
560 2794 636 2846 laicis
647 2794 775 2860 delegari.

202 2982 264 3040 608.
286 2977 470 3054 Quicumque
489 2983 534 3038 est
548 2979 586 3037 ab
601 2978 746 3055 Episcopo
760 2979 911 3039 bonorum
924 2979 1174 3040 ecclesiasticomu]

164 3068 341 3130 constitutus
354 3067 576 3127 administrator
591 3073 724 3127 tenetur:
736 3072 765 3126 l⁰
787 3067 921 3127 omnium
935 3068 1085 3128 bonorum
1096 3062 1174 3126 mobi-

164 3158 247 3227 lium,
258 3168 288 3216 et
299 3155 495 3216 immobilium
509 3155 564 3215 sibi
580 3155 810 3240 commissorum
823 3155 1024 3216 inventorium
1038 3156 1175 3230 diligenter

163 3247 327 3316 conficere,
351 3245 453 3317 immo,
470 3246 496 3302 si
519 3250 649 3318 petatur,
669 3244 757 3303 etiam
776 3245 980 3319 iuramentum
999 3245 1123 3305 fideliter
1133 3239 1175 3299 od·

161 3333 348 3396 ministrandi
362 3338 503 3408 praestare
519 3335 577 3404 (l),
598 3337 628 3391 2⁰
645 3332 725 3404 ana
738 3331 793 3392 sibi
807 3333 967 3392 commissa
982 3333 1063 3392 omni
1077 3347 1142 3391 cura
1153 3332 1175 3384 et

161 3421 306 3482 industria
319 3436 508 3492 conservare,
523 3426 553 3479 et
566 3420 723 3480 meliorare
739 3439 744 3478 :
759 3421 843 3480 aliter
859 3421 884 3480 si
898 3422 988 3497 culpa
1001 3439 1056 3481 sua
1069 3413 1175 3494 aliquod

160 3511 371 3574 detrimentum
384 3507 553 3585 habuerint,
566 3509 624 3570 hoc
637 3526 697 3570 oere
709 3508 834 3586 proprio
849 3526 991 3585 reparare
1007 3513 1063 3584 (ῆς
1080 3513 1109 3568 3⁰
1122 3507 1174 3566 fru-
