2524 4080
473 161 635 218 -351-

73 280 119 343 jau
130 279 183 344 luit,
195 281 236 333 sel
246 295 300 337 nen
310 301 317 344 ;
328 281 388 336 ideo
401 281 524 336 effectum
534 281 705 336 liberalitatis
718 281 885 351 suspendere
894 295 950 336 non
963 281 1068 348 penses
1134 279 1145 312 ⁸

74 349 231 472 meminus
240 353 346 420 quando
358 353 403 406 hic
414 357 525 406 eventus
542 354 690 420 ignoratur,
709 357 780 408 recte
793 368 843 422 pro
857 353 1010 408 conditione
1025 367 1071 408 su·

99 609 152 666 682.
171 611 309 686 Legatum
322 609 375 669 seb
394 607 641 670 demonstratione
657 609 701 682 fit,
718 609 767 670 eui
779 609 825 680 rei
839 609 955 688 legatae,
970 609 1018 671 vel
1031 610 1074 672 le·

70 693 159 768 gatarii
178 714 314 772 parsonae
337 699 436 774 aliqua
457 698 628 774 adjungitur
643 699 874 773 circumstantia,
898 717 957 776 qua
970 698 1075 760 melius

69 783 246 860 explicantur,
262 803 310 846 ex·
326 803 371 863 gr.
385 789 454 862 depo
472 787 542 846 Titio
557 787 676 847 calicem
693 787 795 847 meum
808 795 972 864 omptume
990 785 1077 847 Sera*

67 873 166 948 poem,
180 877 228 936 vel
249 875 310 951 lepe
330 875 402 936 Titio
414 875 578 952 propinquo
598 891 662 936 mae
676 875 795 936 calicem
814 891 924 936 meum.
942 875 1022 936 calix
1035 873 1076 936 ita

66 961 165 1036 legatus
177 964 312 1038 debetur,
325 964 394 1024 licet
408 970 525 1040 emptus
538 982 557 1024 a
570 965 755 1041 Sempronio,
771 963 819 1024 vel
831 964 991 1040 legatarius
1004 981 1075 1040 pro·

67 1050 179 1127 pinques
190 1071 253 1114 non
268 1055 316 1129 sit,
342 1053 411 1130 quia
431 1055 507 1114 falsa
521 1053 734 1114 demonstratio
751 1053 882 1130 legatum
906 1070 964 1113 non
982 1051 1075 1128 vitiat,

64 1141 141 1201 node
152 1142 188 1202 de
201 1159 237 1204 re
249 1143 356 1220 legata,
370 1143 451 1204 etde
466 1159 596 1220 persona
608 1139 742 1219 legatarii
763 1142 883 1202 aliunde
896 1140 1077 1220 sufficienter

64 1237 173 1292 constet.
188 1237 331 1309 Legatum
348 1231 402 1292 sub
426 1249 517 1292 oense
532 1233 575 1307 flr,
598 1248 668 1292 cum
685 1236 809 1292 testator
824 1247 946 1292 causam
958 1231 1077 1308 legendi

61 1316 245 1395 impulsivam,
259 1337 325 1398 quae
342 1321 375 1380 in
388 1321 551 1398 praeterito,
566 1322 614 1381 vel
623 1321 763 1398 praesenti
774 1319 925 1394 fundatur,
941 1318 1075 1396 exponit,

60 1422 101 1466 ex.
115 1425 157 1483 gr.
181 1410 254 1486 Lepo
273 1416 391 1470 centum
417 1410 499 1484 Ticis,
515 1409 585 1486 quie
612 1408 669 1469 tete
691 1409 894 1484 infortunium
905 1425 1010 1486 passus
1024 1415 1076 1480 est,

60 1496 100 1555 vel
112 1499 180 1574 quie
190 1507 234 1558 est
246 1515 369 1575 pauper.
383 1503 445 1558 lloc
453 1499 525 1558 item
535 1499 666 1574 legatum
677 1498 853 1572 regulariter
863 1499 952 1571 valet,
963 1497 1078 1558 etiamsi

59 1600 138 1645 causa
152 1587 228 1648 falsa
242 1586 289 1661 sit,
310 1592 346 1654 ,et
359 1587 435 1646 ratio
455 1585 566 1662 petitur
588 1579 627 1646 'ex
647 1603 694 1659 eo,
712 1585 793 1663 quad
811 1592 1018 1648 testamentum
1032 1592 1078 1648 est

58 1674 138 1734 veluti
157 1677 217 1750 lex,
236 1693 302 1752 quae
326 1677 424 1736 adhuc
447 1676 568 1752 obligat,
596 1691 776 1752 quamquam
799 1675 1078 1752 legislatorialsam

57 1777 166 1824 cansam
180 1765 342 1825 adduxerit
362 1767 412 1838 (l).
428 1770 552 1824 Demum
565 1763 696 1840 legatum
711 1763 763 1826 sub
778 1767 864 1825 modo
878 1763 922 1838 dt,
937 1781 1007 1824 cum
1033 1771 1076 1825 te-

57 1856 139 1911 stator
152 1870 279 1913 causam
292 1855 423 1928 finalem,
439 1870 505 1934 quae
524 1853 563 1912 ad
576 1853 708 1913 futurum
726 1854 863 1928 refertur,
885 1853 1018 1930 exponit,
1038 1853 1077 1912 ob

55 1955 133 2014 quam
146 1942 448 2020 legatum-relinquit,
466 1959 514 2002 ex.
538 1959 582 2018 gr.
604 1941 672 2018 Lepc
687 1942 758 2002 Titio
779 1942 872 2014 mitte,
896 1949 931 2002 ut
947 1939 1076 2018 capeita-

56 2029 130 2090 niem
151 2033 304 2092 instituet.
334 2037 476 2108 Legatum
500 2031 545 2091 sic
567 2031 704 2090 relictum
726 2031 857 2091 validum
882 2037 938 2104 est,
954 2031 1078 2107 ejusque

54 2116 108 2178 dics
121 2121 224 2180 statim
240 2126 366 2181 amortc
383 2119 530 2179 testatoris
542 2117 631 2193 cedit,
647 2125 677 2178 et
689 2119 784 2193 venit3
801 2120 854 2180 sed
865 2120 1025 2196 legatarius
1038 2117 1077 2178 ad

54 2207 256 2284 recipiendum
268 2210 400 2286 legatum
411 2207 499 2269 debet
512 2208 681 2269 cautionem
695 2206 825 2284 exigere,
842 2225 874 2268 se
884 2209 1008 2270 madum
1021 2207 1076 2270 im-

52 2295 206 2375 pleturum,
223 2299 274 2359 vel
284 2299 415 2374 legatum
426 2298 612 2359 redditurum
621 2301 673 2371 (l).
1019 2297 1020 2300 ’

77 2436 110 2502 (l)
123 2437 221 2492 Potest
235 2440 324 2488 tamen
339 2435 428 2488 haeres
441 2436 491 2488 hoc
515 2435 634 2502 legatum
656 2434 762 2487 nullum
784 2434 908 2496 reddare,
926 2435 950 2486 sl
968 2436 1077 2502 prohat,

51 2507 202 2562 testatorem
214 2509 370 2573 legaturum
382 2521 437 2560 non
458 2507 552 2568 luisse,
565 2509 588 2560 si
605 2521 694 2560 causae
708 2505 854 2560 salsitatem
875 2507 1036 2574 amovisset,
1047 2511 1078 2562 ut

51 2581 226 2631 communiter
240 2579 371 2632 Doctores
383 2578 502 2630 tradunt.
520 2607 548 2616 -
566 2579 602 2645 (t)
616 2580 656 2632 Ex
676 2579 727 2630 hcc
747 2577 907 2642 intelligitur
927 2577 1078 2630 differentia

48 2646 114 2702 inter
126 2651 326 2710 conditionem,
340 2655 367 2702 et
388 2649 496 2701 modurn
511 2670 518 2700 ι
534 2650 581 2702 ille
596 2650 668 2712 enim
685 2652 774 2702 actum
789 2649 929 2717 suspendit
942 2663 1028 2716 usque
1042 2649 1077 2702 ad

47 2730 179 2782 eventum,
197 2727 227 2774 et
242 2723 264 2774 si
275 2722 364 2774 medio
373 2721 424 2772 hcc
437 2725 558 2787 tempore
572 2720 717 2788 legatarius
729 2721 868 2786 morietur,
881 2719 1000 2788 legatum
1014 2735 1075 2772 eve·

47 2794 148 2856 nesait;
170 2793 220 2845 hic
234 2807 299 2845 vero
321 2795 411 2844 actum
425 2793 539 2860 perficit,
560 2798 588 2844 et
601 2793 624 2844 si
648 2792 794 2859 legatarius
808 2797 871 2844 ente
892 2792 965 2844 modi
979 2791 1076 2860 imple-

45 2869 165 2918 mentum
175 2865 323 2924 morietur‚
336 2863 428 2929 jasad
441 2863 564 2915 haeredes
577 2865 744 2924 transmittit,
759 2863 832 2930 quod
842 2864 926 2916 habet
940 2865 967 2914 in
979 2862 1076 2930 legato,

46 2941 178 2998 quatenus
204 2935 314 2994 modus.
337 2948 415 3002 oeque
436 2948 487 3000 per
504 2935 635 2996 heredes.
657 2949 690 2988 ee
710 2949 761 3002 per
782 2935 944 3002 legatarium
966 2935 1077 3002 impleri

47 3012 135 3071 quem.
145 3054 148 3060 .

77 3198 141 3255 683.
162 3195 261 3256 Actds
281 3192 393 3254 ultimae
405 3189 565 3252 voluntatis
584 3191 680 3251 solent
693 3191 803 3252 habere
818 3191 992 3267 adjunctum
1005 3207 1076 3252 exe-

42 3292 193 3358 cutorem,
213 3283 266 3358 qui
280 3280 413 3344 defuncti
425 3281 609 3342 voluntatem
622 3279 785 3358 adimplere
800 3285 925 3355 satagat,
941 3279 1078 3356 quiquea

42 3375 198 3444 testatore,
213 3373 264 3432 vel
277 3390 296 3432 a
308 3373 376 3448 jnre
389 3370 484 3430 datur.
500 3374 659 3443 executor,
673 3371 720 3430 vel
733 3375 912 3432 executores
926 3365 1077 3428 constituti

41 3477 57 3518 a
69 3467 226 3524 testatore
240 3460 304 3522 aliis
318 3460 526 3536 preferuntur,
547 3457 617 3536 pria
634 3457 665 3518 in
678 3457 915 3526 haereditatibus,¹
928 3461 959 3516 ct
972 3454 1077 3531 legatis

42 3550 137 3623 prima
162 3553 225 3615 lex
250 3549 358 3622 dicitur
380 3567 399 3611 a
421 3554 573 3620 testatore,
599 3549 764 3611 secundum
783 3548 869 3624 euius
892 3546 1077 3618 veluntatem
