2432 4078
462 211 495 226 ..
518 185 570 242 337
589 213 625 224 ..

1 300 2 308 ’
58 305 209 380 sumpserit.
226 305 309 376 erod
326 313 427 366 tumea
439 305 479 366 ud
495 306 656 380 donatoris,
676 306 728 384 put
746 307 993 382 carmeianen
1009 324 1059 370 oa-

58 391 173 452 tonditur
185 409 362 456 remorsurus
376 397 426 468 (l).
442 395 517 456 Hinc
531 402 620 470 patet,
637 413 691 472 per
708 395 951 472 ingratitudinem
965 397 1062 458 citatis

57 479 138 540 nodis
155 488 302 558 petralem
321 499 443 563 possea
461 483 615 555 donatore,
632 501 694 544 non
708 501 781 545 vero
798 485 836 544 ah
852 486 917 561 ejus
928 485 1060 562 herede,

57 567 234 630 donationem
250 571 386 632 revocari
410 577 470 644 (2);
494 571 684 632 nihilominus
710 573 832 632 donatio
854 575 933 634 facta
957 576 1060 636 Docle-

56 655 108 730 siae,
126 659 174 718 vel
193 659 250 735 piae
269 676 367 720 causae
383 657 507 737 propter
528 660 659 734 praelati,
679 662 726 722 vel
747 661 993 724 administratoris
1016 662 1061 723 in·

55 747 252 820 gratitudinem
270 764 311 809 ex
328 750 480 810 communi
500 749 721 811 canonistarum
741 750 887 810 sententia
901 767 962 810 non
979 767 1063 814 reve

55 839 126 896 catur
141 855 148 896 :
168 843 233 897 tum
246 837 315 913 quia
329 837 469 898 delictum
482 855 618 914 personae
632 854 693 898 non
706 837 795 898 debet
807 838 838 896 iu
852 837 1063 902 detrimentum

53 924 181 984 liedesiae
196 925 364 986 redundare
377 929 432 999 (3);
450 935 512 989 tum
527 927 595 1003 quis
608 925 639 986 in
650 927 697 986 his
714 925 924 986 donationibus
938 927 1063 990 donata·

54 1011 106 1072 rius
123 1020 172 1074 est
191 1013 256 1090 ipse
278 1019 366 1089 Deus,
390 1014 440 1091 qui
459 1031 623 1091 numquam
645 1020 745 1092 potest
768 1031 834 1076 esse
856 1016 990 1090 ingratus
1012 1021 1064 1088 tt).

54 1103 76 1158 t·
88 1105 179 1162 Causa
190 1102 321 1178 legitima
332 1103 511 1165 revocandae
522 1102 689 1164 donationis
704 1109 750 1164 est
764 1103 971 1179 prejudicium
982 1105 1012 1166 in
1029 1106 1072 1166 le·

53 1188 145 1264 pina
166 1190 305 1268 portione
330 1191 398 1252 liliis
417 1192 532 1252 illatum
558 1210 564 1250 :
584 1191 697 1268 justitie
720 1191 799 1252 euim
818 1209 881 1254 non
894 1192 1015 1268 pentus,
1036 1199 1071 1254 ut

55 1285 170 1356 propter
183 1279 360 1340 donationes
374 1280 403 1340 in
418 1287 579 1341 extraneos
589 1281 731 1340 damnum
745 1281 775 1338 in
789 1279 920 1356 legitima
931 1281 1068 1356 portione

54 1367 213 1428 sustineant
223 1369 289 1440 fllii3
305 1385 503 1445 quercusque
517 1371 555 1429 ad
568 1369 713 1444 integram
726 1367 888 1445 legitimam
901 1367 969 1428 filiis
984 1367 1067 1429 debi-

56 1460 108 1516 tam
121 1457 171 1516 hue
183 1455 360 1517 donationes
373 1455 559 1533 inofficiosa,
578 1457 647 1535 quia
661 1465 730 1518 sunt
742 1466 847 1518 contre
861 1457 991 1518 officium
1004 1457 1068 1533 pie·

53 1543 113 1604 tatis
123 1551 269 1621 paternae,
281 1553 406 1621 possunt
412 1547 548 1632 revocari
558 1553 609 1622 (5).
622 1551 650 1606 3·
661 1545 801 1624 Legitima
813 1563 905 1606 causa
915 1551 961 1607 est
970 1563 1070 1622 super·

53 1632 194 1694 venientia
207 1634 380 1710 liberorum,
396 1651 466 1696 cum
477 1635 554 1697 fliius
568 1635 699 1696 nascitur
711 1635 752 1696 illi
764 1634 911 1705 donatori,
925 1634 976 1712 qui
986 1635 1071 1711 prius

52 1721 121 1782 lilios
143 1739 206 1782 non
220 1723 349 1783 habebat
372 1726 413 1794 (6)
428 1743 435 1784 :
460 1740 530 1784 nam
551 1725 751 1800 praesumitur¹
767 1723 953 1798 donatorem,
969 1723 995 1784 si
1011 1723 1071 1786 hoc

55 1810 263 1884 praescivisset,
280 1827 341 1870 non
355 1811 447 1872 luisse
459 1811 649 1886 donaturum,
663 1827 732 1872 cum
745 1812 871 1897 quisque
884 1811 979 1888 magis
993 1812 1071 1874 lilios

1 1921 2 1928 ι
54 1897 161 1976 diliget,
179 1916 270 1976 quam
288 1906 447 1960 extraneos
469 1903 526 1972 (7);
541 1899 654 1963 ideirco
674 1905 816 1962 Doctores
831 1901 960 1975 tradunt,
976 1900 1069 1962 dona·

56 1987 163 2049 tionem
176 1988 288 2048 habere
301 1989 423 2049 tacitam
436 1988 654 2050 conditionem:
670 1989 703 2049 St
717 1989 799 2050 litori
816 2007 878 2050 aon
888 1997 1070 2064 cosmatum

54 2076 101 2136 sed
122 2077 156 2137 in
178 2076 388 2141 donationibus
411 2077 550 2140 Ecclesia
571 2078 657 2139 lactis
675 2095 714 2138 ex
736 2079 887 2140 communi
911 2084 1074 2142 Doctorum

54 2165 197 2226 sententia
215 2167 392 2228 donationes
411 2173 591 2229 reuocentur
610 2173 726 2227 tontum
742 2183 837 2243 usque
857 2167 896 2226 ad
912 2167 1073 2244 legitimam

54 2252 282 2417 lilltilisetdelpitepm,
296 2261 330 2314 ut
347 2253 379 2314 in
396 2255 577 2332 praecedenti
597 2273 679 2332 casu,
695 2254 765 2332 quia
785 2255 917 2316 Ecclesia
934 2257 1002 2317 loco
1022 2255 1074 2317 filii

142 2360 179 2403 ur
240 2387 247 2402 .

82 2497 118 2563 (l)
132 2498 198 2562 Gap.
214 2498 260 2549 lin.
275 2497 310 2549 de
323 2497 414 2550 donat.
428 2524 458 2535 -
472 2498 508 2564 (i)
518 2497 701 2552 Nihilominus
712 2498 874 2565 quandoque
884 2501 931 2566 jus
944 2513 1072 2552 revocen-

56 2568 81 2618 di
92 2583 127 2620 ex
140 2569 193 2622 huc
214 2581 297 2622 ceusu
320 2569 475 2622 conceditur
497 2571 709 2630 haereditarent
730 2571 755 2624 si
773 2571 886 2624 donator
899 2570 976 2624 vivus
989 2571 1074 2624 voluit

57 2638 225 2698 donatiouem
240 2653 374 2700 revocare,
385 2640 574 2706 iudiciumque
589 2641 765 2693 revocationis
778 2641 902 2705 instituit,
917 2641 988 2708 qrrod
1009 2655 1075 2708 pos·

57 2713 118 2761 sunt
134 2709 259 2762 heredes
275 2712 334 2777 ejus
356 2711 492 2778 prosequi.
508 2739 537 2750 -
551 2711 586 2777 (3)
601 2711 666 2776 Cap.
682 2711 722 2776 tt,
734 2711 767 2764 do
780 2727 835 2780 reg.
846 2714 902 2778 jur.
918 2713 946 2764 in
959 2713 982 2764 6.
997 2739 1029 2751 -
1042 2713 1078 2779 (t)

57 2780 108 2832 Per
129 2781 351 2848 ingratitudinem
367 2795 421 2833 non
445 2784 586 2834 reuocetur
605 2781 713 2834 donatio
736 2783 957 2850 remuneratorio,
975 2784 1029 2836 nisi
1049 2785 1078 2836 iu

57 2863 177 2911 excessu,
190 2865 272 2918 quem
281 2865 365 2918 supra
374 2853 501 2903 meritum
513 2853 597 2904 hahet
610 2853 778 2905 heneficium.
792 2854 967 2908 Reiffenstuel
980 2855 1015 2908 de
1026 2855 1076 2908 do·

56 2927 110 2973 nst
126 2936 142 2973 a
156 2937 184 2975 n.
200 2925 239 2975 tt,
254 2949 286 2959 -
298 2924 334 2988 (5)
351 2923 411 2974 Hoc
423 2927 470 2988 jus
484 2924 614 2976 Doctores
624 2925 770 2976 extendunt
783 2926 818 2978 ud
827 2933 962 2992 parentes,
976 2927 1078 2993 quibus

1 3057 2 3060 Ἴ
58 2991 170 3044 debetur
181 2993 311 3060 legitima.
327 2993 442 3058 Pirhing
456 2993 490 3046 de
504 2994 594 3046 donet.
608 2995 621 3058 ἕ
634 2995 673 3046 ts.
690 3023 717 3032 -
730 2995 800 3060 (6)ὃί
813 2998 954 3050 vercellos
967 2998 1078 3050 habuis·

59 3068 98 3114 set
112 3064 190 3124 lilios,
203 3065 312 3116 donatio
326 3079 380 3116 non
395 3071 544 3127 revocatur,
564 3067 629 3131 quia
641 3066 731 3118 sciens
745 3067 796 3119 hoc
810 3068 925 3120 lecisset.
935 3097 966 3106 -
978 3069 1013 3134 (ll
1021 3069 1080 3120 Hoc

57 3147 150 3186 verum
163 3140 214 3196 est,
229 3137 336 3202 qnando
360 3137 468 3190 donatio
482 3151 581 3202 magne
603 3143 652 3197 est,
667 3137 709 3188 vel
721 3139 786 3191 satis
806 3140 949 3200 notabilist
964 3153 1027 3192 nem
1052 3141 1081 3192 in

59 3205 200 3259 donatione
214 3208 328 3271 modice,
338 3209 382 3259 vel
395 3219 478 3272 perra
492 3208 626 3259 revocatio
636 3221 689 3259 non
699 3208 778 3272 cadit,
788 3223 850 3262 cum
861 3211 933 3262 dicte
942 3224 1074 3278 prasum-

59 3278 115 3341 ptio
128 3279 187 3344 capi
199 3293 254 3330 uon
269 3279 363 3346 possit.
379 3305 411 3320 -
425 3279 461 3344 (tt)
475 3278 589 3344 Pirluing
600 3278 634 3331 ds
646 3278 737 3332 donat.
749 3280 761 3344 l
772 3280 811 3334 tt.
895 3281 901 3290 ‘

96 3463 156 3524 dol.
182 3465 280 3525 Altera
301 3481 372 3542 pars
390 3465 479 3543 hujus
496 3464 572 3526 tituli
592 3465 714 3542 respicit
737 3465 981 3540 transactionem,
1007 3483 1075 3546 quae

62 3555 158 3625 potest
169 3554 294 3632 deliniri,
313 3556 419 3634 poclm,
437 3563 491 3619 out
508 3556 656 3620 mecentio
669 3557 704 3620 de
716 3573 749 3620 rc
763 3557 865 3634 poma,
879 3563 938 3636 uut-
953 3555 1003 3621 tite
1023 3557 1072 3620 iu·
