2524 4080
529 237 690 297 ..m-

135 361 172 428 (Ι)
186 361 253 427 Gap.
268 360 308 424 tt,
323 361 358 414 do
372 359 442 414 otio.
463 360 550 428 deicg.
564 388 591 400 -
606 361 642 428 (i)
656 362 720 428 Gap.
737 361 774 423 it.
795 363 855 416 eod.
867 365 897 417 iu
910 365 936 418 o.
955 389 980 406 ···
1000 365 1035 432 (³)
1053 366 1119 420 Gan.

109 432 149 498 33,
163 447 187 485 o.
201 433 226 495 2,
243 446 268 498 q.
284 432 308 484 6.
324 459 352 472 -
365 433 402 498 (t)
415 432 612 498 Compromiaao
625 433 695 490 iacto
721 434 749 486 in
763 436 880 489 arbitros
899 439 988 503 potest
1013 437 1123 504 adiungi

104 505 288 570 jurameutum
299 502 332 556 de
342 504 456 556 arbitrio
466 503 605 557 sanando.
618 505 683 573 Gap.
699 506 759 560 ido
772 508 867 572 arbit.;
884 513 971 574 potest
985 511 1066 562 otiam
1073 509 1124 562 ari·

103 573 181 640 iungi
196 587 284 640 prena,
303 573 350 626 aed
363 575 409 642 qui
423 588 530 640 poenam
545 575 658 640 requirit
672 579 833 642 regulariter
846 592 900 630 nou
913 579 1030 646 amplius
1048 582 1127 646 jura·

104 647 319 768 &exceptione
340 645 380 698 rei
402 645 540 714 judicata.
552 646 615 712 cap.
630 647 655 711 a,
668 648 726 701 eod.
744 675 775 689 -
788 649 824 716 (5)
837 649 965 704 Doctores
986 650 1021 704 ad
1036 651 1077 703 tit.
1092 651 1128 705 da

154 729 163 766 ι
178 755 184 767 ,

474 1195 678 1278 TITULUS
702 1195 769 1276 111.

233 1438 270 1484 or
283 1437 445 1497 imorum,
460 1437 495 1487 rr
509 1435 583 1497 urm,
599 1434 725 1492 ransom
737 1434 842 1482 runmu
853 1403 1001 1483 rumoris.

100 1625 263 1680 Smntulr
276 1627 332 1680 750.
345 1626 401 1688 Ouia
414 1627 445 1680 eit
457 1629 529 1690 amor,
545 1629 631 1694 atqua
643 1626 693 1692 otus
703 1624 834 1692 partiat·¹
846 1625 901 1678 751.
915 1625 970 1686 oria
985 1625 1016 1678 ait
1027 1638 1093 1692 roua,
1105 1630 1130 1679 at

132 1697 247 1764 quomodo
261 1711 286 1750 aa
299 1697 423 1750 infeudati
438 1725 465 1737 -
479 1698 535 1750 752.
549 1697 592 1758 Qui
607 1701 630 1748 et
643 1697 721 1764 qoatm
732 1700 901 1763 procuratores,
915 1697 954 1762 qut
966 1696 1128 1748 macarii?-

132 1767 187 1820 7⁵3.
200 1770 256 1828 Qua
269 1769 314 1820 aiat
325 1768 455 1821 cacumina
474 1769 534 1821 iuter
549 1773 730 1835 procuratorem,
742 1773 765 1819 at
782 1767 935 1819 mvocawm‘t
948 1795 979 1807 -
991 1769 1047 1819 75t.
1064 1768 1126 1822 Pro·

131 1843 224 1892 contm
237 1839 304 1892 mitat
314 1841 419 1894 exhibere
433 1840 582 1918 mutatum?
591 1869 623 1880 -
636 1839 692 1894 755.
707 1841 763 1900 ttuia
776 1839 849 1905 potati
860 1851 911 1890 aare
929 1839 1081 1904 procurator?
1095 1867 1130 1878 -

133 1909 189 1962 ico.
209 1911 253 1972 Qui
271 1911 377 1964 ninom
396 1912 502 1978 amdam,
523 1916 546 1964 et
563 1926 577 1964 a
592 1911 675 1978 quibua
693 1909 876 1963 mostituaotur‘t
889 1936 921 1948 —
933 1910 989 1961 tsi.
1003 1910 1127 1969 Quomodo

135 1988 209 2034 ceaaet
220 1985 374 2050 crematoris
384 1983 503 2037 cinnum?
521 2011 551 2022 -
574 1982 627 2035 758.
644 1981 702 2043 ont
716 1994 792 2047 agere,
807 1985 829 2032 at
841 1981 919 2033 carere
934 1979 1014 2032 debeat
1025 1981 1127 2036 advoca·

136 2053 190 2106 tuat
205 2084 231 2092 -
245 2055 299 2107 759.
314 2056 369 2115 Qua
383 2054 542 2121 prohibeantur
554 2053 672 2117 advocato,
685 2056 708 2105 et
722 2052 863 2119 procrratort
882 2055 948 2117 pacta
960 2066 1011 2103 oum
1025 2053 1129 2105 cliente!

133 2149 165 2162 —
177 2125 231 2176 ¹160.
245 2126 301 2186 Quia
319 2128 349 2178 ait
367 2125 493 2178 maaaaori
505 2153 537 2164 -
549 2126 605 2177 itti.
623 2124 680 2184 Quia
700 2127 818 2190 promotor
840 2123 932 2185 trouu,
950 2127 973 2174 et
991 2124 1057 2188 quate
1074 2126 1128 2190 ejus

132 2196 253 2250 otidum?
269 2225 296 2236 -
312 2199 367 2250 tot.
382 2198 457 2250 curia
474 2197 619 2250 mumihmm
635 2197 695 2263 qun.
707 2200 732 2248 at
748 2195 813 2262 qualo
826 2195 876 2260 olna
891 2193 1008 2248 offitium?
1023 2221 1055 2236 -
1068 2195 1127 2248 toa.

134 2267 229 2329 curor,
238 2272 264 2322 at
276 2270 326 2335 etur
340 2267 463 2324 officinm?
871 2300 873 2309 ,

135 2456 198 2513 750.
218 2450 273 2522 Qui
285 2450 315 2510 in
327 2449 439 2526 judicio
454 2447 532 2510 cirili
553 2447 665 2524 aliquid
689 2449 728 2508 ab
748 2446 807 2508 alio
822 2449 907 2524 petit,
920 2447 1131 2525 judiciumque

101 2546 255 2617 provocat,
270 2541 356 2598 Actor
381 2538 419 2598 ab
441 2538 557 2614 agendo
582 2537 699 2610 dicitur,
719 2536 791 2596 dum
810 2535 842 2595 iu
853 2535 1129 2612 J'udiciocriminaii

101 2629 211 2690 dicitur
225 2630 393 2688 temerator.
402 2632 492 2688 notor
505 2625 699 2686 intentionem
712 2641 796 2686 suem
808 2625 837 2684 in
848 2626 960 2702 judicio
973 2625 1128 2686 ordinario

101 2734 155 2794 par
167 2718 299 2779 libellum
312 2733 400 2776 auum
417 2715 576 2792 proponit3
600 2715 783 2792 propositam
806 2721 907 2774 aurem
930 2713 1129 2776 intentionem

102 2811 218 2864 tenetur
231 2805 359 2881 probare
377 2824 383 2864 :
404 2821 475 2865 uam
491 2803 567 2880 juris
587 2803 764 2880 principium
786 2808 841 2877 est,
864 2803 890 2862 ei
903 2803 954 2879 qni
967 2803 1036 2864 dicit
1050 2819 1129 2866 nnuc

99 2893 242 2968 probandi
256 2892 414 2966 incumbit,
427 2892 523 2966 aliter,
545 2899 647 2952 actore
666 2909 726 2952 non
741 2892 896 2968 probante,
908 2908 979 2952 reus
992 2889 1125 2952 absolvi·

100 2987 159 3053 tur,
173 2979 242 3040 licet
255 2979 326 3039 nihii
341 2979 404 3056 ipae
419 2979 589 3056 praestiterit
605 2985 661 3054 (t):
685 2987 803 3042 tenetur
817 2997 936 3056 quoque
957 2981 1039 3040 litem
1055 2997 1129 3056 pro-

102 3068 202 3144 sequi,
217 3085 304 3130 aecus
319 3067 409 3142 euim,
425 3069 449 3128 ai
463 3087 525 3130 non
539 3078 711 3146 compareat
722 3069 753 3130 iu
767 3068 894 3130 termino
907 3069 1042 3145 partibus
1055 3071 1129 3147 aiu·

101 3157 167 3220 dioc
178 3157 341 3234 assignato,
356 3158 574 3218 condemnatur
588 3159 617 3218 in
633 3175 781 3234 expensas
803 3175 822 3218 a
839 3175 893 3218 reo
916 3158 1010 3218 motas
1029 3162 1083 3234 (t),
1098 3166 1129 3220 et

102 3263 180 3308 nova
193 3245 293 3310 citatio
313 3263 375 3314 non
400 3247 584 3321 conceditur,
602 3246 659 3306 nisi
670 3252 785 3322 caveat,
805 3249 886 3325 quod
899 3247 1084 3324 comparebit
1097 3248 1129 3314 in

102 3336 243 3407 termium
266 3353 326 3411 quo
349 3336 536 3411 adveniente,
558 3336 583 3396 si
603 3337 713 3398 iterum
729 3342 892 3398 contumax
905 3337 953 3413 ait,
969 3337 1128 3414 iudicium,

101 3438 155 3482 reo
167 3421 306 3498 instante,
320 3423 454 3497 vertitur,
470 3434 501 3484 ct
514 3426 660 3487 sententia
679 3426 774 3486 fertur
791 3429 803 3497 (
821 3430 844 3498 ).

132 3555 169 3619 (Ι)
182 3557 248 3625 Gap.
258 3559 282 3618 3,
294 3559 328 3611 da
342 3571 417 3610 caua.
432 3574 539 3625 possea.
553 3591 584 3601 -
599 3563 633 3626 (i)
650 3565 715 3630 Gap.
732 3567 754 3624 i,
767 3565 801 3618 da
816 3565 870 3617 dot.
883 3567 909 3616 ct
928 3568 1045 3617 contum.
1059 3565 1088 3616 iu
1101 3565 1125 3617 6.

103 3647 134 3664 -
147 3621 182 3690 (i)
196 3627 260 3692 Cep.
277 3629 301 3689 5.
323 3627 393 3691 eod..
408 3643 466 3698 cop.
483 3633 495 3684 t
511 3633 569 3688 aod.
588 3633 617 3685 in
640 3633 664 3687 6.
685 3636 775 3702 Agora
792 3635 823 3688 in
843 3635 946 3703 judicio
964 3635 1127 3702 msulariter
