2524 4080
585 229 622 242 ..
638 201 693 260 m
709 229 746 244 .-

141 323 216 394 suln,
230 322 307 398 qrrod
322 322 349 382 si
365 337 466 382 ornem
483 323 621 384 interesse
639 329 795 398 mntem,
813 322 871 384 dua
893 337 959 382 eom
978 328 1149 398 conantum.

140 416 214 474 llam
235 409 333 488 primo
352 427 424 471 casu
441 427 546 471 omnes
565 409 676 470 debent
693 411 731 470 ad
748 410 890 487 judicium
912 427 1095 483 concurrere,
1116 425 1151 469 ac

140 500 266 578 proinde
287 500 313 558 si
329 505 401 572 tres,
420 507 454 560 ut
474 499 560 572 solet,
578 499 639 560 dati
659 499 717 560 sint
736 499 854 574 jndices
876 499 1014 575 delegati,
1029 497 1153 558 omnium

140 604 307 650 concursus
319 587 480 664 requiritur
494 587 531 648 ad
546 586 705 663 quemlibet
719 595 819 648 actum
830 587 1012 664 iudicialem,
1027 595 1057 648 et
1075 587 1155 648 etiam

140 677 179 738 nd
199 677 385 750 sententiam,
408 693 497 754 quam
518 675 628 736 debent
649 691 754 736 omnes
776 677 975 750 subscribere,
997 676 1065 736 licet
1085 693 1156 735 unns

141 765 231 828 tuerit
249 781 439 843 repugnem,
455 765 540 826 aliter
562 772 648 826 nctus
661 772 740 826 esset
761 767 860 826 nullus
873 771 924 839 (t).
940 767 1078 826 seeundo
1091 781 1157 824 casu

141 856 212 929 dno,
226 855 275 914 vel
288 871 366 914 unns
376 860 475 930 potest
488 869 663 931 processum
675 853 828 927 inchoare,
843 861 873 915 et
884 855 1063 915 sententiam
1075 855 1154 925 terre,

141 959 199 1004 nec
212 944 261 1004 alii
273 943 304 1002 in
316 943 445 1004 decursu
457 959 619 1020 processus
632 943 759 1019 amplius
770 942 975 1016 admittuntur,
991 943 1047 1004 nisi
1061 940 1156 1020 quiin·

141 1039 262 1110 ceperat
275 1033 452 1110 procedere,
465 1031 620 1106 moriatur,
639 1037 690 1092 aut
703 1032 879 1106 inflnnetur,
894 1039 945 1092 aut
957 1033 1019 1092 alie
1034 1032 1157 1093 detinea-
1254 1043 1255 1050 ¹

142 1128 192 1184 tur
203 1124 283 1198 iusta
296 1138 387 1180 eausa
401 1123 453 1194 (2),
468 1120 566 1180 lartio
585 1137 658 1180 casu
677 1120 737 1181 duo
759 1127 886 1197 possunt
904 1121 1071 1198 procedere
1083 1124 1158 1196 pest-

139 1227 234 1289 ¹quarn
247 1210 424 1298 eonstiterit,
448 1209 568 1271 tertium
589 1225 643 1286 per
663 1209 807 1271 nuncium
821 1216 960 1272 vocatum
983 1222 1047 1271 non
1069 1225 1158 1285 posse,

147 1305 199 1360 ent
210 1299 290 1360 nolle
303 1300 448 1360 interesse
463 1300 514 1372 (3).

174 1473 212 1539 (t)
224 1474 293 1540 (lap.
312 1471 351 1537 te,
368 1473 402 1526 de
412 1471 481 1526 odic.
495 1470 582 1536 deleg.
597 1498 628 1509 -
641 1471 676 1537 (i)
686 1471 753 1538 Gap.
774 1471 799 1537 8,
814 1471 874 1524 eod.
890 1472 918 1523 in
935 1473 958 1524 e.
971 1499 1002 1512 -
1017 1473 1053 1538 (3)
1065 1468 1157 1537 candi

144 1546 177 1600 dc
192 1544 259 1596 effic.
274 1544 360 1612 daleg.

179 1743 241 1799 737.
263 1737 398 1798 officium
409 1736 518 1813 judicis
532 1737 659 1813 delegati
672 1736 762 1796 variis
778 1735 876 1798 modis
890 1742 1009 1798 cessat:
1026 1741 1061 1797 ut
1073 1737 1160 1794 morte

144 1824 319 1902 delegantis,
339 1842 373 1885 re
393 1826 526 1902 integra3
546 1833 643 1888 morte
661 1823 799 1900 delegati,
819 1824 845 1884 si
865 1825 1012 1900 delegatio
1031 1825 1108 1884 tacta
1128 1820 1161 1881 sit
1254 1823 1255 1830 ’

143 1931 289 1994 persenae,
302 1931 363 1974 non
373 1912 518 1988 dignitati,
534 1913 725 1974 revocatione
734 1911 942 1990 delegatione,
955 1913 1045 1989 lapsu
1054 1918 1162 1987 tempo·
1254 1961 1255 1974 .

144 2005 186 2068 ris
199 2005 229 2064 in
244 2003 430 2079 delegatione
443 2002 595 2075 concessi,
610 2002 798 2066 recusatione
812 2001 960 2079 suspecti;
975 2008 1006 2062 et
1019 2001 1103 2062 finito
1116 2013 1163 2060 ne·
1254 1977 1255 2006 ³

145 2091 237 2170 gotio,
249 2098 282 2152 ut
295 2090 321 2151 si
331 2092 485 2167 delegatus
497 2091 677 2152 sententiam
687 2089 870 2151 definitivam
880 2091 944 2166 jam
955 2085 1163 2166 pronunciare

145 2181 193 2254 rit,
209 2191 239 2240 et
254 2179 430 2242 executione
446 2179 642 2253 mandauerit,
657 2180 705 2239 vel
719 2197 773 2256 per
786 2179 962 2240 seutentiam
975 2178 1164 2238 interlocuto-

145 2271 233 2344 riam,
246 2271 272 2331 si
285 2287 319 2332 se
332 2270 583 2345 incompetentem
604 2267 713 2328 dixerit
727 2272 778 2341 (t).
794 2271 902 2328 verum
914 2268 952 2327 de
964 2268 1026 2328 hoc
1040 2267 1113 2327 illud
1124 2269 1164 2324 est
1253 2299 1254 2302 =

144 2359 356 2432 adnotandum,
386 2358 467 2435 quod
491 2359 644 2433 delegatus
666 2357 851 2433 Apostolicus
882 2363 981 2433 potest
1009 2372 1105 2434 usque
1131 2351 1166 2412 ad
1253 2379 1254 2392 κ

146 2463 259 2510 annum
278 2462 333 2523 per
354 2463 387 2507 sa
410 2463 496 2506 snam
517 2447 696 2507 sententiam
718 2446 836 2522 exequi,
851 2444 909 2505 nisi
930 2445 1003 2505 velit
1026 2461 1095 2506 eam
1114 2459 1163 2520 pro

146 2536 324 2597 executione
339 2534 432 2612 iudici
445 2531 594 2594 ordinario
610 2533 796 2596 committere
809 2539 861 2607 (t).
876 2537 911 2593 tt
924 2533 1080 2610 delegatus
1091 2530 1164 2607 judi·
1253 2611 1254 2614 Ἴ

148 2626 190 2686 eis
204 2624 361 2697 inferioris,
377 2623 428 2684 ubi
443 2623 529 2686 datus
553 2630 597 2684 est
611 2623 650 2684 ad
662 2630 775 2684 certam
797 2637 928 2698 causam,
941 2639 1029 2682 suam
1048 2625 1163 2681 senten·
1253 2667 1254 2671 ,

146 2714 218 2776 dam
240 2713 348 2790 exequi
369 2712 543 2789 regulariter
565 2713 681 2790 nequit,
705 2729 796 2788 quam
824 2707 919 2784 debet,
939 2708 1089 2786 deleganti
1114 2723 1164 2784 pro

147 2803 324 2863 executione
335 2803 487 2862 remittere
502 2805 553 2875 (3).
949 2833 952 2842 2

178 2958 213 3024 (t)
229 2957 323 3023 Engel.
336 2958 395 3012 eod.
409 2959 450 3010 tit.
462 2973 490 3010 n.
502 2960 542 3010 tl.
554 2985 582 2999 -
595 2958 630 3024 (t)
644 2959 707 3024 Gap.
724 2957 777 3010 'let
788 2956 829 3021 te,
844 2955 903 3010 eod.
918 2983 948 2996 -
961 2956 997 3022 (3)
1010 2955 1079 3022 (lap.
1101 2954 1123 3014 t,
1133 2952 1163 3005 da
1252 2949 1253 2986 l

148 3030 198 3083 tor.
211 3043 297 3096 comp.

183 3239 246 3295 7⁴8.
266 3231 379 3294 Arbiter
391 3232 432 3292 ita
443 3232 581 3293 definitur
600 3232 744 3304 abeunti,
761 3231 883 3305 scilieet,
898 3229 1012 3292 Arbiter
1025 3236 1068 3289 est
1077 3225 1163 3306 jede

148 3325 188 3385 od
201 3322 436 3400 cognoscendam,
450 3321 668 3398 delendumque
684 3321 911 3381 controuersiam
926 3319 1106 3396 litigantium
1118 3331 1162 3376 on-

119 3478 123 3490 ,
151 3413 265 3470 tenetote
284 3411 469 3477 constitutus,
490 3410 549 3468 sive
569 3411 600 3470 id
619 3410 687 3486 lepis
707 3411 829 3486 irnperio
846 3410 1050 3485 simmetrius
1070 3410 1161 3484 apeme

149 3511 206 3553 sno
218 3501 241 3565 (t
250 3505 270 3565 ).
285 3502 329 3554 Ex
343 3496 500 3570 postremis
519 3497 607 3572 hujus
620 3497 801 3560 definitionis
814 3499 914 3558 verbis
928 3498 1021 3560 oritur
1041 3495 1160 3556 arbitre-

119 3581 120 3586 ’
150 3595 218 3638 rum
231 3582 336 3641 divisio
355 3583 575 3646 incunctantius
591 3591 621 3646 et
633 3586 830 3654 uoluntarius,
846 3585 896 3661 qni
919 3583 1062 3664 postremi
1076 3582 1158 3647 etan
