2432 4078
474 147 634 210 -ess-
681 187 682 192 a
752 133 754 140 ’

73 277 125 330 ctus
139 279 166 332 et
177 273 304 350 redditus
316 273 465 334 bonorum
475 275 561 350 Juxta
574 273 614 350 pii
626 273 726 350 operis
738 269 953 348 fundationem,
967 279 997 334 et
1010 285 1064 334 na·

71 366 149 420 turam
161 361 319 423 insumere:
335 380 405 422 nam
419 363 444 422 si
455 380 507 422 eos
520 363 550 423 in
566 365 726 439 proprium
735 363 926 432 commodum
939 379 1065 423 conver-

70 453 136 524 teret,
149 452 245 513 dolum
259 451 458 514 committeret
469 450 669 526 menifestum,
684 459 714 512 et
733 458 959 528 presumptum,
974 451 1000 510 si
1012 469 1066 512 ne·
1091 499 1093 506 1

68 538 172 614 gignet
185 557 236 602 eos
253 541 424 618 expendere
442 541 528 615 J'uxta
544 539 725 600 fundationis
747 541 848 614 tinem,
873 547 903 601 et
925 557 1068 602 censuras

67 626 211 689 incurreret
233 634 298 702 (3),
321 635 351 688 4⁰
373 628 504 689 rationes
533 628 794 690 administrationis
819 646 882 690 suae
908 627 1068 706 quotannis

66 715 192 793 Episcopo
204 717 342 792 reddere,
356 735 418 778 nou
432 717 617 778 obstantibus
631 718 908 793 consuetudinibus,
927 724 957 778 et
976 715 1068 796 priri-

67 803 134 880 legiis
146 805 173 866 in
187 805 369 868 contrarium
378 810 419 882 (t)

89 1009 118 1074 (t)
129 1009 206 1064 ciem.
224 1013 249 1077 1,
267 1011 302 1065 de
325 1011 402 1076 relig.
417 1011 516 1066 domib.
528 1012 629 1066 Omnes
642 1024 708 1065 sons
721 1011 853 1072 acclesiae.
870 1011 1067 1075 eibeueticiati,

66 1083 86 1130 et
97 1083 234 1144 presertim
249 1082 403 1148 capitulum
426 1083 550 1136 ecclesie
564 1083 726 1136 cathedralis
744 1088 872 1138 tenentur
887 1084 1025 1148 conficere,
1040 1087 1068 1134 et

65 1151 146 1204 habena
159 1154 338 1206 inventarium
349 1155 468 1207 omnium
484 1169 574 1206 rarum
592 1159 619 1208 et
631 1156 772 1214 bonorum,
783 1161 813 1208 ut
824 1155 963 1208 mandavit
976 1155 1068 1206 Sixtus
1143 1190 1145 1195 -

65 1223 90 1284 V,
102 1229 161 1276 teste
173 1225 312 1288 Quarante
325 1226 354 1276 iu
364 1240 432 1278 sum.
448 1225 550 1278 Butler.
563 1227 646 1278 verbo
654 1226 820 1280 arctiorem.
831 1253 860 1266 -
873 1226 908 1290 (1)
916 1225 1068 1278 Cardinalis

66 1292 140 1360 Sogtie
149 1297 211 1348 inst.
221 1299 278 1363 Jur.
296 1298 367 1363 priv.
381 1296 394 1365 p
409 1299 460 1350 111,
479 1299 544 1350 ideo
554 1312 588 1350 ex
602 1298 829 1351 declarationibus
850 1310 935 1349 sacres
949 1297 1066 1362 Congre-

65 1366 159 1428 gatiouis
175 1369 287 1420 concilii
301 1367 337 1420 ed
349 1369 449 1420 damna
458 1369 611 1436 reparanda
627 1372 733 1422 tenetur
742 1368 954 1427 administrator,
965 1367 1012 1434 qui
1026 1367 1067 1418 iu-

62 1438 144 1500 jnstam
153 1439 226 1492 litem
240 1440 379 1505 sustinuit,
393 1444 423 1492 ut
432 1441 460 1491 in
469 1455 523 1492 uua
535 1436 704 1508 Senopntt'en.
721 1441 748 1492 15
762 1443 866 1506 august.
878 1439 946 1504 1831,
961 1439 1025 1491 item
1038 1438 1067 1489 in

64 1521 106 1558 nnn
117 1507 261 1563 dementart.
278 1511 309 1562 19
323 1510 444 1564 decemb.
463 1512 531 1574 1838,
546 1519 572 1564 et
583 1512 639 1578 qui,
655 1512 853 1564 contradicente
866 1511 1010 1576 Episcopo,
1020 1522 1067 1561 vo·

64 1577 103 1630 lnit
112 1581 218 1646 litigare,
231 1585 263 1634 ut
276 1582 304 1632 in
315 1584 472 1649 nuperrima
492 1583 636 1647 decisione,
655 1597 736 1650 quam
759 1584 842 1636 refert
856 1588 950 1633 euctor
963 1593 1066 1634 correa-

41 1647 43 1652 ’
63 1651 128 1713 pond.
140 1653 170 1704 de
183 1651 257 1708 Rom.
273 1653 325 1704 sub
341 1654 384 1706 die
400 1653 431 1704 14
449 1655 569 1706 decemb.
591 1655 658 1708 1850.
673 1681 704 1692 -
725 1655 763 1722 13)
782 1653 948 1706 Monaceilus
969 1666 1028 1717 par.
1041 1652 1066 1710 1,

64 1720 94 1772 tit.
108 1722 182 1786 t,ior.
196 1724 236 1783 15,
251 1739 280 1784 n,
297 1724 333 1775 13.
349 1751 380 1762 -
404 1725 439 1790 (i)
460 1725 533 1777 Trid.
550 1739 616 1778 sess.
631 1725 672 1790 11,
686 1739 710 1778 c.
731 1726 754 1786 9,
777 1725 810 1778 de
830 1725 879 1776 rei.
904 1723 964 1774 Hoc
987 1723 1069 1774 etiam

64 1795 173 1860 procedit,
188 1797 297 1862 qnando
310 1800 422 1848 testator
434 1802 604 1849 executorem
624 1810 733 1850 suume
754 1796 905 1848 rationibus
923 1794 1069 1846 reddendis

64 1861 178 1931 liberavit,
192 1871 222 1918 ut
243 1865 378 1918 sancitum
402 1871 443 1919 est
464 1867 492 1920 in
518 1869 604 1936 capite
619 1868 666 1936 ii,
681 1868 715 1920 de
738 1872 841 1920 testam.
867 1870 896 1918 et
913 1864 1069 1929 nuperrima

63 1942 102 1994 init
113 1959 127 1996 a
140 1945 166 1997 S.
175 1947 389 2012 congregatione
405 1948 518 1999 concilii
530 1948 679 2000 resolutum
694 1947 738 1997 die
751 1947 781 1998 10
790 1945 912 1998 decemb.
931 1943 1008 2004 1856,
1021 1943 1069 1994 sed

63 2011 155 2080 insuper
177 2017 328 2083 Episcopus
344 2021 431 2082 potest
449 2017 533 2070 libros
548 2015 790 2070 administrationis
813 2017 962 2082 roquirere.
974 2013 1068 2065 Mons·

62 2085 131 2139 sellus
144 2092 212 2154 part.
230 2091 254 2152 1,
272 2088 312 2139 tit.
328 2089 352 2150 t,
366 2089 416 2139 sor.
433 2087 470 2150 is,
483 2103 510 2140 u.
527 2088 552 2140 7.
567 2091 591 2140 Α
606 2088 751 2141 reddendis
771 2088 922 2140 rationibus
935 2087 1070 2138 immunes

62 2161 111 2207 sunt
122 2159 270 2225 Regulares
284 2159 410 2224 exempti,
425 2160 472 2226 qui
487 2159 572 2212 iibere
586 2161 689 2226 absque
702 2159 759 2211 ulls
772 2158 806 2211 sb
822 2159 957 2224 Episcopo
966 2158 1069 2224 depen-

61 2223 135 2282 dentia
149 2245 198 2284 sua
210 2233 284 2286 bona
296 2229 493 2287 administrant.
509 2231 582 2284 Trid.
598 2243 664 2284 sess.
678 2230 718 2284 25.
734 2244 758 2283 c.
772 2232 799 2294 1,
812 2230 846 2283 de
858 2231 956 2298 Regul.
