2524 4080
188 288 339 352 accusatio
364 287 554 364 proponitur.
582 291 706 368 insuper
730 286 874 364 iudicium
903 283 987 346 civile
1013 282 1128 344 dividitur
1146 281 1173 338 in
1246 305 1247 312 κ

187 377 384 457 personuisset
401 375 489 445 scula,
503 375 535 434 in
559 377 684 452 simplos
708 384 738 437 et
760 375 878 452 staplen,
892 375 923 434 in
944 371 1126 451 possessorium
1147 374 1173 428 ct

172 466 367 543 petitoriam.
388 466 544 524 personate
558 472 618 538 est,
639 465 721 540 quod
735 465 766 524 in
784 480 960 540 personam,
974 468 1002 522 et
1020 456 1174 534 reale,qund

187 555 218 615 in
231 571 297 616 rem
309 551 509 631 principaliter
520 552 690 613 instituitur.
702 553 833 630 Simplex
846 551 963 624 dicitur,
974 550 1099 610 ubiunus
1109 551 1176 606 acto

185 645 238 718 ris,
253 651 283 704 et
296 643 370 702 alius
382 643 426 702 rai
439 657 598 720 personam
616 641 759 716 sustinct;
781 649 810 702 et
825 641 948 716 duplex,
962 639 1012 700 ubi
1027 645 1137 712 uterquc
1147 633 1188 692 si·
1246 687 1247 706 ,

184 733 247 794 mul
261 731 380 804 actoris,
398 737 428 790 ct
445 729 489 790 rei
510 747 668 805 personam
690 731 777 806 gerit,
798 731 842 792 uti
866 731 896 790 in
909 729 1023 806 iudiciis
1044 723 1177 788 divisoris.

185 819 405 882 Possessorium
430 819 551 878 demum
574 826 708 892 vocatur,
734 820 765 880 in
787 837 847 895 quo
868 820 906 878 de
932 817 1121 894 possessione,
1138 823 1180 870 sut
1246 821 1247 846 l

184 909 269 988 quasi
282 907 471 986 possessione
484 907 686 984 adipiscenda,
699 909 747 968 rel
760 907 924 980 retinenda,
939 909 988 968 vel
999 901 1180 982 recuperanda
1246 957 1247 968 2

183 998 369 1074 disputatum
389 995 559 1072 petitorium
575 1013 659 1070 vero,
673 997 704 1056 in
726 1013 786 1072 quo
807 997 845 1056 de
864 995 1006 1066 dominio,
1026 1001 1054 1055 ct
1067 991 1179 1070 proprie·
1246 989 1247 1054 l

182 1095 253 1160 tate,
267 1091 319 1146 aut
332 1101 521 1162 quocumque
531 1085 599 1161 jurc
612 1084 643 1144 in
656 1084 739 1146 nelis
753 1091 899 1146 movetur.
910 1084 1049 1144 ‘Similiter
1060 1079 1181 1160 judicium
1246 1089 1247 1100 ¹

183 1176 336 1237 criminale
348 1173 514 1234 subdivitur
526 1173 557 1232 in
568 1173 700 1250 capitale,
716 1180 748 1234 et
765 1189 828 1233 con
842 1174 984 1250 cupitulc,·
999 1173 1068 1234 illud
1080 1167 1183 1232 intenuit

182 1267 212 1325 in
224 1270 363 1338 mortem,
377 1263 437 1323 hoc
449 1279 522 1322 vero
535 1262 565 1321 in
579 1279 700 1338 poenam
712 1269 829 1322 tantum
841 1263 975 1340 corporis
992 1261 1154 1322 afflictiram.
1246 1277 1247 1316 r

218 1359 281 1414 737.
302 1353 386 1412 Circa
408 1351 589 1428 petitorium,
608 1358 638 1412 ct
653 1350 870 1428 possessorium
890 1351 1038 1427 judicium
1060 1349 1124 1410 illud
1145 1345 1184 1406 hic

182 1445 368 1514 adnotamus,
392 1440 474 1518 quod
494 1440 697 1516 utrumquem
711 1440 978 1514 comminuentis,
996 1448 1132 1502 etcoram
1143 1451 1183 1494 eo·
1246 1441 1247 1496 l

182 1533 252 1592 dem
265 1530 364 1605 judice
378 1529 560 1604 regumriter
577 1535 676 1606 potest
698 1531 837 1605 proponi,
863 1536 893 1590 et
910 1528 1068 1603 cumulari,
1087 1540 1186 1600 unaque
1246 1525 1247 1598 l

180 1617 327 1680 sententia
354 1616 506 1677 terminari
526 1621 577 1690 (l).
601 1623 636 1678 st
653 1618 679 1676 si
700 1624 800 1693 partes
819 1619 857 1678 de
871 1620 1059 1696 possessorio
1081 1622 1185 1676 conten·
1246 1683 1247 1688 γ

182 1710 264 1781 dant,
279 1705 358 1783 quod
377 1705 517 1766 facilioris
536 1713 581 1767 cst
594 1705 788 1784 probationis,
806 1707 889 1784 prius
903 1707 940 1768 dc
954 1709 1016 1770 hoc
1029 1705 1143 1768 ferenda
1152 1707 1186 1761 est

181 1794 325 1858 sententia
337 1797 389 1867 (i),
404 1811 464 1870 qua
478 1795 683 1870 pronunciata,
698 1796 795 1856 victus
807 1803 906 1872 potest
915 1797 1016 1858 adhuc
1029 1797 1059 1857 in
1069 1791 1186 1870 petitorio
1246 1851 1247 1854 ,

180 1902 268 1962 agere
284 1899 364 1943 :non
379 1881 458 1942 enim
471 1891 627 1960 repugnat,
639 1883 790 1944 victurnio
801 1903 894 1945 eausa
905 1885 1105 1962 possessionis
1115 1897 1188 1960 posse

178 1975 299 2034 vincere
312 1973 343 2032 in
361 1989 451 2032 causa
470 1972 671 2048 proprietatis,
693 1989 762 2033 cnm
781 1974 846 2049 quis
860 1974 954 2049 possit
973 1993 1044 2036 esse
1057 1973 1186 2038 dominus
1246 1965 1247 1978 ¹

177 2064 250 2124 licet
263 2079 324 2122 non
337 2061 373 2120 sit
388 2075 553 2137 possessor.
567 2062 624 2121 Sed
636 2077 675 2122 ex
690 2064 817 2122 adverso
831 2079 891 2122 non
911 2063 981 2123 licet
995 2064 1076 2124 victo
1089 2058 1189 2138 inpeti-

179 2153 257 2212 torio
271 2151 309 2210 ad
327 2150 546 2226 possessorium
559 2150 687 2225 regredi,
705 2151 774 2226 quia
787 2151 958 2226 petitorium
972 2153 1114 2212 absorbet
1125 2151 1151 2211 in
1164 2165 1189 2206 se

178 2239 414 2320 possessorium,
437 2255 534 2314 neque
548 2238 616 2298 licet
629 2238 723 2299 actori
737 2245 806 2315 post
828 2240 1058 2304 conclusionem
1071 2240 1101 2300 in
1114 2253 1190 2300 causa

177 2349 195 2392 a
209 2328 346 2408 petitorio
361 2328 401 2386 ed
414 2327 631 2402 possessorium
652 2328 810 2401 declinare,
834 2346 1017 2406 quamquam
1031 2330 1118 2390 liceat
1133 2332 1190 2387 ante

137 2419 146 2434 “
177 2419 409 2490 conclusionem,
433 2412 502 2492 quia
526 2433 580 2490 per
599 2433 666 2474 carn
688 2415 865 2492 litigantium
886 2433 994 2478 manus
1013 2419 1148 2496 ligantur,
1166 2419 1191 2474 ct

176 2507 322 2569 clauditur
336 2523 380 2578 os,
396 2503 453 2564 nisi
465 2504 559 2580 judex
573 2503 654 2565 aliud
666 2505 832 2576 decernat(
853 2511 874 2580 ).

204 2663 239 2727 (l)
254 2663 321 2729 Gap.
336 2663 359 2727 1,
374 2662 389 2712 i
402 2663 430 2712 et
440 2661 464 2720 6,
478 2659 513 2712 ds
527 2673 601 2712 cous.
617 2673 718 2725 posses.
735 2667 763 2712 at
773 2673 865 2726 propr.
881 2689 911 2700 ·-
924 2663 960 2728 (t)
974 2663 1039 2729 Cep.
1055 2664 1081 2726 2,
1097 2662 1152 2717 eod.
1164 2687 1189 2702 -·
1246 2613 1247 2644 r

176 2733 212 2799 (3)
227 2735 292 2798 (lap.
305 2734 329 2794 5,
344 2732 404 2785 eod.
1246 2777 1247 2784 ,

208 2881 270 2978 738.
283 2919 393 2978 Deinde
403 2918 636 2995 qucadlormsm
643 2917 787 2995 judicium
796 2919 1191 2988 nudituminorcttsostnn,

172 3016 203 3070 et
216 3008 428 3068 summarium.
447 3007 643 3080 ordinarium,
663 3007 726 3068 sive
740 3010 873 3070 solemne
887 3013 1055 3086 appellatur
1073 3009 1191 3078 illud,in
1246 3007 1247 3062 l

173 3111 234 3170 quo
258 3109 362 3152 omnes
381 3092 561 3168 judiciorum
580 3093 781 3153 solemnitates
798 3111 817 3152 a
837 3095 953 3170 legibus
972 3097 1108 3172 positivis
1122 3111 1190 3170 prae·
1246 3077 1247 3168 l

75 3205 76 3210 ¹
171 3183 291 3258 scriptae
305 3189 374 3242 sunt
394 3181 610 3252 observandse3
626 3181 821 3242 summarium
838 3200 910 3244 vero
923 3186 1093 3260 appellatur
1115 3180 1189 3252 illud,
1246 3177 1247 3224 t

171 3274 202 3330 in
217 3289 277 3348 quo
293 3276 407 3330 tantum
421 3269 628 3329 substantiales
647 3271 751 3329 formae
761 3288 780 3328 a
790 3272 857 3346 jure
870 3273 999 3332 naturali
1012 3271 1189 3349 praescripta
1246 3309 1247 3346 ,

170 3354 376 3429 observantur,
392 3357 474 3416 etde
489 3359 589 3432 plano,
604 3375 641 3417 ac
658 3358 723 3417 sine
742 3358 877 3435 strepitu,
899 3362 947 3420 vel
968 3361 1064 3437 figura
1083 3357 1187 3438 judicii,

167 3451 202 3502 ut
215 3447 326 3518 dicunt,
342 3443 527 3519 proceditur3
544 3445 582 3504 de
601 3463 661 3520 quo
674 3444 820 3506 videndus
832 3455 878 3508 est
892 3448 967 3510 inira
982 3449 1084 3510 titulus
1099 3449 1138 3510 de
1146 3449 1189 3523 jn-

174 3529 257 3588 diciis
272 3529 452 3591 summariis
