2410 4068
449 214 608 270 -249-

45 334 103 392 ciun
115 335 282 394 conferatur
294 341 439 394 extraneo
454 339 509 407 (tu
532 350 600 395 cum
615 350 687 394 vero
701 333 738 394 lis
750 341 797 394 est
816 333 894 395 inter
908 351 1041 410 praesen-

46 430 109 497 tates,
122 429 148 484 et
159 441 240 482 unus
253 423 430 500 litigantium
443 425 581 497 moritur,
596 431 647 483 aut
658 423 719 499 juri
732 439 787 482 suo
800 422 965 496 renunciat,
981 439 1042 483 non

44 517 117 585 potest
129 519 273 587 petronus
287 512 378 570 atium
393 509 423 570 in
446 513 546 571 locum
561 510 726 572 deficientis
741 512 891 582 sufficere,
907 510 977 587 quia
990 512 1042 572 lite

44 602 161 673 pendente
175 601 250 660 nihil
261 607 307 660 est
320 599 524 660 innovandum
536 606 593 673 (3);
610 599 662 659 sed
674 601 732 659 hoe
744 616 816 658 easu
826 601 895 676 jura
905 601 1042 661 deficien-

44 688 69 746 tis
75 688 214 765 litigatoris
228 696 354 765 possunt
368 706 422 770 per
433 705 584 750 summum
593 689 767 748 Pontificem
778 689 930 748 transferri
943 690 974 748 in
989 707 1039 749 su-

43 779 163 850 perstitem
173 796 244 839 eum
255 777 447 854 derogatione
456 778 485 836 in
498 784 561 837 toto
569 777 819 854 jurispatronatus
830 779 920 838 etiam
931 779 1039 853 laicali,

41 867 108 924 nodo
120 869 234 926 nultum
254 866 334 926 aliud
348 867 425 926 adsit
444 866 650 942 praejudicium
668 866 799 938 alterins,
821 873 853 926 ut
870 873 943 942 puta
961 867 1041 927 tertii

41 955 180 1026 presentati
202 960 255 1027 (t).

59 1106 84 1168 (i)
95 1106 140 1158 Sed
153 1106 229 1172 quod
242 1105 357 1159 dicimus
368 1107 400 1160 de
411 1109 545 1160 vaoatIone
555 1107 664 1173 proprie
677 1108 784 1170 sumptu
794 1107 866 1172 apud
877 1106 973 1159 Sedem
984 1121 1039 1160 non

37 1178 160 1230 extenditur
173 1178 209 1228 ad
225 1178 390 1230 vacationem
404 1179 432 1229 in
446 1180 527 1231 Curia
542 1193 592 1243 per
605 1185 719 1230 mortem
734 1178 850 1240 civitem,
860 1184 891 1229 ut
904 1192 989 1244 supra
999 1179 1040 1230 in·
1144 1199 1148 1208 ·

35 1249 133 1298 unimus:
146 1249 282 1300 hooenim
297 1250 324 1299 in
336 1263 409 1308 casu,
420 1250 646 1316 quemadmodum
656 1256 682 1300 et
693 1250 722 1300 in
730 1252 871 1298 vacatione
880 1261 928 1312 per
941 1249 1039 1302 risufta

34 1323 136 1380 patronus
146 1326 304 1384 praesentet,
312 1326 340 1371 et
350 1335 471 1372 summus
478 1321 602 1372 Pontifex
612 1321 804 1386 praesentatum
814 1319 940 1370 idoneum
952 1319 980 1370 in
992 1319 1038 1372 be·

34 1389 106 1440 neioio
114 1391 237 1443 instituit.
246 1419 273 1430 -
281 1393 316 1456 (t)
326 1392 436 1443 Patroni
445 1393 515 1442 enim
527 1393 560 1444 ob
573 1392 628 1443 litis
638 1389 811 1456 pendentium
820 1390 910 1441 valide
920 1403 1039 1456 praesen-

34 1461 75 1510 tara
86 1474 133 1512 non
147 1467 271 1528 possunt.
284 1489 315 1500 ··-
327 1463 363 1526 (3)
378 1463 443 1528 Cep.
459 1463 484 1521 t,
495 1467 526 1514 ut
540 1463 578 1514 tit.
595 1463 674 1530 paud.
690 1463 742 1513 eto.
755 1461 783 1510 in
797 1461 820 1511 6.
836 1487 867 1498 -
881 1462 914 1526 (t)
932 1461 1036 1526 Hujus-

33 1531 84 1580 nodi
96 1532 280 1597 derogationes
293 1534 374 1586 etiarn
389 1547 407 1584 a
426 1533 552 1586 civilibus
570 1532 775 1598 Magistratibus
797 1531 885 1596 Regni
903 1531 1036 1584 Sardiniae

34 1601 227 1656 admittebantur.
242 1604 367 1656 Maroneo
378 1604 410 1656 de
422 1607 515 1670 jurep.
529 1609 593 1657 sect.
608 1607 633 1664 i,
646 1619 674 1656 n.
688 1605 736 1656 out
751 1607 779 1656 et
788 1616 864 1670 seqq.

55 1790 105 1846 tut.
115 1793 146 1848 tn
159 1793 247 1863 parte
261 1787 445 1861 extinguitur
455 1790 680 1865 iuspatronatns
693 1805 749 1865 per
763 1789 872 1850 summi
883 1788 1036 1850 Pontificis

32 1871 240 1950 derogationem,
257 1893 337 1950 oum,
360 1878 526 1951 duobus,'e
549 1877 683 1953 patronis
702 1878 865 1953 aequafibus
886 1877 1035 1952 suffragiis

32 1965 201 2040 ermenteus,
216 1965 353 2026 Pontifex
373 1965 499 2042 derogat
511 1965 664 2026 medietati
673 1967 926 2042 jurispatronatus
939 1967 977 2026 ad
990 1967 1033 2026 al-

32 2057 103 2114 terurn
114 2061 230 2130 partem
244 2055 416 2130 spectantis,
431 2055 472 2114 ite
488 2062 520 2115 ut
533 2055 585 2115 uni
600 2073 639 2115 ex
653 2055 840 2132 praesentatis
854 2055 1034 2116 beneficium

32 2144 185 2216 contemtor,
201 2143 251 2203 oui
266 2146 341 2204 solet
358 2143 473 2219 imponi
496 2161 573 2204 onus
590 2145 729 2217 adeundi,
752 2151 782 2204 et
803 2144 929 2220 rogandi
943 2161 1034 2221 repu-

31 2239 130 2301 gnantes
143 2241 288 2308 patronos
301 2249 356 2308 pro
371 2249 520 2294 oorrsensn
535 2232 710 2306 obtinendo,
725 2248 764 2292 ne
776 2233 935 2293 videantur
948 2249 1033 2308 spre-

32 2317 52 2388 ti,
66 2319 126 2380 iicet
145 2337 252 2380 eorum
271 2337 436 2382 oon-sensus
456 2338 517 2381 non
537 2321 575 2381 sit
596 2321 723 2396 amplius
743 2320 939 2380 necessarius
965 2327 1034 2382 iiaeo

31 2403 157 2482 derogatio
176 2409 345 2469 medietatis
367 2425 478 2470 vocum
498 2410 695 2471 communiter
717 2409 883 2484 appellatur
911 2426 1032 2485 quoque

28 2497 177 2571 purificatio
189 2499 293 2559 favore
306 2498 396 2558 unius
415 2515 454 2558 ex
468 2499 586 2570 duobus
604 2497 767 2575 aequalibus
785 2497 934 2573 suflragiis
953 2513 1030 2574 prea-

30 2585 129 2646 sentetis
144 2593 194 2661 (t).

50 2729 75 2789 ti)
84 2730 148 2781 Sunt
158 2733 295 2796 Doctores,
310 2733 357 2798 qui
376 2732 544 2798 gratificandi
558 2733 719 2800 potestatem
729 2731 853 2782 tribuunt
866 2730 947 2784 etiam
963 2729 1030 2796 upi-

29 2807 89 2860 aoopo
101 2815 158 2852 oum
169 2804 341 2869 derogatione
355 2803 493 2855 medietati
506 2817 610 2862 vocum,
623 2815 685 2854 eum
699 2801 752 2854 duo
766 2801 844 2867 peria
854 2802 1030 2854 obtinuerunt

28 2867 143 2944 ¹suffragio,
156 2887 204 2940 pro
217 2875 344 2941 digniori,
367 2879 395 2927 et
412 2875 499 2940 magis
517 2888 534 2926 a
556 2873 699 2926 fundatore
722 2873 849 2926 indicato.
873 2873 938 2940 cap.
955 2874 970 2926 3
994 2872 1028 2928 de

26 2947 95 3005 purep.
