2524 4080
140 279 293 340 rumeins
309 279 450 356 proponit
470 277 713 340 testibuanontra
732 295 765 340 ae
778 281 942 358 productis,
954 286 988 340 nt
1001 279 1164 356 supersin-

140 369 219 445 gulis
231 367 321 432 iidem
336 374 430 428 testes
442 368 721 444 interrogaciones
732 370 914 446 respondere
927 375 1088 429 teneantur.
1102 367 1165 427 Sed

141 457 411 620 :irtiircttffiffatoria
427 457 497 528 data
515 475 576 518 non
597 457 765 534 sint,·valet
783 457 901 519 testium
923 475 1053 520 examen
1074 473 1165 533 super

170 709 206 774 (t)
218 709 295 762 Datis
308 711 497 778 positionibus,
507 715 535 762 at
544 710 579 762 ad
591 709 702 762 easdem
714 710 794 762 lactis
806 709 953 775 responsis,
962 710 1072 776 litigans
1080 723 1166 776 agno·

139 781 200 842 scit,
214 781 280 846 quid
294 784 347 834 sibi
361 787 446 834 restet
467 781 647 848 probandum.
662 782 720 833 Hoc
739 783 768 833 in
788 783 915 848 articulis¹
934 782 1041 846 redigit,
1063 783 1121 834 siva
1138 785 1167 834 in

137 851 268 904 brevibus
281 857 309 905 et
330 853 463 905 disiectis
483 855 811 920 propositioniboszoquas
827 859 935 904 tenetur
949 854 1078 920 probare.
1093 855 1165 906 Hinc

139 921 266 975 differunt
281 924 388 976 articuli
402 939 419 977 a
434 925 631 990 positionibus:
647 926 672 976 1⁰
686 927 715 976 in
727 939 768 981 eo.
784 925 855 990 quod
870 923 929 976 haeo
951 925 1108 976 referuntur
1132 925 1167 976 ad

139 996 259 1058 partium
271 996 462 1058 confessiones,
476 996 516 1046 illi
531 999 621 1048 autem
639 995 674 1046 ad
688 998 777 1061 capita
791 997 820 1046 in
831 996 999 1047 discussione
1013 996 1119 1060 relicta,
1139 1001 1166 1048 at

139 1065 394 1133 adbuc'probanda3
404 1069 430 1118 i·
446 1069 475 1120 in
491 1081 522 1119 eo
540 1067 613 1132 quod
627 1081 730 1132 ponens
745 1068 854 1118 temtor.
870 1067 940 1132 quod
955 1067 1039 1132 ponit,
1053 1069 1104 1126 sed
1120 1083 1166 1118 ar·

140 1137 255 1188 doulans
269 1140 378 1204 proprie
398 1115 453 1190 noir
473 1138 581 1197 latetur,
602 1139 655 1190 nisi
670 1137 792 1189 articulis
815 1137 947 1202 adjecerit
965 1141 1163 1203 juramentum.

139 1209 177 1260 At
189 1210 396 1272 observandum,
408 1211 483 1276 ipsas
500 1210 646 1275 positiones
659 1210 694 1260 ab
708 1209 863 1282 adversario
877 1214 989 1273 negatas
1017 1209 1044 1259 in
1064 1211 1167 1261 articu-

140 1279 182 1331 los
196 1281 314 1332 converti
323 1280 640 1346 a'ponenteprobandos3
649 1281 730 1331 immo
736 1279 815 1346 jungi
824 1284 938 1345 possunt
948 1281 1092 1344 positiones
1102 1295 1168 1332 cum

140 1353 272 1414 articulis,
288 1357 316 1404 et
330 1353 359 1404 in
369 1354 445 1420 praxi
460 1352 512 1404 hoc
525 1352 564 1414 tit,
577 1367 639 1404 cum
653 1357 747 1420 petens
760 1353 798 1401 ita
809 1351 874 1402 dicit
886 1351 995 1424 specie,
1006 1357 1030 1404 et
1047 1351 1166 1418 probare

139 1423 267 1483 intendit,
281 1429 330 1477 etc.
345 1425 422 1488 Quod
438 1425 554 1474 maxime
569 1425 597 1474 in
608 1423 719 1490 judiciis
730 1423 886 1474 summariis
900 1427 988 1474 iocum
1004 1423 1094 1486 babet,
1107 1438 1162 1489 quo

141 1508 206 1546 casu
220 1495 454 1546 indiscriminatim
478 1495 652 1560 appellantur
667 1493 824 1560 positiones,
838 1493 894 1544 siva
915 1495 1107 1559 articuli,quia
1131 1495 1165 1546 de

140 1565 262 1630 utrisque
275 1567 445 1631 participant.
460 1566 631 1628 pellegrinus
645 1567 669 1628 l,
684 1579 708 1616 o.
723 1579 749 1615 n.
768 1564 804 1627 ts,
820 1570 847 1615 et
858 1565 982 1626 subsect,
993 1568 1017 1624 5,
1039 1579 1067 1616 n.
1085 1565 1124 1616 17.
1136 1593 1168 1605 -

140 1635 175 1700 (i)
189 1636 303 1690 Articuli
317 1638 402 1688 multa
417 1640 474 1690 erte
489 1637 648 1688 elaborandi
669 1639 740 1694 suut,
759 1635 825 1686 dum
838 1649 921 1702 super
935 1635 1033 1687 iisdem
1052 1638 1167 1688 vertitur

138 1709 227 1758 omnis
240 1707 415 1760 discussionis
430 1707 519 1770 cardo,
534 1707 574 1758 vis
588 1707 764 1771 probationis,
782 1711 810 1765 et
819 1720 910 1757 causae
921 1709 1041 1758 victoria.
1058 1707 1169 1759 Debent

140 1790 200 1828 esse
213 1777 289 1836 clari,
306 1778 453 1843 simplices,
468 1777 603 1845 desumpti
617 1791 650 1828 ax
664 1777 852 1830 substantibus
873 1778 969 1832 libelli.
985 1779 1058 1829 intra
1079 1780 1169 1831 termi-

140 1860 206 1899 num
226 1848 412 1914 probatorium
427 1849 592 1914 presentati,
607 1862 623 1900 a
636 1849 746 1900 decreto
757 1848 858 1913 judicis
870 1849 990 1910 admissi,
1009 1850 1056 1914 qui
1073 1849 1165 1900 irrele-

140 1923 244 1981 vantes,
264 1920 456 1985 impossibiles,
473 1921 685 1986 impertinentes,
702 1924 729 1971 et
743 1919 939 1972 invercsimiles
963 1921 997 1972 od
1015 1919 1100 1985 partis
1119 1921 1164 1970 in-

141 1991 277 2050 stantiam,
292 1991 335 2044 vel
349 2005 382 2044 eu
396 1991 482 2044 officio
503 2005 626 2044 resecare
645 1995 758 2043 tenetur.
773 1991 1008 2056 Pellegrinusloo.
1025 1992 1071 2042 cit.
1085 2019 1115 2028 -
1132 1991 1169 2056 (3)

141 2063 206 2129 Cap.
221 2063 261 2122 25,
275 2063 308 2114 de
318 2063 409 2115 testib.
426 2063 478 2116 Sed
493 2063 584 2114 abbis
597 2063 718 2114 articulis
728 2061 853 2114 differunt
869 2062 987 2128 capitula
1000 2063 1169 2128 objectione-

141 2135 188 2202 lia,
202 2149 263 2203 qnae
277 2139 464 2203 proponuntur
479 2134 517 2189 ad
527 2138 610 2186 testes
624 2134 816 2201 reprobandos.
837 2161 867 2172 -
877 2135 913 2200 (i)
936 2135 1004 2185 Data
1017 2135 1172 2200 interroga:

139 2209 209 2260 toria
221 2221 238 2259 a
248 2207 341 2273 judica
352 2206 528 2272 inspicienda,
539 2214 565 2258 et
578 2205 728 2270 probanda,
736 2207 779 2258 vel
793 2219 826 2257 ax
837 2208 913 2272 justa
923 2219 1005 2256 causa
1020 2206 1171 2258 resecanda

58 2325 61 2343 ,
141 2283 213 2332 sunt.
227 2278 310 2342 Copia
323 2277 500 2330 articulorum
513 2277 594 2328 datur
607 2291 661 2340 rao,
673 2277 721 2328 sed
738 2277 815 2342 copia
828 2277 1097 2342 interrogatoriorum
1114 2290 1171 2328 non

142 2351 232 2407 datur.
246 2363 281 2401 ne
294 2351 377 2400 testas
391 2348 563 2400 examinandi
577 2349 767 2410 subornentur,
782 2347 829 2412 qui
849 2347 926 2413 prius
949 2362 1032 2415 super
1052 2349 1171 2400 interro·

142 2421 264 2488 paleriis,
280 2425 306 2472 ct
320 2420 417 2472 deinde
438 2435 519 2486 super
532 2419 650 2473 articulis
666 2419 838 2471 examinandi
850 2421 921 2470 sunt.
939 2420 994 2472 Ubi
1008 2434 1073 2471 vero
1094 2419 1172 2472 nulla

142 2494 205 2545 data
219 2493 273 2544 sint
286 2491 500 2556 interrogatoria,
513 2495 596 2542 testes
610 2490 798 2542 examinantur
812 2495 925 2542 *mutum
938 2505 1022 2556 super
1036 2491 1171 2549 articulis,

143 2565 221 2617 modo
235 2577 299 2629 pars
311 2563 426 2615 adversa
453 2562 534 2614 citata
547 2562 630 2614 tuerit
643 2562 679 2613 ad
694 2561 785 2613 danda
803 2561 1018 2628 interrogatoria,
1033 2567 1061 2614 et
1080 2563 1117 2616 ad
1132 2565 1171 2615 ri·

142 2635 261 2688 dandum
271 2637 364 2700 jurare
377 2637 470 2688 testas.
486 2633 656 2698 pellegrinus
668 2633 718 2686 loc.
735 2632 777 2684 cit.
793 2647 820 2685 n.
835 2633 866 2684 24
880 2637 907 2683 ct
917 2647 991 2700 seqq.

177 2843 240 2900 tae.
256 2843 290 2898 in
308 2837 407 2898 causis
425 2837 628 2898 criminalibus
649 2837 821 2914 positiones
837 2842 867 2896 et
879 2836 997 2896 articuli
1011 2837 1101 2896 aliam
1116 2837 1171 2898 de·

140 2927 374 2996 nominationem
385 2927 543 3003 accipiunt,
553 2933 583 2986 et
591 2927 693 2987 vocari
705 2927 801 2986 solent
813 2925 953 3001 capituto,
965 2941 1033 3000 qoae
1043 2925 1173 3000 proinde

142 3015 213 3076 nibil
227 3014 307 3093 aliud
319 3021 398 3089 aunt,
412 3031 502 3090 quam
516 3015 688 3092 positiones·
703 3021 733 3074 et
744 3013 858 3074 articuli
872 3014 901 3072 in
919 3030 1010 3073 causa
1024 3013 1172 3074 criminali

142 3107 180 3166 ab
195 3110 380 3177 accusatore,
396 3106 445 3164 vel
463 3111 481 3163 a
502 3109 674 3164 Promotere
695 3103 788 3163 fiscali
811 3101 956 3179 propositi
970 3102 1010 3161 ad
1023 3118 1109 3163 reum
1125 3103 1172 3161 in-

143 3193 284 3274 quisitum
297 3194 335 3253 de
349 3193 473 3254 crimine
487 3185 724 3253 convincendum
738 3209 792 3269 per
804 3193 868 3268 ejus
883 3191 1112 3276 contessionem,
1123 3193 1173 3252 vel

144 3297 199 3356 per
217 3285 319 3353 testes,
331 3281 380 3339 vel
397 3279 455 3338 alio
474 3279 565 3338 modo
584 3281 634 3350 (t).
656 3282 876 3353 Cariaequenter
895 3293 967 3352 quae¹
981 3293 1074 3352 sopra
1093 3277 1172 3336 diota

143 3373 217 3442 sunt
226 3367 264 3427 de
279 3367 484 3442 positionibus,
500 3373 531 3426 et
543 3365 685 3440 articulis,
699 3365 788 3448 etiem
800 3364 936 3441 capitulis
947 3364 1079 3440 aptanda
1090 3371 1170 3424 sunt.

138 3459 208 3513 Duae
220 3455 363 3515 tamenin
376 3455 461 3530 praxi
477 3455 676 3516 observantur
690 3453 863 3514 differentiae
878 3473 885 3512 :
898 3460 925 3513 t·
936 3455 967 3513 in
979 3453 1113 3514 articulis
1124 3469 1170 3514 re·

137 3541 279 3612 gulanter
295 3539 502 3618 producuntur
518 3543 640 3606 nomina
660 3541 781 3605 testium
800 3543 933 3619 desuper
946 3542 1169 3605 examinando·
