2432 4078
124 311 183 354 ram
194 298 315 354 declarat
329 297 401 350 idem
412 297 479 352 Plus
492 297 534 350 tx
547 298 575 350 in
588 300 633 352 cit.
649 297 701 350 litt.
715 295 806 352 Nullis
818 301 897 360 eene,
912 299 941 350 iu
962 298 1062 364 quibus
1074 298 1147 364 pari·

124 376 168 424 ter
180 373 380 428 commemorat,
398 373 426 420 el
442 370 625 436 maximopere
646 372 816 421 commendat
837 370 1048 422 innumerabiles
1059 370 1146 421 eecle-

124 443 257 501 siasticos,
271 446 298 492 et
312 439 396 492 laicos
408 441 482 492 viros
495 443 689 506 cujuscumque
708 441 855 506 dignitatis,
871 440 985 502 ordinis,
999 441 1101 505 gradus
1123 444 1149 491 et

123 511 294 568 conditionis,
310 512 357 575 qui
371 509 449 564 Beati
464 510 541 563 Petri
562 511 760 576 patrimonium
780 511 889 563 omnino
903 513 1048 576 intuor-nm,
1063 511 1151 564 invio·

123 586 233 647 lantque
246 580 419 640 sumendum,
434 585 515 647 etque
528 583 562 634 ab
575 596 653 633 omne
674 581 783 647 injurio
796 581 994 646 delendmdnm
1012 596 1066 634 erse
1086 595 1149 634 oon·

124 655 247 706 tendunt.
264 675 296 690 -·
310 653 346 717 (l)
360 653 509 718 Propterea
521 667 615 705 omnes
628 655 727 704 autumi
743 653 884 704 Ponttnees
898 667 915 704 a
932 654 980 704 Pio
995 654 1032 716 Il,
1046 654 1081 704 ab
1099 667 1148 703 an-

123 737 158 775 no
171 725 274 775 scilieet
291 723 359 787 itta,
372 731 403 774 ut
416 724 564 776 declaravit
574 725 640 776 Pius
656 726 692 775 Vl
705 724 733 776 io
751 725 849 776 litteris
871 724 906 776 ad
926 724 1007 776 Card.
1021 725 1148 776 Rezzoni·

124 808 185 846 cum
200 794 214 844 5
232 807 292 844 nov.
310 793 367 844 rtet
392 794 474 862 incip.
496 794 639 858 ducorchd,
659 809 746 860 usque
766 795 802 846 ad
826 794 1005 845 immortalem
1027 799 1150 846 nostrum
1213 793 1214 820 ³

123 864 203 916 Pium
220 864 302 916 1th
318 866 416 916 summi
439 866 609 928 pontificatus
625 866 795 931 susceptione
808 864 962 916 solemniter
972 867 1110 930 Jnrorunt,
1122 879 1150 916 se
1213 899 1214 924 ,

125 935 201 987 Beati
215 935 288 985 Petri
307 935 497 1000 patrimonium
516 949 665 1001 numquam
684 935 858 998 theoctonos,
873 935 920 986 sed
935 935 1051 998 salvum,
1066 944 1093 986 et
1107 937 1148 986 in-

124 1010 232 1072 tegrum
243 1005 446 1058 suecessoribus
458 1007 517 1057 auis
541 1011 705 1065 servaturos,
725 1005 798 1071 quod
808 1004 996 1070 jnejuraudum
1012 1006 1084 1056 eirca
1098 1005 1150 1058 elia

125 1076 198 1129 bona
212 1076 396 1129 ecclesiastica
409 1091 463 1129 uon
475 1077 608 1128 emittunt

160 1274 223 1330 dul.
239 1273 291 1328 lus
303 1268 341 1330 ed
353 1269 434 1330 bona
446 1286 500 1330 sue
516 1268 689 1344 temporalia
703 1269 843 1330 Ecclesiae
856 1274 1031 1344 competens
1046 1269 1151 1343 estius

127 1357 327 1435 propn'etatis,
342 1374 396 1433 per
410 1359 491 1434 quod
502 1359 608 1418 eadem
621 1358 700 1417 bone
713 1357 753 1417 ita
773 1365 918 1433 perpetuo
934 1357 1073 1416 Ecclesia
1084 1373 1149 1415 ser-

124 1447 189 1507 vire
203 1447 323 1518 debent,
338 1453 371 1505 ut
384 1447 422 1505 ab
435 1445 491 1506 hac
504 1447 646 1506 servitute
658 1453 820 1521 numquam
831 1445 949 1504 liberari
959 1451 1080 1520 niteant,
1095 1442 1150 1502 nisi

128 1533 328 1610 dispensative
341 1535 516 1594 auctoritate
528 1533 641 1604 summi,
653 1533 812 1606 Pontificio,
828 1532 889 1608 qui,
904 1539 937 1592 ut
950 1531 1024 1610 infra
1039 1530 1150 1592 videbi·

128 1638 207 1694 mus,
222 1628 268 1681 est
279 1638 438 1696 supremus
451 1623 625 1684 eorumdem
635 1621 865 1682 administrator.
882 1621 997 1682 ldcirco
1011 1621 1091 1678 bona
1102 1625 1150 1678 Eo-

128 1709 227 1769 clesiae
242 1709 341 1768 oblata
354 1726 464 1770 novam
477 1710 603 1770 induunt
617 1709 799 1786 qualitatem,
818 1715 848 1769 et
862 1726 902 1768 ex
915 1707 1049 1784 profanis
1059 1708 1089 1766 iu
1102 1723 1151 1766 re-

127 1797 231 1876 ligiosa
246 1803 464 1857 convertuntur
477 1802 531 1870 (l).
557 1798 631 1858 llinc
642 1798 717 1872 tlnit,
735 1813 840 1858 verum
859 1803 890 1857 et
911 1797 1081 1856 absolutum
1099 1811 1149 1854 eo·

126 1885 265 1948 rumdam
279 1883 443 1945 dominium
456 1887 554 1946 solum
566 1887 677 1947 hebere
691 1891 793 1959 Deum,
809 1886 871 1945 sive
891 1889 993 1945 lesum
1006 1883 1149 1943 Christum

126 1974 264 2036 Ecclesiae
277 1973 475 2034 fundatorem.
492 1980 606 2035 Revera
621 1977 680 2035 tale
693 1975 866 2048 dominium,
883 1971 1030 2050 quidquid
1047 1971 1095 2030 alii
1108 1970 1150 2030 di-

127 2069 208 2135 cent,
223 2079 284 2120 non
300 2061 417 2122 videtur
428 2079 518 2139 posse
531 2062 651 2122 attribui
666 2079 783 2123 summo
795 2063 941 2136 Pontifici,
957 2068 987 2121 et
1001 2067 1083 2120 lanto
1097 2061 1151 2119 rni-

127 2166 184 2210 nus
198 2149 356 2226 Episcop0,
371 2149 434 2210 cive
448 2151 584 2212 ecclesie
596 2151 768 2226 particulari
789 2169 795 2210 :
812 2165 881 2210 nam
895 2150 1031 2224 synodus
1045 2153 1151 2210 liema-

128 2256 167 2299 ne
184 2239 270 2298 tertio
284 2239 340 2298 sub
354 2239 536 2315 Symmacho
551 2245 630 2316 Papa
646 2239 811 2309 definierat,
827 2255 887 2298 non
903 2255 992 2314 posse
1005 2252 1151 2297 summum

128 2327 302 2389 Pontificem
315 2327 396 2388 bona
406 2327 608 2388 ecelesiastica
621 2327 761 2402 alienare,
773 2334 804 2389 et
816 2327 897 2387 idem
906 2327 971 2404 jam
991 2327 1022 2386 in
1034 2325 1153 2385 uuiver-

128 2416 170 2478 sis
189 2415 323 2478 eeclesiis
345 2433 400 2493 por
418 2415 598 2493 provincias,
619 2433 680 2476 una
699 2417 778 2474 tacta
797 2415 974 2492 exceptione
996 2415 1152 2474 domorum

128 2505 159 2566 in
172 2506 306 2578 urbibus,
320 2522 388 2565 esee
407 2505 702 2577 observandarum),
725 2503 805 2579 quod
825 2504 897 2564 salis
917 2502 1029 2562 indicet
1042 2519 1152 2577 nequa-

114 2589 1080 2674 .quamPonu'tlcemhabitnmluissehorumbonorumdominum.
1092 2595 1152 2650 iloc

130 2682 222 2743 etiam
243 2681 345 2742 docuit
358 2686 387 2742 S.
404 2683 531 2742 'thomas
545 2699 614 2742 curn
636 2681 677 2742 ait
699 2697 706 2738 t
731 2681 871 2751 odonna
886 2697 933 2739 rea
947 2679 1080 2741 Eeclmv'e
1092 2678 1150 2737 sint

130 2770 204 2846 ejus,
219 2769 251 2830 td
272 2777 314 2829 etl
326 2769 488 2844 Pontificio,
503 2777 538 2830 ttt
550 2769 723 2844 principalis
738 2769 964 2846 dispensatoris3
980 2775 1150 2827 nontamen

130 2866 202 2918 tunt
215 2857 289 2932 ejus,
304 2864 339 2917 nt
352 2858 466 2916 domini
486 2865 513 2917 ot
529 2857 701 2934 possessoris
716 2861 767 2930 (3).
782 2863 824 2916 dc
834 2857 954 2916 dentum
965 2855 1046 2915 idem
1055 2855 1149 2914 decla-

130 2947 207 3006 ravit
221 2945 290 3004 Pius
304 2945 383 3021 Papa
397 2949 433 3004 lll
447 2945 518 3004 dum
532 2945 571 3004 ad
584 2945 758 3022 petitionem
770 2943 913 3004 cessionis
925 2943 971 3003 sui
986 2941 1148 3022 temporalis

130 3032 318 3107 principatus
333 3032 497 3109 respondit,
512 3050 573 3095 non
593 3050 675 3110 posse
692 3050 745 3110 per
767 3049 821 3094 not
838 3033 908 3108 cedi,
923 3033 1002 3109 qnod
1019 3039 1148 3094 nostran

132 3128 247 3182 nonan
262 3123 313 3192 (l).

163 3267 199 3334 (l)
216 3268 257 3322 Ob
272 3267 343 3321 hene
355 3269 558 3335 persuasionem
574 3267 603 3318 in
617 3269 737 3320 omnium
754 3268 853 3320 animis
866 3268 981 3320 inditam
994 3272 1050 3320 lam
1062 3264 1145 3320 Genti·

133 3339 183 3400 les,
195 3353 275 3406 quam
291 3339 405 3392 Romani
419 3353 464 3392 res
484 3353 578 3391 eorum
592 3339 649 3390 Diis
663 3339 770 3392 oblatas
790 3339 857 3390 adeo
875 3352 978 3398 sacras,
1000 3344 1110 3394 sanctas,
1123 3335 1145 3384 et

132 3410 305 3462 inviolabiles
318 3410 464 3473 habebant,
478 3415 509 3461 ut
523 3423 569 3462 aas
583 3414 719 3476 tamqnam
730 3413 806 3460 extra
818 3410 958 3461 homiuum
967 3408 1145 3462 commercium

132 3483 235 3547 positas
250 3493 301 3532 nec
323 3480 417 3532 liceret
435 3481 579 3543 aestimare,
594 3485 640 3532 aut
658 3479 789 3544 obligare,
812 3483 860 3532 aut
875 3480 1005 3543 alienare,
1027 3485 1072 3532 aut
1086 3489 1143 3543 quo·

133 3563 249 3614 cumque
265 3551 344 3605 modo
360 3551 471 3610 violare,
485 3553 553 3616 quin
566 3551 648 3604 immo
661 3550 690 3602 in
706 3563 800 3606 earum
813 3550 958 3604 violatores
970 3563 1050 3616 poena
1062 3546 1143 3602 mortis
