2560 4080
571 213 729 272 ..516-

124 338 278 403 declamo
291 337 509 412 conductam,
528 352 619 414 quam
629 336 725 414 iudex
744 336 851 418 prom
867 352 903 396 se
915 337 1154 414 emferendosd

124 429 226 493 locum
241 425 383 493 criminis.
405 426 456 486 vel
470 425 547 486 duos
567 427 675 486 saltem
692 425 723 484 in
738 425 824 489 Curia
836 425 1039 486 examinando
1064 432 1155 487 testea

125 519 186 582 ude
211 517 329 592 dignos,
353 520 385 578 ot
405 514 538 578 dadau
561 531 616 592 per
641 513 772 590 primum
789 514 956 587 decretum,
982 515 1157 577 mandando

125 613 231 686 postea
250 605 291 670 ad
310 603 454 665 ulteriora
474 601 609 680 procedi,
627 604 675 664 nel
696 603 727 662 in
748 602 895 679 principio
913 621 977 664 sua
991 604 1157 664 definitiva

125 693 289 758 sententiae.
324 697 395 766 Quae
421 692 582 753 declaratio
617 691 824 766 notorietaus,
848 691 874 750 si
904 693 1022 753 deesset
1049 691 1083 752 in
1103 693 1159 754 de·

126 791 221 860 creto,
244 784 294 846 vel
315 782 347 844 iu
373 779 520 862 principio
543 779 698 842 sententiae
726 780 791 858 ipsa
819 782 967 842 sententia
993 783 1076 844 nulla
1099 782 1160 843 dici

125 877 239 951 ponant.
252 877 285 934 et
297 877 403 932 contra
414 870 554 946 superius
564 869 724 932 observata
736 870 775 930 eb
790 888 827 932 ea
844 871 966 932 daretur
983 873 1156 948 appellatio,

127 969 159 1022 et
172 961 294 1038 quidem
310 960 351 1020 ad
373 965 533 1035 utrumque
553 959 702 1020 edoctum.
726 964 855 1020 Necesse
873 967 919 1020 est
939 960 1048 1022 deinde
1071 976 1158 1022 reum

128 1051 221 1112 citare
244 1049 283 1110 ad
306 1048 467 1110 videndum
487 1063 673 1125 processum,
695 1055 725 1108 et
741 1049 854 1109 lactum
874 1048 905 1107 in
918 1065 955 1108 eo
970 1054 1158 1124 contentum,

129 1155 258 1216 eumque
273 1136 305 1198 in
317 1155 372 1199 sua
385 1135 559 1198 defensione
571 1137 686 1212 audire,
701 1137 787 1214 quisi
800 1137 969 1214 exciperct3
986 1143 1080 1199 testes
1091 1155 1161 1199 esse

129 1245 202 1290 suos
215 1225 360 1298 inimicos,
382 1227 431 1286 vel
450 1225 659 1286 notorietatem
672 1225 851 1300 obfuscaret,
867 1234 919 1287 aut
932 1243 1095 1303 processus
1108 1245 1161 1287 or·

131 1315 264 1377 dinarius
290 1315 369 1376 toret
384 1313 595 1388 instituendus,
612 1321 663 1374 aut
680 1315 872 1376 concedenda
886 1315 1055 1392 appellatio.
1072 1315 1161 1375 Deui-

131 1421 191 1482 que
206 1421 332 1465 necesse
352 1411 398 1464 est
420 1421 507 1464 reum
526 1403 617 1464 citare
633 1403 671 1463 ad
687 1403 864 1466 audiendam
881 1405 1070 1479 sententiam,
1093 1421 1162 1482 quae

78 1529 107 1569 a,
134 1509 204 1554 cum
231 1493 347 1570 prolata
368 1493 466 1568 luerit,
495 1491 610 1552 etiamsi
627 1509 698 1554 reus
720 1493 758 1554 ab
776 1511 813 1554 ea
834 1495 974 1571 appellet,
990 1493 1164 1554 executioni

76 1620 80 1659 ἦ
103 1634 106 1643 .
132 1583 219 1660 juxto
227 1581 295 1658 iura
306 1583 369 1660 jam
382 1582 472 1645 citato
482 1582 617 1647 mandari
628 1589 736 1660 potest,
750 1583 820 1660 quia
834 1584 915 1644 abeo
928 1583 1090 1660 appellatio
1099 1601 1164 1644 non

133 1671 230 1732 datur.

478 2179 680 2262 TITULUS
709 2177 836 2261 XVIII.

265 2401 301 2448 n!
315 2401 434 2448 Junlctls
448 2401 542 2448 contu
554 2401 650 2448 staats
663 2401 740 2446 ΡΜ
753 2401 1037 2451 coutunutuorunns

137 2575 297 2628 Suuutnruu:
314 2573 369 2624 916.
384 2572 513 2634 Quomodo
526 2573 587 2637 olim,
598 2577 621 2626 et
630 2588 690 2626 nunc
702 2575 765 2640 Papa
778 2575 945 2628 controversias
955 2575 1055 2629 audiat?
1067 2605 1099 2616 -
1109 2577 1166 2630 917.

169 2647 219 2706 Qua
231 2649 342 2710 potestate
355 2659 426 2697 sacra
438 2645 630 2710 Congragationes
643 2659 723 2696 causas
735 2647 892 2710 cognoscant?
901 2675 932 2684 -
945 2648 1000 2698 918.
1010 2647 1117 2700 Olddum
1127 2663 1168 2700 sa·

170 2731 215 2769 uo
227 2717 415 2781 ssonmssatioals
426 2717 527 2769 conditi.
540 2743 570 2756 -·
580 2716 635 2767 atu.
650 2718 770 2776 Quomodo
781 2723 858 2770 coram
872 2731 899 2768 oa
912 2731 980 2770 unca
992 2720 1168 2774 introducatur?

169 2788 265 2840 -ann
279 2787 399 2848 Quomodo
416 2789 579 2840 tracteturl-
589 2788 643 2840 ult.
662 2788 782 2848 Quomodo
800 2789 938 2844 definiatur?
948 2817 978 2828 -—
990 2791 1045 2842 922.
1060 2792 1169 2846 oudam

172 2861 198 2912 S.
213 2859 401 2926 Congressotionis
410 2861 575 2926 Episcoporum
596 2864 618 2912 et
628 2860 780 2926 Regularium.
792 2890 822 2900 —
836 2863 890 2914 923.
906 2861 941 2914 llx
952 2861 1033 2928 qubus
1043 2876 1171 2927 compona-

170 2934 216 2992 tur,
230 2933 329 2994 olquam
344 2936 420 2982 servet
432 2933 579 2996 procedurarn
589 2931 601 2981 ‘l
613 2959 642 2969 -
656 2933 710 2984 924.
726 2931 846 2992 Quomodo
861 2933 970 2999 procedat
987 2933 1011 2984 in
1030 2935 1105 2986 causis
1122 2935 1168 2986 cri·

174 3000 309 3054 minalibusl
320 3029 344 3040 -
358 3001 412 3052 9⁴25.
423 3001 493 3054 Sacra
509 3002 659 3068 Congrogatio
671 3003 825 3068 InquisitonIs
842 3019 870 3055 ex
889 3004 969 3070 quibus
984 3009 1083 3069 constet,
1100 3010 1124 3057 et
1139 3005 1166 3058 dc

172 3072 253 3139 quibus
264 3076 405 3136 romescot?
415 3101 445 3110 -
463 3075 517 3126 926.
532 3074 652 3134 Quomodo
668 3075 718 3140 ipsa
728 3077 854 3141 procedat?
868 3104 899 3114 —
910 3077 966 3126 aut.
979 3075 1101 3134 Quomodo
1112 3091 1167 3142 spa·

175 3144 259 3198 cialiter
272 3144 321 3195 ada
335 3158 405 3196 sacra
415 3145 608 3210 congregationes
626 3146 654 3198 de
670 3148 745 3198 onusta
761 3149 918 3212 cognoscant?
931 3176 957 3186 -
969 3147 1025 3198 928.
1046 3147 1168 3206 Quo-olo

174 3215 320 3282 expediantur
329 3217 420 3280 nepotis
436 3217 603 3270 consultatival
619 3246 644 3256 -
656 3219 710 3270 929.
727 3219 846 3278 Quomodo
856 3218 1054 3270 admustrativa‘l
1065 3247 1097 3258 -
1111 3221 1166 3272 930.

152 3275 250 3409 'Scorto
268 3287 461 3360 congregationes
473 3288 522 3340 haec
532 3289 623 3354 negotia
633 3290 697 3358 juxta
709 3291 824 3357 propriam
839 3304 917 3342 earum
926 3291 1100 3357 competentiam
1108 3291 1165 3344 ded·

171 3372 226 3410 mun
238 3397 244 3410 .

172 3517 234 3573 oto.
251 3517 324 3575 olim
338 3532 472 3578 summus
489 3518 624 3580 Pontifex
649 3537 766 3595 causas,
784 3527 813 3583 et
829 3520 1050 3584 controversias
1064 3522 1167 3585 audie

106 3643 109 3654 .
134 3597 195 3670 bat,
213 3606 243 3658 ot
263 3603 422 3664 definiebat
441 3619 496 3678 per
514 3621 547 3665 se
567 3606 596 3664 in
614 3624 670 3670 suo
690 3611 891 3688 presbyterio,
918 3611 967 3674 vol
982 3610 1165 3674 consutorlo
1265 3657 1269 3668 .
