2524 4080
570 175 727 234 ...nga-

141 297 151 348 i
167 301 194 350 et
205 299 230 355 i.
246 301 276 348 ut
289 298 328 349 lit.
339 311 393 349 uon
406 301 477 349 cont.
492 301 544 351 etc.
562 324 592 337 -
605 300 641 365 (t)
654 299 721 351 litis
744 301 902 352 contestatio
918 301 948 352 in
970 299 1158 352 criminalibus

139 369 168 420 tlt
178 382 227 434 per
239 368 474 433 interrogationem
482 371 594 435 iudicis,
607 375 635 423 at
648 372 848 437 responsionem
859 373 914 436 rei,
930 373 953 424 si
976 373 1070 424 citatus
1083 385 1158 424 corn·

139 440 277 506 paruerit;
292 453 370 492 secus
383 445 425 492 tar
438 443 621 507 citaturJuxta
632 445 690 507 jem
712 444 793 507 dicta,
808 447 835 494 at
851 449 947 510 quarto
960 445 1044 496 etiam
1063 444 1159 496 citatur

139 511 174 563 ad
186 511 387 564 contestandam
396 511 478 564 litem.
496 513 664 580 pellegrinus
678 519 747 580 part.
762 515 785 574 l,
805 518 872 568 sect.
887 515 911 576 9,
925 529 954 566 ιι.
965 517 1005 567 55.

177 691 240 749 rel.
260 689 329 752 Litis
354 690 530 752 contestatio
544 696 642 768 potest
659 707 726 762 esse
744 707 882 768 anprcrsc
902 693 949 752 rel
963 692 1069 764 ,tacite
1081 707 1163 768 patro

138 780 202 838 vele
211 779 414 840 anditionclit.
430 784 579 858 Expressa
589 788 646 855 est,
661 797 731 840 cum
744 797 814 840 reus
828 797 970 855 expressa
985 779 1164 842 contradicit

139 869 243 940 actori,
256 875 286 928 et
300 876 389 944 negat
402 886 456 945 per
469 875 603 929 actorem
615 876 735 929 narrate
747 887 815 930 essa
829 869 1001 944 simpliciter
1012 886 1097 942 nera,
1112 876 1164 929 aut

140 973 207 1017 esse
222 974 292 1017 vera
302 965 391 1032 prout
406 965 572 1031 narrantur,
585 964 619 1017 ut
632 957 657 1016 si
673 965 772 1018 utatur
784 959 842 1018 hec
852 957 993 1018 formula:
1007 959 1085 1034 Nego
1095 975 1164 1019 ncr-

140 1054 219 1116 rcto,
234 1054 323 1123 prout
340 1054 519 1116 nomentan,
535 1054 562 1106 at
580 1047 642 1106 dico
659 1048 749 1122 petito
767 1048 834 1121 fieri
855 1064 917 1106 nort
937 1047 1045 1108 debera.
1066 1047 1165 1107 Tacita

144 1141 198 1207 est,
215 1153 281 1209 quae
294 1134 444 1195 inducitur
457 1152 496 1194 ex
509 1137 598 1206 lactc,
616 1144 647 1195 ut
661 1135 696 1208 si,
712 1153 772 1195 nou
789 1136 925 1196 obstante
940 1137 1166 1212 protestatione,

143 1224 180 1283 de
193 1242 253 1302 qua
268 1241 368 1301 supra,
380 1225 474 1301 judex
488 1226 610 1285 maudut
624 1225 745 1300 procedi
759 1225 957 1286 adulteriora.
971 1230 1048 1285 Pura
1059 1225 1167 1284 dicitur
1253 1263 1254 1268 κ

143 1330 212 1374 cum
233 1315 265 1374 tit
279 1313 450 1390 simpliciter
464 1313 577 1390 absque
596 1315 654 1374 tilla
672 1313 852 1387 conditione,
868 1319 919 1373 aut
940 1313 1162 1390 protestatione.

144 1403 354 1464 Conditioualis
368 1403 496 1479 denique
514 1402 633 1476 dicitur,
649 1420 715 1478 quae
733 1403 776 1470 dt,
796 1403 933 1477 apposita
945 1403 1043 1478 aliqua
1061 1402 1163 1461 cundi-

144 1492 234 1562 tione,
250 1497 301 1551 aut
315 1492 543 1567 protestatione3
559 1498 593 1551 ut
607 1492 633 1550 si
651 1509 722 1552 reus
735 1491 831 1551 actori
842 1492 1051 1551 contradicens
1064 1491 1166 1551 decin-
1256 1539 1257 1554 r

143 1586 199 1652 ret,
216 1596 248 1638 se
267 1581 346 1640 nolle
362 1581 444 1640 litem
458 1580 629 1657 contestari,
647 1580 704 1640 nisi
722 1580 831 1640 actoris
843 1588 1020 1658 procurator
1034 1579 1118 1655 prius
1134 1597 1167 1640 se

144 1667 449 1744 mandatnlegitimet.
1257 1665 1259 1746 Ῐ

79 1776 85 1788 ·
179 1760 241 1818 785.
261 1763 334 1818 Ante
356 1758 438 1819 litem
458 1765 654 1820 contestatam
675 1758 852 1834 regulariter
872 1775 932 1818 non
956 1759 1025 1818 licet
1047 1757 1168 1818 testium

144 1844 346 1923 depositiones
364 1847 507 1923 recipere,
522 1857 573 1908 aut
591 1848 769 1908 sententiam
790 1846 972 1908 definitivam
993 1848 1072 1906 ferre
1086 1846 1168 1922 quod
1216 1889 1221 1900 .
1260 1910 1261 1930 ἓ

145 1936 288 2010 probatur
301 1954 341 1996 ex
354 1937 472 1998 rubrica
493 1938 569 1998 tituli
591 1937 795 2011 decretalium,
813 1945 847 1996 ot
870 1937 918 1996 lita
932 1953 994 1996 noa
1008 1943 1169 1995 contmtntn

144 2041 205 2084 non
218 2026 393 2099 procedetur
404 2027 443 2086 od
460 2029 578 2086 testium
590 2028 790 2103 receptionem,
803 2026 848 2086 cal
861 2027 900 2086 cd
912 2026 1091 2085 sententiam
1104 2025 1172 2100 dent

144 2115 279 2174 atticam.
292 2116 485 2176 probationes
500 2115 630 2191 quidem,
645 2123 675 2176 et
689 2115 834 2182 sententie
848 2114 928 2174 omui
940 2115 1051 2173 debent
1064 2129 1172 2173 carere

145 2205 262 2280 effectu,
277 2221 346 2264 cum
360 2205 417 2264 litis
432 2206 608 2264 contestatio
622 2204 849 2264 tundamentum
863 2203 900 2262 sit
909 2202 1022 2279 judicii,
1038 2218 1171 2276 cumque

144 2298 214 2351 ante
232 2291 290 2352 litis
305 2294 553 2362 contestationem
566 2294 683 2352 nullum
701 2292 738 2351 sit
753 2291 906 2366 judicium,
927 2291 1007 2350 nulla
1027 2290 1072 2349 lis.
1088 2289 1171 2350 ltixi-

146 2398 213 2442 mus
225 2383 412 2460 regulariter,
426 2399 496 2442 uam
510 2390 593 2442 actor
603 2381 633 2441 in
648 2398 739 2442 causa
751 2380 840 2452 civili,
856 2381 945 2440 etiam
958 2381 1008 2440 lite
1019 2397 1080 2440 non
1096 2397 1173 2439 con·

44 2542 50 2551 ¹
147 2478 262 2545 testam,
278 2480 376 2548 potest
390 2473 557 2548 producere
573 2478 665 2530 testes
679 2487 776 2542 serres,
801 2469 1039 2540 valetudinarios,
1055 2475 1086 2529 et
1099 2486 1171 2543 eos,

145 2577 274 2636 quorum
288 2570 333 2620 est
343 2561 500 2621 imminens
511 2561 651 2620 diuturna
665 2558 798 2619 absentia
811 2559 945 2634 epatris,
958 2575 997 2619 ne
1010 2559 1050 2618 ob
1064 2559 1172 2619 lortui-

148 2654 193 2708 tos
209 2657 334 2710 eventus
359 2651 446 2726 copia
467 2648 649 2726 probationis
672 2649 877 2721 subtrahetur3
901 2665 960 2726 qno
984 2667 1058 2708 casu
1075 2649 1173 2723 judex

145 2743 262 2798 tenetur
276 2739 384 2798 horum
408 2739 527 2800 testium
549 2738 750 2813 depositiones
764 2737 908 2813 recipere,
934 2753 1001 2811 quae
1015 2735 1171 2811 probatio-

147 2841 215 2884 nem
229 2828 367 2902 afferunt,
378 2828 467 2888 modo
477 2832 561 2886 actor
571 2825 728 2886 conveniat
741 2825 944 2885 adversarium
957 2825 1034 2882 inira
1045 2841 1172 2898 anuum,

69 2945 81 2974 ι
145 2930 184 2972 ex
198 2931 258 2988 quo
279 2915 433 2976 conveniri
446 2922 571 2990 poterat,
586 2915 631 2974 vel
646 2917 750 2974 saltem
770 2913 810 2974 illi
829 2914 949 2974 testium
963 2914 1173 2989 receptionem

144 3002 303 3063 denunciet
318 3009 369 3076 (l).
379 3003 436 3064 sed
452 3019 522 3066 reus
535 3003 644 3079 potiori
657 3003 764 3066 lruitur
776 3006 855 3081 J'ure3
871 3003 935 3079 ipse
949 3004 1085 3078 prolecto
1099 3011 1171 3080 pot-

145 3099 191 3152 est
201 3092 245 3152 ad
263 3092 310 3152 sui
328 3093 539 3165 defensionem,
555 3099 645 3168 etque
658 3092 880 3153 securitatema
895 3092 994 3167 judice
1008 3099 1122 3166 patere,
1138 3099 1173 3150 ut

145 3198 249 3242 omues
262 3199 280 3240 a
294 3198 327 3241 se
340 3182 478 3257 producti
494 3187 584 3242 testes
597 3181 813 3253 examinentur,
829 3187 863 3240 ut
875 3180 933 3240 dici
948 3181 1034 3253 solet,
1050 3181 1090 3240 ad
1102 3197 1170 3256 par-

141 3279 263 3345 petuam
279 3272 323 3330 rai
345 3273 530 3343 memoriam,
555 3289 594 3332 ne
612 3272 643 3330 in
669 3287 740 3331 casu
759 3269 955 3345 inquisitionis
970 3269 1012 3329 illi
1026 3269 1104 3330 desit
1116 3269 1173 3329 de·

143 3359 249 3433 tensi0,
257 3366 308 3420 aut
319 3359 457 3433 exceptio
466 3358 495 3416 iu
507 3375 577 3420 casu
590 3359 714 3419 actionis
725 3365 830 3418 contra
839 3358 938 3434 ipsum
946 3357 1127 3434 propositas(
1149 3363 1170 3430 i.

148 3493 288 3613 oegigbdap.
300 3497 323 3556 5,
336 3501 365 3546 nt
378 3496 418 3545 lit.
433 3509 486 3546 uon
502 3499 612 3548 contest.
629 3501 680 3550 etc.
699 3525 724 3534 -
735 3497 771 3562 (t)
785 3499 835 3550 Git.
852 3511 911 3564 cap.
926 3498 950 3556 5,
963 3501 990 3550 at
1003 3510 1062 3562 esp.
1079 3497 1119 3560 tl,
1132 3496 1168 3548 da
