2426 4070
587 192 729 250 ..qq-

160 315 258 376 ductio
279 332 293 376 e
320 331 386 383 aaa,
414 311 460 374 uel
487 321 648 390 parentum
669 319 810 391 potestate
836 311 875 373 ad
902 313 1036 388 effectum
1058 328 1128 372 etam
1154 329 1205 378 aa

159 403 352 465 contradendi
380 401 610 462 matrimonium
624 407 675 474 (l).
701 403 811 477 Duplex
840 408 886 461 est
913 408 1026 476 raptae,
1054 397 1196 476 nempe:

157 493 309 564 vtotomta,
326 508 394 551 cum
409 490 548 550 violentia
560 490 683 550 infertur
705 491 837 550 soentinae
851 489 1040 565 repugnanti,
1055 498 1088 549 et
1100 491 1197 550 sedu-

119 591 124 616 ⁸
159 583 271 653 ottonis,
288 598 367 654 cum,
382 579 482 641 invitis
506 580 689 657 perentibus,
704 579 827 639 faemina
851 579 1042 638 consentiens
1064 577 1197 638 abduci-

154 675 216 731 tur.
238 669 381 730 violentia
409 675 509 730 tamen
538 669 730 730 committitur
757 670 867 728 nedum
888 684 957 728 cum
985 667 1110 743 physice
1133 684 1199 742 per

158 766 292 836 apertam
313 759 385 831 viru,
415 758 468 819 sed
494 765 615 818 etcum
638 758 790 818 moraliter
808 757 981 834 perminus,
1004 773 1198 832 gravemque

157 855 270 908 metum
298 848 420 909 ioemina
442 865 612 924 repugnans
632 849 662 908 iu
677 865 799 907 manum
813 847 867 906 viri
881 847 1061 924 pertrahitur
1077 844 1196 905 :miuae

156 937 236 998 enim
263 954 371 1014 graves
385 955 409 997 a·
428 937 503 1008 viro,
522 939 571 998 ret
598 938 636 996 ab
655 940 718 1011 ejus
739 935 924 996 mandatorio
939 935 1070 995 foeminae
1097 934 1194 994 illatae

156 1026 379 1103 aequiparantur
392 1025 550 1086 violentiae.
575 1025 714 1087 seductio
729 1043 802 1086 vero
816 1026 859 1096 fit,
877 1041 945 1084 cum
964 1023 1086 1090 ioemina
1099 1023 1195 1086 blan.-

156 1115 203 1175 dis
228 1115 338 1189 verbis,
369 1114 515 1191 precibus,
542 1114 745 1188 suasionibus,
773 1113 1045 1191 pollicitationibus,
1060 1111 1195 1188 aliisque

156 1203 271 1264 artibus
289 1203 438 1266 inducitur
452 1204 489 1264 ad
506 1203 604 1265 tirum
624 1203 820 1281 sequendum,
834 1201 935 1262 insciis
948 1203 994 1262 vel
1013 1201 1113 1260 invitis
1132 1218 1191 1277 pa-

155 1294 300 1354 rentibus.

187 1460 222 1526 (l)
235 1459 368 1512 abductio
382 1459 453 1512 saeta
466 1458 576 1518 dieitur,
591 1473 649 1512 cum
661 1459 772 1512 soemina
784 1459 916 1510 translata
927 1457 1018 1510 luitde
1033 1459 1090 1510 loeo
1100 1456 1129 1508 ln
1143 1456 1189 1508 lo·

155 1543 225 1590 oum,
240 1530 364 1582 dedomo
386 1531 413 1582 iu
428 1531 546 1588 domurn.
562 1531 608 1582 ubi
626 1545 679 1582 non
694 1533 721 1581 in
733 1543 791 1589 sua,
807 1533 848 1582 vel
866 1537 1009 1596 parentum
1025 1530 1113 1581 sedin
1129 1529 1185 1578 viri

154 1605 285 1670 potestate
300 1602 459 1668 reperiatur,
477 1605 504 1652 et
517 1601 813 1664 tunoimpedimentum
824 1601 957 1667 producit,
974 1615 1033 1652 cnm
1045 1601 1114 1651 lacta
1132 1599 1189 1650 fuit

155 1673 284 1725 adfinem
304 1673 481 1724 contrahendi
505 1672 723 1736 matrimonium
740 1687 804 1724 nam
826 1673 879 1724 elio
899 1674 952 1724 llue
973 1673 1053 1731 laete,
1075 1671 1189 1722 nullum

155 1744 260 1809 praebet
269 1743 502 1809 impedimentum.
520 1744 670 1797 Gallemart
680 1744 714 1796 ed
725 1744 776 1796 hoc
787 1744 870 1796 refert
879 1743 1044 1796 decisionem
1058 1742 1085 1794 S.
1097 1743 1186 1808 cong.

154 1815 186 1868 23
198 1814 282 1868 tenu.
301 1816 368 1868 1585.

189 2042 251 2100 392.
274 2042 385 2114 Raptus
398 2036 547 2098 uiolentiae
560 2037 806 2114 impedimentum
824 2037 911 2098 affert
924 2035 1065 2098 dirimens
1078 2037 1187 2098 matri-

153 2127 288 2190 monium
301 2126 379 2186 inter
391 2133 544 2202 raptorem
558 2133 588 2187 et
601 2134 727 2204 raptam,
744 2127 885 2203 quamdiu
905 2127 970 2202 ipsa
987 2124 1018 2185 in
1032 2133 1186 2202 potestate

153 2213 282 2292 raptoris
298 2221 400 2276 manet
416 2234 422 2274 :
438 2231 509 2276 nam
526 2216 759 2292 praesumptione
770 2215 845 2292 juris
865 2221 895 2275 et
914 2216 952 2275 de
969 2216 1037 2291 jure
1055 2215 1184 2276 foemina

153 2321 220 2364 non
229 2310 369 2363 censetur
383 2302 476 2363 libera
489 2303 519 2362 in
540 2321 595 2364 suo
614 2321 776 2377 consensu3
797 2303 850 2364 sad
866 2305 961 2380 magis
976 2311 1056 2364 metu
1070 2321 1110 2364 ex
1124 2323 1182 2380 po-

153 2391 244 2454 tentia
254 2392 321 2466 viri,
336 2408 426 2468 quam
437 2393 588 2453 voluntate
600 2409 654 2453 sua
664 2393 693 2452 in
709 2391 930 2452 matrimonium
948 2391 1127 2452 consentire.
1144 2398 1182 2452 At

152 2478 177 2539 si
194 2486 312 2556 raptae
331 2487 453 2556 raptore
468 2488 633 2558 separetur,
649 2499 686 2542 aa
699 2481 729 2540 in
744 2482 810 2542 loco
833 2488 895 2541 tuto
909 2488 939 2541 et
952 2482 1046 2542 libero
1065 2481 1182 2541 consti-

153 2574 226 2642 tuta,
248 2575 278 2629 et
296 2567 338 2628 ibi
357 2569 451 2630 libere
465 2577 616 2647 raptorem
637 2569 804 2630 consentiat
819 2570 929 2630 habere
945 2568 974 2629 in
988 2569 1094 2643 virum,
1112 2572 1180 2632 nul-

151 2657 215 2717 lum
241 2664 286 2717 est
313 2657 441 2734 amplius
460 2657 714 2734 impedimentum
740 2658 808 2734 quia
831 2657 911 2720 dicta
929 2658 1122 2760 praesumptio
1138 2677 1181 2720 ex

151 2745 216 2822 ipsa
233 2745 360 2846 ratione,
380 2752 410 2806 et
424 2763 463 2806 cn
484 2745 645 2807 Tridentini
670 2746 840 2807 definitione
863 2748 985 2807 omnino
1012 2753 1110 2808 cessat
1124 2750 1179 2820 (l).

151 2809 356 2894 Similiternon
370 2833 602 2895 videturadesse
615 2835 877 2912 impedimentum:
894 2843 924 2898 1⁰
937 2836 1180 2897 Sitoeminacon·

151 2922 269 2995 sentiat
284 2923 437 2982 autetiam
452 2923 590 2984 sollicitet
603 2931 732 3001 raptum,
744 2941 781 2985 eo
796 2924 919 3002 quadan
935 2927 993 2986 hoc
1002 2943 1074 2986 casu
1087 2925 1132 2984 vis
1147 2933 1180 2987 et

152 3011 260 3088 injuria
285 3027 345 3070 non
365 3010 514 3087 irrogatur
531 3011 568 3084 ei,
593 3013 646 3072 sed
661 3013 833 3089 parentibus
853 3020 883 3073 et
904 3013 1020 3074 tamiliae
1032 3016 1087 3086 (2);
1104 3018 1135 3072 2⁰
1151 3015 1179 3075 si

151 3105 221 3160 ante
232 3099 436 3176 raptuminter
450 3108 601 3178 raptorem
616 3109 646 3161 et
657 3109 782 3177 raptam,
799 3102 917 3162 habitus
931 3103 969 3162 sit
980 3109 1123 3163 tractatus
1136 3103 1176 3164 de

150 3189 339 3250 matrimonio
360 3189 438 3251 inter
457 3207 490 3251 se
512 3191 726 3266 contrahendo,
751 3199 781 3252 et
800 3192 951 3268 sponsalia
970 3194 1088 3252 firmata
1116 3191 1177 3253 sint

149 3277 279 3353 legitime
292 3280 405 3354 absque
419 3279 478 3338 ulla
488 3280 567 3356 Justa
577 3298 612 3340 ea
626 3281 760 3340 solvendi
771 3298 861 3340 causa
874 3301 881 3341 :
892 3298 962 3342 nam
976 3281 1175 3358 propterhaec

147 3365 197 3442 jus
219 3365 340 3443 aliquod
361 3383 490 3444 sponsus
513 3375 694 3429 consecutus
708 3369 798 3429 estin
811 3386 964 3445 sponsam,
980 3386 1071 3445 qnam
1085 3370 1110 3429 si
1124 3387 1173 3428 ra-

149 3452 211 3531 piat
223 3454 344 3518 invitam
357 3473 376 3516 a
388 3463 476 3534 raptu
489 3456 637 3519 violentiae
655 3463 754 3535 potest
774 3458 922 3535 excusari,
936 3466 1002 3520 uta
1016 3465 1046 3522 s.
1061 3459 1173 3521 Thema

150 3551 310 3608 excusatur
323 3547 374 3620 (3).
