<?xml version="1.0" encoding="UTF-8"?>
<!DOCTYPE html PUBLIC "-//W3C//DTD XHTML 1.0 Transitional//EN"
    "http://www.w3.org/TR/xhtml1/DTD/xhtml1-transitional.dtd">
<html xmlns="http://www.w3.org/1999/xhtml" xml:lang="en" lang="en">
 <head>
  <title>
</title>
<meta http-equiv="Content-Type" content="text/html;charset=utf-8" />
  <meta name='ocr-system' content='tesseract 3.04.00' />
  <meta name='ocr-capabilities' content='ocr_page ocr_carea ocr_par ocr_line ocrx_word'/>
</head>
<body>
  <div class='ocr_page' id='page_1' title='image "./summainstitutio01ferrgoog_0466.png"; bbox 0 0 2560 4080; ppageno 0'>
   <div class='ocr_carea' id='block_1_1' title="bbox 299 643 913 785">
    <p class='ocr_par' dir='ltr' id='par_1_1' title="bbox 299 643 913 785">
     <span class='ocr_line' id='line_1_1' title="bbox 299 643 913 785; baseline -0.011 -4"><span class='ocrx_word' id='word_1_1' title='bbox 299 707 303 717; x_wconf 41' lang='lat' dir='ltr'><em>s</em></span> <span class='ocrx_word' id='word_1_2' title='bbox 368 779 371 785; x_wconf 85' lang='grc'>,</span> <span class='ocrx_word' id='word_1_3' title='bbox 452 643 657 785; x_wconf 78' lang='lat' dir='ltr'><strong>eunucus</strong></span> <span class='ocrx_word' id='word_1_4' title='bbox 682 704 729 783; x_wconf 86' lang='lat' dir='ltr'><strong>x.</strong></span> <span class='ocrx_word' id='word_1_5' title='bbox 805 749 807 754; x_wconf 86' lang='lat'>-</span> <span class='ocrx_word' id='word_1_6' title='bbox 858 767 860 774; x_wconf 90' lang='lat'><em>.</em></span> <span class='ocrx_word' id='word_1_7' title='bbox 911 764 913 774; x_wconf 89' lang='lat'><em>.</em></span> 
     </span>
    </p>
   </div>
   <div class='ocr_carea' id='block_1_2' title="bbox 449 934 765 995">
    <p class='ocr_par' dir='ltr' id='par_1_2' title="bbox 449 934 765 995">
     <span class='ocr_line' id='line_1_2' title="bbox 449 934 765 995; baseline 0.003 -17"><span class='ocrx_word' id='word_1_8' title='bbox 449 935 486 978; x_wconf 86' lang='lat' dir='ltr'><strong>ca</strong></span> <span class='ocrx_word' id='word_1_9' title='bbox 505 934 729 982; x_wconf 78' lang='lat' dir='ltr'><strong>memmonicos.</strong></span> <span class='ocrx_word' id='word_1_10' title='bbox 754 979 765 995; x_wconf 63' lang='grc'><strong>,</strong></span> 
     </span>
    </p>
   </div>
   <div class='ocr_carea' id='block_1_3' title="bbox 83 1118 1103 1818">
    <p class='ocr_par' dir='ltr' id='par_1_3' title="bbox 83 1118 1103 1818">
     <span class='ocr_line' id='line_1_3' title="bbox 83 1118 1101 1190; baseline 0.004 -20"><span class='ocrx_word' id='word_1_11' title='bbox 83 1118 224 1174; x_wconf 75' lang='lat' dir='ltr'><strong>Suumnrrr</strong></span> <span class='ocrx_word' id='word_1_12' title='bbox 237 1141 244 1172; x_wconf 73' lang='grc' dir='ltr'><strong><em>ε</em></strong></span> <span class='ocrx_word' id='word_1_13' title='bbox 257 1121 312 1173; x_wconf 80' lang='lat' dir='ltr'><strong>aui.</strong></span> <span class='ocrx_word' id='word_1_14' title='bbox 328 1121 386 1182; x_wconf 83' lang='lat' dir='ltr'>Quid</span> <span class='ocrx_word' id='word_1_15' title='bbox 399 1121 429 1174; x_wconf 89' lang='lat' dir='ltr'><strong>sit</strong></span> <span class='ocrx_word' id='word_1_16' title='bbox 439 1124 550 1189; x_wconf 82' lang='lat' dir='ltr'><strong>exceptio,</strong></span> <span class='ocrx_word' id='word_1_17' title='bbox 562 1127 586 1176; x_wconf 88' lang='lat' dir='ltr'><strong>et</strong></span> <span class='ocrx_word' id='word_1_18' title='bbox 599 1125 739 1190; x_wconf 75' lang='lat' dir='ltr'><strong>quotuplex?</strong></span> <span class='ocrx_word' id='word_1_19' title='bbox 754 1151 781 1162; x_wconf 89' lang='lat'>-</span> <span class='ocrx_word' id='word_1_20' title='bbox 794 1123 848 1176; x_wconf 75' lang='lat' dir='ltr'><strong>tii.</strong></span> <span class='ocrx_word' id='word_1_21' title='bbox 865 1123 920 1184; x_wconf 71' lang='lat' dir='ltr'><strong>Qun</strong></span> <span class='ocrx_word' id='word_1_22' title='bbox 929 1121 976 1174; x_wconf 86' lang='lat' dir='ltr'><strong>aiut</strong></span> <span class='ocrx_word' id='word_1_23' title='bbox 987 1118 1101 1187; x_wconf 79' lang='lat' dir='ltr'><strong>exceptio·</strong></span> 
     </span>
     <span class='ocr_line' id='line_1_4' title="bbox 110 1193 1102 1262; baseline 0.002 -20"><span class='ocrx_word' id='word_1_24' title='bbox 110 1205 150 1243; x_wconf 81' lang='lat' dir='ltr'><strong>uec</strong></span> <span class='ocrx_word' id='word_1_25' title='bbox 163 1193 339 1258; x_wconf 77' lang='lat' dir='ltr'><strong>peremptorr&#39;e‘.i</strong></span> <span class='ocrx_word' id='word_1_26' title='bbox 353 1221 384 1230; x_wconf 91' lang='lat'>-</span> <span class='ocrx_word' id='word_1_27' title='bbox 399 1194 453 1246; x_wconf 73' lang='lat'><strong>823.</strong></span> <span class='ocrx_word' id='word_1_28' title='bbox 468 1194 524 1253; x_wconf 79' lang='lat' dir='ltr'><strong>Quc</strong></span> <span class='ocrx_word' id='word_1_29' title='bbox 537 1197 681 1261; x_wconf 72' lang='lat' dir='ltr'>exceptiones</span> <span class='ocrx_word' id='word_1_30' title='bbox 699 1195 809 1248; x_wconf 77' lang='lat' dir='ltr'><strong>dilatoria</strong></span> <span class='ocrx_word' id='word_1_31' title='bbox 828 1195 858 1248; x_wconf 82' lang='lat' dir='ltr'><strong>eir</strong></span> <span class='ocrx_word' id='word_1_32' title='bbox 870 1195 953 1262; x_wconf 82' lang='lat' dir='ltr'><strong>judicis</strong></span> <span class='ocrx_word' id='word_1_33' title='bbox 962 1193 1102 1260; x_wconf 77' lang='lat' dir='ltr'><strong>personam?</strong></span> 
     </span>
     <span class='ocr_line' id='line_1_5' title="bbox 110 1263 1102 1331; baseline 0 -17"><span class='ocrx_word' id='word_1_34' title='bbox 110 1289 140 1301; x_wconf 88' lang='lat'><em>-</em></span> <span class='ocrx_word' id='word_1_35' title='bbox 152 1263 206 1314; x_wconf 67' lang='lat' dir='ltr'><strong>tii.</strong></span> <span class='ocrx_word' id='word_1_36' title='bbox 220 1265 277 1324; x_wconf 80' lang='lat' dir='ltr'><strong>tice</strong></span> <span class='ocrx_word' id='word_1_37' title='bbox 291 1265 322 1316; x_wconf 83' lang='lat' dir='ltr'><strong>ob</strong></span> <span class='ocrx_word' id='word_1_38' title='bbox 335 1279 456 1330; x_wconf 85' lang='lat' dir='ltr'><strong>personam</strong></span> <span class='ocrx_word' id='word_1_39' title='bbox 471 1267 577 1318; x_wconf 78' lang='lat' dir='ltr'><strong>actone?</strong></span> <span class='ocrx_word' id='word_1_40' title='bbox 598 1296 629 1304; x_wconf 91' lang='lat'><em>-</em></span> <span class='ocrx_word' id='word_1_41' title='bbox 651 1268 706 1319; x_wconf 75' lang='lat' dir='ltr'><strong>eit.</strong></span> <span class='ocrx_word' id='word_1_42' title='bbox 728 1267 784 1326; x_wconf 81' lang='lat' dir='ltr'><strong>lice</strong></span> <span class='ocrx_word' id='word_1_43' title='bbox 804 1265 834 1318; x_wconf 87' lang='lat' dir='ltr'><strong>eb</strong></span> <span class='ocrx_word' id='word_1_44' title='bbox 852 1280 972 1331; x_wconf 83' lang='lat' dir='ltr'><strong>persenam</strong></span> <span class='ocrx_word' id='word_1_45' title='bbox 994 1265 1052 1316; x_wconf 87' lang='lat' dir='ltr'><strong>reit</strong></span> <span class='ocrx_word' id='word_1_46' title='bbox 1071 1293 1102 1303; x_wconf 88' lang='lat'><em>-</em></span> 
     </span>
     <span class='ocr_line' id='line_1_6' title="bbox 110 1334 1103 1403; baseline 0.004 -19"><span class='ocrx_word' id='word_1_47' title='bbox 110 1334 162 1386; x_wconf 74' lang='lat'>826.</span> <span class='ocrx_word' id='word_1_48' title='bbox 182 1335 238 1394; x_wconf 78' lang='lat' dir='ltr'><strong>Qun</strong></span> <span class='ocrx_word' id='word_1_49' title='bbox 251 1335 281 1389; x_wconf 80' lang='lat' dir='ltr'><strong>oin</strong></span> <span class='ocrx_word' id='word_1_50' title='bbox 294 1336 366 1401; x_wconf 86' lang='lat' dir='ltr'><strong>ipsam</strong></span> <span class='ocrx_word' id='word_1_51' title='bbox 380 1337 493 1390; x_wconf 74' lang='lat' dir='ltr'><strong>causam?</strong></span> <span class='ocrx_word' id='word_1_52' title='bbox 505 1347 536 1376; x_wconf 64' lang='grc' dir='ltr'><strong>-ι</strong></span> <span class='ocrx_word' id='word_1_53' title='bbox 546 1338 600 1389; x_wconf 77' lang='lat' dir='ltr'><strong>eti,</strong></span> <span class='ocrx_word' id='word_1_54' title='bbox 619 1337 714 1398; x_wconf 80' lang='lat' dir='ltr'><strong>Quando</strong></span> <span class='ocrx_word' id='word_1_55' title='bbox 728 1338 774 1390; x_wconf 90' lang='lat' dir='ltr'><strong>siut</strong></span> <span class='ocrx_word' id='word_1_56' title='bbox 788 1337 942 1403; x_wconf 80' lang='lat' dir='ltr'><strong>proponenda</strong></span> <span class='ocrx_word' id='word_1_57' title='bbox 959 1335 1103 1401; x_wconf 72' lang='lat' dir='ltr'><strong>exceptiones</strong></span> 
     </span>
     <span class='ocr_line' id='line_1_7' title="bbox 110 1405 1103 1475; baseline 0.002 -18"><span class='ocrx_word' id='word_1_58' title='bbox 110 1405 239 1458; x_wconf 78' lang='lat' dir='ltr'><strong>dilatoriae?</strong></span> <span class='ocrx_word' id='word_1_59' title='bbox 249 1437 277 1446; x_wconf 95' lang='lat'>-</span> <span class='ocrx_word' id='word_1_60' title='bbox 290 1408 344 1459; x_wconf 70' lang='lat'>828.</span> <span class='ocrx_word' id='word_1_61' title='bbox 358 1407 417 1467; x_wconf 80' lang='lat' dir='ltr'><strong>Quid</strong></span> <span class='ocrx_word' id='word_1_62' title='bbox 431 1408 461 1459; x_wconf 89' lang='lat' dir='ltr'><strong>sit</strong></span> <span class='ocrx_word' id='word_1_63' title='bbox 470 1408 550 1460; x_wconf 80' lang='lat' dir='ltr'><strong>ditatio</strong></span> <span class='ocrx_word' id='word_1_64' title='bbox 560 1411 651 1474; x_wconf 78' lang='lat' dir='ltr'><strong>proprie</strong></span> <span class='ocrx_word' id='word_1_65' title='bbox 667 1409 736 1474; x_wconf 86' lang='lat' dir='ltr'><strong>dicta,</strong></span> <span class='ocrx_word' id='word_1_66' title='bbox 750 1408 920 1475; x_wconf 80' lang='lat' dir='ltr'><strong>et&#39;quotuplexi</strong></span> <span class='ocrx_word' id='word_1_67' title='bbox 933 1436 964 1447; x_wconf 92' lang='lat'>-</span> <span class='ocrx_word' id='word_1_68' title='bbox 973 1409 1027 1460; x_wconf 74' lang='lat' dir='ltr'><strong>Sit.</strong></span> <span class='ocrx_word' id='word_1_69' title='bbox 1039 1407 1103 1468; x_wconf 83' lang='lat' dir='ltr'><strong>Quot</strong></span> 
     </span>
     <span class='ocr_line' id='line_1_8' title="bbox 110 1471 1101 1546; baseline 0.002 -20"><span class='ocrx_word' id='word_1_70' title='bbox 110 1475 193 1528; x_wconf 87' lang='lat' dir='ltr'><strong>dierum</strong></span> <span class='ocrx_word' id='word_1_71' title='bbox 216 1492 269 1530; x_wconf 85' lang='lat' dir='ltr'><strong>esse</strong></span> <span class='ocrx_word' id='word_1_72' title='bbox 289 1479 377 1530; x_wconf 78' lang='lat' dir='ltr'><strong>soleant</strong></span> <span class='ocrx_word' id='word_1_73' title='bbox 398 1479 497 1542; x_wconf 84' lang='lat' dir='ltr'><strong>termini,</strong></span> <span class='ocrx_word' id='word_1_74' title='bbox 512 1479 692 1538; x_wconf 82' lang='lat' dir='ltr'><strong>deliberaturius,</strong></span> <span class='ocrx_word' id='word_1_75' title='bbox 704 1471 863 1546; x_wconf 79' lang='lat' dir='ltr'><strong>probatorius,</strong></span> <span class='ocrx_word' id='word_1_76' title='bbox 877 1484 900 1532; x_wconf 92' lang='lat' dir='ltr'><strong>et</strong></span> <span class='ocrx_word' id='word_1_77' title='bbox 910 1477 1056 1531; x_wconf 74' lang='lat' dir='ltr'><strong>executione?</strong></span> <span class='ocrx_word' id='word_1_78' title='bbox 1070 1505 1101 1518; x_wconf 91' lang='lat'>-</span> 
     </span>
     <span class='ocr_line' id='line_1_9' title="bbox 110 1547 1101 1618; baseline 0.004 -20"><span class='ocrx_word' id='word_1_79' title='bbox 110 1547 163 1600; x_wconf 85' lang='grc'><strong>830.</strong></span> <span class='ocrx_word' id='word_1_80' title='bbox 176 1549 205 1602; x_wconf 90' lang='lat' dir='ltr'><strong>lii</strong></span> <span class='ocrx_word' id='word_1_81' title='bbox 213 1549 307 1600; x_wconf 89' lang='lat' dir='ltr'><strong>termini</strong></span> <span class='ocrx_word' id='word_1_82' title='bbox 320 1550 374 1615; x_wconf 82' lang='lat' dir='ltr'><strong>quid</strong></span> <span class='ocrx_word' id='word_1_83' title='bbox 386 1553 528 1614; x_wconf 73' lang='lat' dir='ltr'><strong>operentur?</strong></span> <span class='ocrx_word' id='word_1_84' title='bbox 541 1578 572 1587; x_wconf 92' lang='lat'>-</span> <span class='ocrx_word' id='word_1_85' title='bbox 586 1553 641 1604; x_wconf 84' lang='lat'>831.</span> <span class='ocrx_word' id='word_1_86' title='bbox 653 1551 725 1604; x_wconf 70' lang='lat' dir='ltr'><strong>leriae</strong></span> <span class='ocrx_word' id='word_1_87' title='bbox 736 1551 791 1618; x_wconf 87' lang='lat' dir='ltr'><strong>quid</strong></span> <span class='ocrx_word' id='word_1_88' title='bbox 804 1551 942 1616; x_wconf 74' lang='lat' dir='ltr'><strong>sipniiioeut,</strong></span> <span class='ocrx_word' id='word_1_89' title='bbox 952 1553 976 1602; x_wconf 90' lang='lat' dir='ltr'><strong>et</strong></span> <span class='ocrx_word' id='word_1_90' title='bbox 986 1548 1101 1615; x_wconf 86' lang='lat' dir='ltr'><strong>quomode</strong></span> 
     </span>
     <span class='ocr_line' id='line_1_10' title="bbox 109 1617 1102 1686; baseline 0.002 -16"><span class='ocrx_word' id='word_1_91' title='bbox 109 1617 254 1672; x_wconf 75' lang='lat' dir='ltr'><strong>ricemere</strong></span> <span class='ocrx_word' id='word_1_92' title='bbox 269 1649 300 1658; x_wconf 94' lang='lat'>-</span> <span class='ocrx_word' id='word_1_93' title='bbox 316 1622 370 1674; x_wconf 78' lang='lat'>832.</span> <span class='ocrx_word' id='word_1_94' title='bbox 390 1621 434 1680; x_wconf 80' lang='lat' dir='ltr'><strong>Qui</strong></span> <span class='ocrx_word' id='word_1_95' title='bbox 452 1622 498 1672; x_wconf 89' lang='lat' dir='ltr'><strong>siut</strong></span> <span class='ocrx_word' id='word_1_96' title='bbox 512 1622 561 1675; x_wconf 90' lang='lat' dir='ltr'><strong>dies</strong></span> <span class='ocrx_word' id='word_1_97' title='bbox 575 1622 683 1676; x_wconf 80' lang='lat' dir='ltr'><strong>ierimrrm</strong></span> <span class='ocrx_word' id='word_1_98' title='bbox 696 1626 832 1675; x_wconf 84' lang='lat' dir='ltr'><strong>sacraruml</strong></span> <span class='ocrx_word' id='word_1_99' title='bbox 855 1634 884 1662; x_wconf 69' lang='lat'><strong>-&#39;-</strong></span> <span class='ocrx_word' id='word_1_100' title='bbox 901 1622 956 1676; x_wconf 81' lang='lat'>833.</span> <span class='ocrx_word' id='word_1_101' title='bbox 970 1622 990 1672; x_wconf 82' lang='lat' dir='ltr'><strong>d</strong></span> <span class='ocrx_word' id='word_1_102' title='bbox 1003 1634 1047 1686; x_wconf 83' lang='lat' dir='ltr'><strong>qua</strong></span> <span class='ocrx_word' id='word_1_103' title='bbox 1057 1619 1102 1672; x_wconf 89' lang='lat' dir='ltr'><strong>dici</strong></span> 
     </span>
     <span class='ocr_line' id='line_1_11' title="bbox 108 1690 1102 1761; baseline 0.002 -20"><span class='ocrx_word' id='word_1_104' title='bbox 108 1690 162 1742; x_wconf 85' lang='lat' dir='ltr'><strong>hora</strong></span> <span class='ocrx_word' id='word_1_105' title='bbox 173 1692 236 1744; x_wconf 81' lang='lat' dir='ltr'><strong>ferie</strong></span> <span class='ocrx_word' id='word_1_106' title='bbox 251 1692 365 1756; x_wconf 82' lang='lat' dir='ltr'><strong>incipiant,</strong></span> <span class='ocrx_word' id='word_1_107' title='bbox 376 1697 399 1744; x_wconf 88' lang='lat' dir='ltr'><strong>et</strong></span> <span class='ocrx_word' id='word_1_108' title='bbox 411 1707 440 1743; x_wconf 84' lang='lat' dir='ltr'><strong>au</strong></span> <span class='ocrx_word' id='word_1_109' title='bbox 452 1693 476 1744; x_wconf 88' lang='lat' dir='ltr'><strong>iu</strong></span> <span class='ocrx_word' id='word_1_110' title='bbox 486 1694 551 1749; x_wconf 86' lang='lat' dir='ltr'><strong>iestis</strong></span> <span class='ocrx_word' id='word_1_111' title='bbox 559 1696 691 1761; x_wconf 85' lang='lat' dir='ltr'><strong>suppressis</strong></span> <span class='ocrx_word' id='word_1_112' title='bbox 704 1695 897 1748; x_wconf 81' lang='lat' dir='ltr'><strong>ducenti-834.</strong></span> <span class='ocrx_word' id='word_1_113' title='bbox 910 1693 968 1753; x_wconf 83' lang='lat' dir='ltr'><strong>Quid</strong></span> <span class='ocrx_word' id='word_1_114' title='bbox 977 1691 1102 1744; x_wconf 78' lang='lat' dir='ltr'><strong>observen-</strong></span> 
     </span>
     <span class='ocr_line' id='line_1_12' title="bbox 109 1761 602 1818; baseline 0.008 -6"><span class='ocrx_word' id='word_1_115' title='bbox 109 1761 160 1815; x_wconf 88' lang='lat' dir='ltr'><strong>dum</strong></span> <span class='ocrx_word' id='word_1_116' title='bbox 174 1764 198 1815; x_wconf 91' lang='lat' dir='ltr'><strong>iu</strong></span> <span class='ocrx_word' id='word_1_117' title='bbox 210 1763 274 1816; x_wconf 84' lang='lat' dir='ltr'><strong>curie</strong></span> <span class='ocrx_word' id='word_1_118' title='bbox 287 1763 437 1816; x_wconf 83' lang='lat' dir='ltr'><strong>eedestastica</strong></span> <span class='ocrx_word' id='word_1_119' title='bbox 447 1763 506 1816; x_wconf 83' lang='lat' dir='ltr'><strong>circa</strong></span> <span class='ocrx_word' id='word_1_120' title='bbox 515 1764 602 1818; x_wconf 74' lang='lat' dir='ltr'><strong>terias?</strong></span> 
     </span>
    </p>
   </div>
   <div class='ocr_carea' id='block_1_4' title="bbox 77 1931 1170 3165">
    <p class='ocr_par' dir='ltr' id='par_1_4' title="bbox 77 1931 1170 3165">
     <span class='ocr_line' id='line_1_13' title="bbox 111 1931 1101 2009; baseline 0.002 -19"><span class='ocrx_word' id='word_1_121' title='bbox 111 1933 172 1990; x_wconf 72' lang='lat' dir='ltr'><strong>tii.</strong></span> <span class='ocrx_word' id='word_1_122' title='bbox 188 1931 321 1992; x_wconf 77' lang='lat' dir='ltr'><strong>Aetionis</strong></span> <span class='ocrx_word' id='word_1_123' title='bbox 334 1939 363 1992; x_wconf 92' lang='lat' dir='ltr'><strong>et</strong></span> <span class='ocrx_word' id='word_1_124' title='bbox 374 1933 545 1993; x_wconf 88' lang='lat' dir='ltr'><strong>intentionis</strong></span> <span class='ocrx_word' id='word_1_125' title='bbox 559 1934 743 1994; x_wconf 88' lang='lat' dir='ltr'><strong>contrarium</strong></span> <span class='ocrx_word' id='word_1_126' title='bbox 752 1940 799 1994; x_wconf 88' lang='lat' dir='ltr'><strong>est</strong></span> <span class='ocrx_word' id='word_1_127' title='bbox 810 1932 958 2009; x_wconf 82' lang='lat' dir='ltr'><strong>exceptio,</strong></span> <span class='ocrx_word' id='word_1_128' title='bbox 968 1949 1027 2009; x_wconf 89' lang='lat' dir='ltr'><strong>qua</strong></span> <span class='ocrx_word' id='word_1_129' title='bbox 1036 1931 1101 2009; x_wconf 85' lang='lat' dir='ltr'><strong>ipsa</strong></span> 
     </span>
     <span class='ocr_line' id='line_1_14' title="bbox 80 2019 1098 2099; baseline 0.005 -23"><span class='ocrx_word' id='word_1_130' title='bbox 80 2019 162 2094; x_wconf 89' lang='lat' dir='ltr'><strong>aetio,</strong></span> <span class='ocrx_word' id='word_1_131' title='bbox 175 2019 239 2080; x_wconf 84' lang='lat' dir='ltr'><strong>sive</strong></span> <span class='ocrx_word' id='word_1_132' title='bbox 253 2021 378 2082; x_wconf 88' lang='lat' dir='ltr'><strong>intentio</strong></span> <span class='ocrx_word' id='word_1_133' title='bbox 393 2022 529 2083; x_wconf 86' lang='lat' dir='ltr'><strong>eliditur:</strong></span> <span class='ocrx_word' id='word_1_134' title='bbox 551 2024 631 2084; x_wconf 89' lang='lat' dir='ltr'><strong>unde</strong></span> <span class='ocrx_word' id='word_1_135' title='bbox 651 2023 788 2099; x_wconf 81' lang='lat' dir='ltr'><strong>exceptio</strong></span> <span class='ocrx_word' id='word_1_136' title='bbox 801 2023 950 2097; x_wconf 76' lang='lat' dir='ltr'><strong>delinitur,</strong></span> <span class='ocrx_word' id='word_1_137' title='bbox 965 2023 1098 2095; x_wconf 82' lang='lat' dir='ltr'><strong>actionis,</strong></span> 
     </span>
     <span class='ocr_line' id='line_1_15' title="bbox 81 2109 1101 2186; baseline 0.005 -22"><span class='ocrx_word' id='word_1_138' title='bbox 81 2113 104 2165; x_wconf 84' lang='lat' dir='ltr'><strong>et</strong></span> <span class='ocrx_word' id='word_1_139' title='bbox 124 2109 296 2170; x_wconf 78' lang='lat' dir='ltr'><strong>intentionis</strong></span> <span class='ocrx_word' id='word_1_140' title='bbox 318 2111 455 2172; x_wconf 67' lang='lat' dir='ltr'><strong>mulcete.</strong></span> <span class='ocrx_word' id='word_1_141' title='bbox 478 2111 608 2171; x_wconf 85' lang='lat' dir='ltr'><strong>Dicimus</strong></span> <span class='ocrx_word' id='word_1_142' title='bbox 629 2112 762 2182; x_wconf 66' lang='lat' dir='ltr'><strong>actione,</strong></span> <span class='ocrx_word' id='word_1_143' title='bbox 778 2118 808 2172; x_wconf 92' lang='lat' dir='ltr'><strong>et</strong></span> <span class='ocrx_word' id='word_1_144' title='bbox 830 2111 1013 2180; x_wconf 66' lang='lat' dir='ltr'><strong>internitente,</strong></span> <span class='ocrx_word' id='word_1_145' title='bbox 1032 2111 1101 2186; x_wconf 89' lang='lat' dir='ltr'><strong>quia</strong></span> 
     </span>
     <span class='ocr_line' id='line_1_16' title="bbox 79 2196 1100 2276; baseline 0.003 -21"><span class='ocrx_word' id='word_1_146' title='bbox 79 2196 126 2255; x_wconf 90' lang='lat' dir='ltr'><strong>uhi</strong></span> <span class='ocrx_word' id='word_1_147' title='bbox 138 2199 203 2274; x_wconf 88' lang='lat' dir='ltr'><strong>quis</strong></span> <span class='ocrx_word' id='word_1_148' title='bbox 218 2200 329 2276; x_wconf 88' lang='lat' dir='ltr'><strong>injuste</strong></span> <span class='ocrx_word' id='word_1_149' title='bbox 343 2207 434 2276; x_wconf 90' lang='lat' dir='ltr'><strong>petat,</strong></span> <span class='ocrx_word' id='word_1_150' title='bbox 450 2203 531 2260; x_wconf 84' lang='lat' dir='ltr'><strong>nuile</strong></span> <span class='ocrx_word' id='word_1_151' title='bbox 546 2207 592 2261; x_wconf 82' lang='lat' dir='ltr'><strong>cst</strong></span> <span class='ocrx_word' id='word_1_152' title='bbox 605 2201 696 2275; x_wconf 88' lang='lat' dir='ltr'><strong>actio,</strong></span> <span class='ocrx_word' id='word_1_153' title='bbox 710 2200 764 2260; x_wconf 89' lang='lat' dir='ltr'><strong>sed</strong></span> <span class='ocrx_word' id='word_1_154' title='bbox 780 2207 894 2260; x_wconf 89' lang='lat' dir='ltr'><strong>tautum</strong></span> <span class='ocrx_word' id='word_1_155' title='bbox 908 2199 1032 2260; x_wconf 89' lang='lat' dir='ltr'><strong>intentio</strong></span> <span class='ocrx_word' id='word_1_156' title='bbox 1046 2216 1100 2259; x_wconf 88' lang='lat' dir='ltr'><strong>ex-</strong></span> 
     </span>
     <span class='ocr_line' id='line_1_17' title="bbox 80 2285 1135 2365; baseline 0.006 -23"><span class='ocrx_word' id='word_1_157' title='bbox 80 2285 229 2365; x_wconf 83' lang='lat' dir='ltr'><strong>cludenda.</strong></span> <span class='ocrx_word' id='word_1_158' title='bbox 247 2295 289 2348; x_wconf 85' lang='lat' dir='ltr'><strong>iio</strong></span> <span class='ocrx_word' id='word_1_159' title='bbox 303 2291 433 2364; x_wconf 90' lang='lat' dir='ltr'><strong>primum</strong></span> <span class='ocrx_word' id='word_1_160' title='bbox 455 2290 628 2364; x_wconf 83' lang='lat' dir='ltr'><strong>notandum,</strong></span> <span class='ocrx_word' id='word_1_161' title='bbox 644 2289 725 2364; x_wconf 86' lang='lat' dir='ltr'><strong>qued</strong></span> <span class='ocrx_word' id='word_1_162' title='bbox 740 2289 931 2349; x_wconf 81' lang='lat' dir='ltr'><strong>favorabilior</strong></span> <span class='ocrx_word' id='word_1_163' title='bbox 951 2295 996 2349; x_wconf 88' lang='lat' dir='ltr'><strong>est</strong></span> <span class='ocrx_word' id='word_1_164' title='bbox 1010 2305 1101 2348; x_wconf 88' lang='lat' dir='ltr'><strong>causa</strong></span> <span class='ocrx_word' id='word_1_165' title='bbox 1128 2300 1135 2317; x_wconf 78' lang='grc'><strong>“</strong></span> 
     </span>
     <span class='ocr_line' id='line_1_18' title="bbox 79 2374 1099 2456; baseline 0.004 -24"><span class='ocrx_word' id='word_1_166' title='bbox 79 2374 269 2451; x_wconf 82' lang='lat' dir='ltr'><strong>exceptionis,</strong></span> <span class='ocrx_word' id='word_1_167' title='bbox 285 2395 374 2454; x_wconf 84' lang='lat' dir='ltr'><strong>quam</strong></span> <span class='ocrx_word' id='word_1_168' title='bbox 396 2379 539 2451; x_wconf 89' lang='lat' dir='ltr'><strong>actionis;</strong></span> <span class='ocrx_word' id='word_1_169' title='bbox 562 2396 632 2440; x_wconf 90' lang='lat' dir='ltr'><strong>nam</strong></span> <span class='ocrx_word' id='word_1_170' title='bbox 651 2381 720 2456; x_wconf 87' lang='lat' dir='ltr'><strong>jure</strong></span> <span class='ocrx_word' id='word_1_171' title='bbox 742 2378 837 2454; x_wconf 81' lang='lat' dir='ltr'><strong>magia</strong></span> <span class='ocrx_word' id='word_1_172' title='bbox 861 2396 894 2438; x_wconf 89' lang='lat' dir='ltr'><strong>se</strong></span> <span class='ocrx_word' id='word_1_173' title='bbox 920 2377 1099 2452; x_wconf 76' lang='lat' dir='ltr'><strong>defendenti,</strong></span> 
     </span>
     <span class='ocr_line' id='line_1_19' title="bbox 79 2465 1098 2545; baseline 0 -20"><span class='ocrx_word' id='word_1_174' title='bbox 79 2465 271 2542; x_wconf 78' lang='lat' dir='ltr'><strong>quadragenti</strong></span> <span class='ocrx_word' id='word_1_175' title='bbox 285 2474 481 2528; x_wconf 86' lang='lat' dir='ltr'><strong>succurrunt:</strong></span> <span class='ocrx_word' id='word_1_176' title='bbox 495 2475 654 2545; x_wconf 89' lang='lat' dir='ltr'><strong>propterea</strong></span> <span class='ocrx_word' id='word_1_177' title='bbox 663 2468 714 2545; x_wconf 89' lang='lat' dir='ltr'><strong>qui</strong></span> <span class='ocrx_word' id='word_1_178' title='bbox 727 2468 765 2528; x_wconf 84' lang='lat' dir='ltr'><strong>ed</strong></span> <span class='ocrx_word' id='word_1_179' title='bbox 779 2467 927 2544; x_wconf 84' lang='lat' dir='ltr'><strong>agendum</strong></span> <span class='ocrx_word' id='word_1_180' title='bbox 939 2466 1098 2527; x_wconf 87' lang='lat' dir='ltr'><strong>admittun-</strong></span> 
     </span>
     <span class='ocr_line' id='line_1_20' title="bbox 79 2554 1099 2632; baseline 0.006 -24"><span class='ocrx_word' id='word_1_181' title='bbox 79 2558 131 2627; x_wconf 90' lang='lat' dir='ltr'><strong>tur,</strong></span> <span class='ocrx_word' id='word_1_182' title='bbox 147 2562 218 2616; x_wconf 88' lang='lat' dir='ltr'><strong>snnt</strong></span> <span class='ocrx_word' id='word_1_183' title='bbox 244 2556 340 2615; x_wconf 92' lang='lat' dir='ltr'><strong>multo</strong></span> <span class='ocrx_word' id='word_1_184' title='bbox 355 2555 450 2632; x_wconf 85' lang='lat' dir='ltr'><strong>magis</strong></span> <span class='ocrx_word' id='word_1_185' title='bbox 462 2557 501 2616; x_wconf 89' lang='lat' dir='ltr'><strong>ad</strong></span> <span class='ocrx_word' id='word_1_186' title='bbox 524 2557 735 2632; x_wconf 88' lang='lat' dir='ltr'><strong>excipiendum</strong></span> <span class='ocrx_word' id='word_1_187' title='bbox 749 2554 923 2616; x_wconf 86' lang='lat' dir='ltr'><strong>admittendi</strong></span> <span class='ocrx_word' id='word_1_188' title='bbox 937 2559 988 2626; x_wconf 79' lang='lat' dir='ltr'><strong>(l).</strong></span> <span class='ocrx_word' id='word_1_189' title='bbox 1004 2559 1099 2614; x_wconf 84' lang='lat' dir='ltr'><strong>Exce-</strong></span> 
     </span>
     <span class='ocr_line' id='line_1_21' title="bbox 78 2641 1099 2720; baseline 0.003 -21"><span class='ocrx_word' id='word_1_190' title='bbox 78 2641 135 2714; x_wconf 89' lang='lat' dir='ltr'><strong>ptio</strong></span> <span class='ocrx_word' id='word_1_191' title='bbox 143 2643 285 2704; x_wconf 88' lang='lat' dir='ltr'><strong>dividitur</strong></span> <span class='ocrx_word' id='word_1_192' title='bbox 293 2645 323 2705; x_wconf 89' lang='lat' dir='ltr'><strong>iu</strong></span> <span class='ocrx_word' id='word_1_193' title='bbox 333 2647 571 2720; x_wconf 79' lang='lat' dir='ltr'><strong>peremptorium,</strong></span> <span class='ocrx_word' id='word_1_194' title='bbox 579 2652 608 2705; x_wconf 92' lang='lat' dir='ltr'><strong>et</strong></span> <span class='ocrx_word' id='word_1_195' title='bbox 618 2645 798 2705; x_wconf 74' lang='lat' dir='ltr'><strong>dilatorium.</strong></span> <span class='ocrx_word' id='word_1_196' title='bbox 807 2643 1099 2720; x_wconf 84' lang='lat' dir='ltr'><strong>Perempterieaotie</strong></span> 
     </span>
     <span class='ocr_line' id='line_1_22' title="bbox 79 2732 1098 2811; baseline 0.009 -26"><span class='ocrx_word' id='word_1_197' title='bbox 79 2743 141 2790; x_wconf 90' lang='lat' dir='ltr'><strong>nem</strong></span> <span class='ocrx_word' id='word_1_198' title='bbox 156 2732 285 2808; x_wconf 85' lang='lat' dir='ltr'><strong>perimit,</strong></span> <span class='ocrx_word' id='word_1_199' title='bbox 301 2740 331 2792; x_wconf 92' lang='lat' dir='ltr'><strong>et</strong></span> <span class='ocrx_word' id='word_1_200' title='bbox 344 2740 489 2811; x_wconf 87' lang='lat' dir='ltr'><strong>perpetuo</strong></span> <span class='ocrx_word' id='word_1_201' title='bbox 504 2733 645 2806; x_wconf 84' lang='lat' dir='ltr'><strong>excludit,</strong></span> <span class='ocrx_word' id='word_1_202' title='bbox 660 2735 740 2794; x_wconf 91' lang='lat' dir='ltr'><strong>unde</strong></span> <span class='ocrx_word' id='word_1_203' title='bbox 761 2733 850 2794; x_wconf 83' lang='lat' dir='ltr'><strong>etiem</strong></span> <span class='ocrx_word' id='word_1_204' title='bbox 871 2741 1012 2809; x_wconf 79' lang='lat' dir='ltr'><strong>perpetue</strong></span> <span class='ocrx_word' id='word_1_205' title='bbox 1026 2732 1098 2794; x_wconf 89' lang='lat' dir='ltr'><strong>diei·</strong></span> 
     </span>
     <span class='ocr_line' id='line_1_23' title="bbox 79 2810 1099 2899; baseline 0.006 -24"><span class='ocrx_word' id='word_1_206' title='bbox 79 2822 141 2893; x_wconf 74' lang='lat' dir='ltr'><strong>tur,</strong></span> <span class='ocrx_word' id='word_1_207' title='bbox 158 2821 296 2881; x_wconf 88' lang='lat' dir='ltr'><strong>dilatoria</strong></span> <span class='ocrx_word' id='word_1_208' title='bbox 307 2839 380 2883; x_wconf 89' lang='lat' dir='ltr'><strong>vero</strong></span> <span class='ocrx_word' id='word_1_209' title='bbox 394 2822 542 2884; x_wconf 89' lang='lat' dir='ltr'><strong>actionem</strong></span> <span class='ocrx_word' id='word_1_210' title='bbox 556 2824 663 2898; x_wconf 85' lang='lat' dir='ltr'><strong>differt,</strong></span> <span class='ocrx_word' id='word_1_211' title='bbox 682 2824 729 2883; x_wconf 86' lang='lat' dir='ltr'><strong>vei</strong></span> <span class='ocrx_word' id='word_1_212' title='bbox 743 2824 780 2883; x_wconf 86' lang='lat' dir='ltr'><strong>ed</strong></span> <span class='ocrx_word' id='word_1_213' title='bbox 796 2830 913 2899; x_wconf 89' lang='lat' dir='ltr'><strong>tempus</strong></span> <span class='ocrx_word' id='word_1_214' title='bbox 930 2810 1099 2898; x_wconf 67' lang='lat' dir='ltr'><strong>&#39;suspendit</strong></span> 
     </span>
     <span class='ocr_line' id='line_1_24' title="bbox 77 2902 1170 2988; baseline 0.01 -27"><span class='ocrx_word' id='word_1_215' title='bbox 77 2903 201 2984; x_wconf 88' lang='lat' dir='ltr'><strong>ideoque</strong></span> <span class='ocrx_word' id='word_1_216' title='bbox 217 2911 388 2987; x_wconf 80' lang='lat' dir='ltr'><strong>temperetis</strong></span> <span class='ocrx_word' id='word_1_217' title='bbox 403 2928 523 2988; x_wconf 88' lang='lat' dir='ltr'><strong>quoque</strong></span> <span class='ocrx_word' id='word_1_218' title='bbox 538 2913 711 2988; x_wconf 83' lang='lat' dir='ltr'><strong>appellatur.</strong></span> <span class='ocrx_word' id='word_1_219' title='bbox 727 2917 762 2972; x_wconf 81' lang='lat' dir='ltr'><strong>ut</strong></span> <span class='ocrx_word' id='word_1_220' title='bbox 775 2902 968 2987; x_wconf 74' lang='lat' dir='ltr'><strong>exceptiones</strong></span> <span class='ocrx_word' id='word_1_221' title='bbox 982 2928 1100 2988; x_wconf 92' lang='lat' dir='ltr'><strong>perem-</strong></span> <span class='ocrx_word' id='word_1_222' title='bbox 1165 2904 1170 2910; x_wconf 76' lang='grc'><strong>’</strong></span> 
     </span>
     <span class='ocr_line' id='line_1_25' title="bbox 78 2997 1101 3084; baseline 0.004 -28"><span class='ocrx_word' id='word_1_223' title='bbox 78 2997 177 3069; x_wconf 83' lang='lat' dir='ltr'><strong>pteriae</strong></span> <span class='ocrx_word' id='word_1_224' title='bbox 190 2998 418 3064; x_wconf 78' lang='lat' dir='ltr'><strong>subdividuntur</strong></span> <span class='ocrx_word' id='word_1_225' title='bbox 430 3001 461 3060; x_wconf 93' lang='lat' dir='ltr'><strong>iu</strong></span> <span class='ocrx_word' id='word_1_226' title='bbox 473 3001 683 3078; x_wconf 69' lang='lat' dir='ltr'><strong>peremptorios</strong></span> <span class='ocrx_word' id='word_1_227' title='bbox 699 3001 758 3082; x_wconf 73' lang='lat' dir='ltr'><strong>litte</strong></span> <span class='ocrx_word' id='word_1_228' title='bbox 769 3000 871 3078; x_wconf 79' lang='lat' dir='ltr'><strong>finitae,</strong></span> <span class='ocrx_word' id='word_1_229' title='bbox 887 3007 917 3084; x_wconf 76' lang='lat' dir='ltr'><strong>et</strong></span> <span class='ocrx_word' id='word_1_230' title='bbox 929 3001 1101 3078; x_wconf 83' lang='lat' dir='ltr'><strong>simpliciter</strong></span> 
     </span>
     <span class='ocr_line' id='line_1_26' title="bbox 77 3089 1089 3165; baseline 0.008 -21"><span class='ocrx_word' id='word_1_231' title='bbox 77 3089 292 3165; x_wconf 72' lang='lat' dir='ltr'><strong>peremptorius.</strong></span> <span class='ocrx_word' id='word_1_232' title='bbox 1085 3107 1089 3117; x_wconf 69' lang='lat'><strong><em>‘</em></strong></span> 
     </span>
    </p>
   </div>
   <div class='ocr_carea' id='block_1_5' title="bbox 57 3239 1100 3665">
    <p class='ocr_par' dir='ltr' id='par_1_5' title="bbox 106 3239 1098 3308">
     <span class='ocr_line' id='line_1_27' title="bbox 106 3239 1098 3308; baseline 0.003 -18"><span class='ocrx_word' id='word_1_233' title='bbox 106 3239 139 3302; x_wconf 80' lang='lat' dir='ltr'><strong>(i)</strong></span> <span class='ocrx_word' id='word_1_234' title='bbox 151 3239 217 3306; x_wconf 88' lang='lat' dir='ltr'><strong>Cap.</strong></span> <span class='ocrx_word' id='word_1_235' title='bbox 232 3241 271 3293; x_wconf 86' lang='grc'><strong>71.</strong></span> <span class='ocrx_word' id='word_1_236' title='bbox 288 3242 321 3293; x_wconf 89' lang='lat' dir='ltr'><strong>de</strong></span> <span class='ocrx_word' id='word_1_237' title='bbox 337 3255 392 3308; x_wconf 80' lang='lat' dir='ltr'><strong>reg.</strong></span> <span class='ocrx_word' id='word_1_238' title='bbox 404 3243 459 3307; x_wconf 84' lang='lat' dir='ltr'><strong>jur.</strong></span> <span class='ocrx_word' id='word_1_239' title='bbox 480 3242 511 3294; x_wconf 83' lang='lat' dir='ltr'><strong>in</strong></span> <span class='ocrx_word' id='word_1_240' title='bbox 523 3243 546 3294; x_wconf 89' lang='lat' dir='ltr'><strong>e.</strong></span> <span class='ocrx_word' id='word_1_241' title='bbox 570 3242 699 3308; x_wconf 76' lang='lat' dir='ltr'><strong>Exceptio</strong></span> <span class='ocrx_word' id='word_1_242' title='bbox 719 3245 893 3308; x_wconf 78' lang='lat' dir='ltr'><strong>oppugnatur</strong></span> <span class='ocrx_word' id='word_1_243' title='bbox 916 3240 1098 3308; x_wconf 87' lang='lat' dir='ltr'><strong>replicatione,</strong></span> 
     </span>
    </p>

    <p class='ocr_par' dir='ltr' id='par_1_6' title="bbox 57 3311 1100 3665">
     <span class='ocr_line' id='line_1_28' title="bbox 57 3311 1099 3379; baseline 0.007 -22"><span class='ocrx_word' id='word_1_244' title='bbox 57 3343 62 3358; x_wconf 79' lang='grc'><em>,</em></span> <span class='ocrx_word' id='word_1_245' title='bbox 78 3317 127 3370; x_wconf 84' lang='lat' dir='ltr'><strong>qua</strong></span> <span class='ocrx_word' id='word_1_246' title='bbox 142 3311 184 3362; x_wconf 86' lang='lat' dir='ltr'><strong>vis</strong></span> <span class='ocrx_word' id='word_1_247' title='bbox 199 3313 365 3377; x_wconf 85' lang='lat' dir='ltr'><strong>exceptionis</strong></span> <span class='ocrx_word' id='word_1_248' title='bbox 380 3313 541 3378; x_wconf 87' lang='lat' dir='ltr'><strong>retunditur,</strong></span> <span class='ocrx_word' id='word_1_249' title='bbox 555 3317 583 3366; x_wconf 88' lang='lat' dir='ltr'><strong>et</strong></span> <span class='ocrx_word' id='word_1_250' title='bbox 602 3315 719 3379; x_wconf 88' lang='lat' dir='ltr'><strong>utreque</strong></span> <span class='ocrx_word' id='word_1_251' title='bbox 733 3317 775 3366; x_wconf 87' lang='lat' dir='ltr'><strong>est</strong></span> <span class='ocrx_word' id='word_1_252' title='bbox 794 3315 898 3378; x_wconf 87' lang='lat' dir='ltr'><strong>speeies</strong></span> <span class='ocrx_word' id='word_1_253' title='bbox 917 3311 1099 3365; x_wconf 79' lang='lat' dir='ltr'><strong>defensionis:</strong></span> 
     </span>
     <span class='ocr_line' id='line_1_29' title="bbox 78 3384 1100 3449; baseline 0.001 -17"><span class='ocrx_word' id='word_1_254' title='bbox 78 3389 136 3431; x_wconf 84' lang='lat' dir='ltr'><strong>nam</strong></span> <span class='ocrx_word' id='word_1_255' title='bbox 149 3384 308 3449; x_wconf 88' lang='lat' dir='ltr'><strong>exceptione</strong></span> <span class='ocrx_word' id='word_1_256' title='bbox 322 3397 385 3435; x_wconf 87' lang='lat' dir='ltr'><strong>reue</strong></span> <span class='ocrx_word' id='word_1_257' title='bbox 401 3397 430 3436; x_wconf 88' lang='lat' dir='ltr'><strong>se</strong></span> <span class='ocrx_word' id='word_1_258' title='bbox 442 3385 562 3437; x_wconf 80' lang='lat' dir='ltr'><strong>defendit</strong></span> <span class='ocrx_word' id='word_1_259' title='bbox 572 3390 666 3437; x_wconf 86' lang='lat' dir='ltr'><strong>contre</strong></span> <span class='ocrx_word' id='word_1_260' title='bbox 679 3385 813 3436; x_wconf 89' lang='lat' dir='ltr'><strong>actionem</strong></span> <span class='ocrx_word' id='word_1_261' title='bbox 825 3385 932 3448; x_wconf 85' lang='lat' dir='ltr'><strong>ueteris,</strong></span> <span class='ocrx_word' id='word_1_262' title='bbox 949 3386 976 3435; x_wconf 91' lang='lat' dir='ltr'><strong>et</strong></span> <span class='ocrx_word' id='word_1_263' title='bbox 998 3384 1057 3448; x_wconf 89' lang='lat' dir='ltr'><strong>ipse</strong></span> <span class='ocrx_word' id='word_1_264' title='bbox 1071 3394 1100 3433; x_wconf 88' lang='lat' dir='ltr'><strong>a·</strong></span> 
     </span>
     <span class='ocr_line' id='line_1_30' title="bbox 78 3451 1097 3526; baseline 0.007 -28"><span class='ocrx_word' id='word_1_265' title='bbox 78 3451 132 3502; x_wconf 90' lang='lat' dir='ltr'><strong>eter</strong></span> <span class='ocrx_word' id='word_1_266' title='bbox 144 3453 319 3520; x_wconf 76' lang='lat' dir='ltr'><strong>replicatione</strong></span> <span class='ocrx_word' id='word_1_267' title='bbox 332 3468 362 3506; x_wconf 87' lang='lat' dir='ltr'><strong>se</strong></span> <span class='ocrx_word' id='word_1_268' title='bbox 376 3453 495 3526; x_wconf 73' lang='lat' dir='ltr'><strong>defendit</strong></span> <span class='ocrx_word' id='word_1_269' title='bbox 504 3460 598 3508; x_wconf 89' lang='lat' dir='ltr'><strong>centra</strong></span> <span class='ocrx_word' id='word_1_270' title='bbox 613 3455 797 3520; x_wconf 81' lang='lat' dir='ltr'><strong>exceptionem</strong></span> <span class='ocrx_word' id='word_1_271' title='bbox 812 3454 860 3516; x_wconf 89' lang='lat' dir='ltr'><strong>rci,</strong></span> <span class='ocrx_word' id='word_1_272' title='bbox 875 3453 922 3519; x_wconf 86' lang='lat' dir='ltr'><strong>qui</strong></span> <span class='ocrx_word' id='word_1_273' title='bbox 937 3453 1025 3505; x_wconf 90' lang='lat' dir='ltr'><strong>adhuc</strong></span> <span class='ocrx_word' id='word_1_274' title='bbox 1038 3457 1097 3518; x_wconf 91' lang='lat' dir='ltr'><strong>pot-</strong></span> 
     </span>
     <span class='ocr_line' id='line_1_31' title="bbox 84 3523 1100 3593; baseline 0.004 -22"><span class='ocrx_word' id='word_1_275' title='bbox 84 3524 122 3573; x_wconf 86' lang='lat' dir='ltr'><strong>est</strong></span> <span class='ocrx_word' id='word_1_276' title='bbox 138 3524 272 3590; x_wconf 88' lang='lat' dir='ltr'><strong>repiiccre</strong></span> <span class='ocrx_word' id='word_1_277' title='bbox 288 3531 381 3578; x_wconf 90' lang='lat' dir='ltr'><strong>contra</strong></span> <span class='ocrx_word' id='word_1_278' title='bbox 398 3525 598 3593; x_wconf 89' lang='lat' dir='ltr'><strong>replicationem</strong></span> <span class='ocrx_word' id='word_1_279' title='bbox 617 3525 724 3578; x_wconf 88' lang='lat' dir='ltr'><strong>ceteris.</strong></span> <span class='ocrx_word' id='word_1_280' title='bbox 742 3525 810 3578; x_wconf 75' lang='lat' dir='ltr'><strong>Heeo</strong></span> <span class='ocrx_word' id='word_1_281' title='bbox 831 3524 992 3577; x_wconf 84' lang='lat' dir='ltr'><strong>detensionis</strong></span> <span class='ocrx_word' id='word_1_282' title='bbox 1009 3523 1100 3575; x_wconf 84' lang='lat' dir='ltr'><strong>medie</strong></span> 
     </span>
     <span class='ocr_line' id='line_1_32' title="bbox 80 3594 1100 3665; baseline 0.007 -23"><span class='ocrx_word' id='word_1_283' title='bbox 80 3602 111 3643; x_wconf 94' lang='lat' dir='ltr'><strong>ex</strong></span> <span class='ocrx_word' id='word_1_284' title='bbox 124 3596 244 3651; x_wconf 86' lang='lat' dir='ltr'><strong>uetureii</strong></span> <span class='ocrx_word' id='word_1_285' title='bbox 256 3597 386 3664; x_wconf 78' lang='lat' dir='ltr'><strong>aeqmtete</strong></span> <span class='ocrx_word' id='word_1_286' title='bbox 398 3600 577 3665; x_wconf 79' lang='lat' dir='ltr'><strong>promanant3</strong></span> <span class='ocrx_word' id='word_1_287' title='bbox 587 3597 685 3654; x_wconf 89' lang='lat' dir='ltr'><strong>etidee</strong></span> <span class='ocrx_word' id='word_1_288' title='bbox 694 3597 723 3652; x_wconf 87' lang='lat' dir='ltr'><strong>in</strong></span> <span class='ocrx_word' id='word_1_289' title='bbox 736 3597 803 3664; x_wconf 85' lang='lat' dir='ltr'><strong>ipeie</strong></span> <span class='ocrx_word' id='word_1_290' title='bbox 816 3595 899 3651; x_wconf 87' lang='lat' dir='ltr'><strong>curiis</strong></span> <span class='ocrx_word' id='word_1_291' title='bbox 911 3594 1100 3652; x_wconf 81' lang='lat' dir='ltr'><strong>ecciesiasticis</strong></span> 
     </span>
    </p>
   </div>
   <div class='ocr_carea' id='block_1_6' title="bbox 0 0 1284 4080">
    <p class='ocr_par' dir='ltr' id='par_1_7' title="bbox 0 0 1284 4080">
     <span class='ocr_line' id='line_1_33' title="bbox 0 0 1284 4080; baseline 0 1"><span class='ocrx_word' id='word_1_292' title='bbox 0 0 1284 4080; x_wconf 95' lang='lat' dir='ltr'><strong> </strong></span> 
     </span>
    </p>
   </div>
  </div>
 </body>
</html>
