2560 4080
437 207 645 278 κω(-

7 299 9 316 ’
79 323 232 397 pacuvio
251 323 289 384 od
313 331 603 400 maaoetvocatur3
627 325 789 402 quievere
812 326 984 388 nonhabet
1007 328 1089 388 aliud

28 489 31 494 Δ
80 411 249 574 {umens
273 410 438 490 judicium,
466 414 521 476 sed
548 420 694 492 provocat
724 414 763 475 ad
789 429 913 480 causam
943 414 1087 478 inchoan-

108 644 139 710 (l)
148 637 209 714 dap
224 631 250 708 5,
263 643 298 701 de
311 646 402 714 appel.

106 842 165 902 stt.
180 841 344 919 Appellatio
353 842 501 920 judicialis
514 843 709 904 subdividitur
721 843 753 903 iu
765 842 994 922 appellationem
1005 862 1026 906 o
1039 847 1088 908 dc·

76 929 237 1005 steriliscet
255 931 486 1008 appellationem
505 933 540 994 ab
557 931 790 1017 interlocutorio.
808 932 971 1010 Appellatio
985 935 1089 998 adefi-

75 1016 158 1078 nitiva
171 1021 344 1082 conceditur
357 1021 505 1096 omuibus,
520 1022 572 1100 qui
586 1022 710 1097 directe,
728 1021 777 1083 vel
793 1020 938 1084 indirecte
958 1039 1013 1100 per
1026 1024 1088 1100 pri-

75 1121 148 1168 rnem
169 1109 347 1171 sententiam
364 1111 478 1188 gravati
496 1112 624 1186 inerunt,
651 1110 767 1172 etiamsi
786 1126 948 1186 gravamen
967 1128 1029 1172 non
1050 1112 1089 1174 sit
1136 1185 1139 1201 .

74 1211 209 1273 presens,
230 1197 285 1258 sed
302 1199 380 1275 juste
399 1198 430 1258 in
442 1201 574 1260 futurum
589 1198 762 1260 timendum.
777 1198 851 1260 ilinc
863 1205 945 1260 recte
958 1199 1089 1276 appellat

73 1284 237 1362 principalis
250 1294 343 1362 actor,
360 1289 423 1364 ejus
436 1295 622 1364 procurator,
637 1287 826 1364 negotiorum
840 1294 951 1364 gestor,
974 1294 1004 1349 et
1024 1304 1089 1347 om·

12 1365 16 1380 '
72 1372 124 1446 nis,
139 1376 222 1451 cuius
241 1375 374 1450 interest,
388 1384 421 1437 ut
434 1376 581 1448 venditor,
595 1383 626 1436 ct
645 1377 812 1452 fidejussor,
828 1376 949 1452 quando
963 1377 1088 1437 damna·

72 1469 116 1522 tus
135 1465 188 1524 luit
205 1471 334 1540 emptor,
356 1467 404 1526 vel
429 1464 546 1526 debitor
568 1463 749 1540 principalis,
769 1465 839 1540 quie
860 1465 949 1526 habet
971 1471 1089 1541 emptor

72 1559 170 1612 contra
184 1552 380 1626 venditorem,
405 1561 436 1614 et
456 1553 586 1614 creditor
609 1559 713 1613 contra
735 1554 944 1632 fidejussorem
966 1570 1086 1630 regres-

71 1657 143 1701 sum.
158 1642 216 1702 sed
227 1641 316 1702 unius
329 1644 488 1719 appellatio
512 1643 577 1704 aliis
596 1643 684 1704 etiam
704 1643 836 1720 prodest,
851 1645 943 1704 modo
956 1641 1036 1706 idem
1051 1643 1091 1704 sit

70 1729 228 1806 negotium,
239 1730 403 1808 eademque
417 1749 507 1792 causa
521 1731 701 1794 defensionis
716 1733 824 1796 existet
836 1738 888 1808 (l).

98 1869 132 1948 (l)
143 1869 207 1923 Gan.
221 1870 261 1930 30,
277 1885 300 1922 c.
311 1871 336 1930 2,
352 1885 377 1936 q.
390 1869 413 1934 6,
428 1876 456 1922 et
469 1884 528 1939 cap.
541 1871 581 1937 lt,
595 1871 628 1924 de
641 1873 733 1958 appel.

100 2059 162 2116 866.
183 2055 258 2116 lluic
275 2057 385 2132 regulae
398 2057 536 2134 exceptio
550 2057 593 2130 iit,
608 2058 728 2134 quando
741 2057 898 2136 appellatio
911 2063 957 2118 est
975 2075 994 2117 a
1008 2058 1088 2135 jure,

69 2146 112 2205 vel
126 2146 164 2205 ab
177 2145 300 2205 homine
314 2145 480 2221 interdicta,
501 2149 581 2223 quod
592 2148 747 2224 contingit,
761 2165 830 2209 cum
843 2147 996 2208 evidenter
1012 2165 1085 2208 con-

69 2239 135 2308 stat,
150 2233 327 2294 sententiam
340 2237 453 2296 nullum
465 2236 544 2297 ferre
557 2252 716 2312 gravamen
726 2253 869 2313 praesene,
879 2243 931 2298 aut
941 2237 1088 2310 futurum,

69 2339 126 2396 quo
146 2339 220 2384 casu
239 2323 399 2399 appellatio
416 2324 524 2386 dicitur
539 2325 659 2399 triecto,
683 2333 713 2386 et
733 2325 801 2386 ideo
822 2324 1003 2402 rejicienda:
1019 2341 1089 2386 eum

68 2411 132 2486 quis
145 2412 238 2472 habet
255 2417 361 2472 contra
374 2429 407 2472 se
425 2419 487 2474 tres
500 2414 662 2474 sententias
675 2415 844 2474 conformes
856 2418 912 2486 (t),
927 2429 999 2474 cum
1022 2413 1090 2489 quis

68 2499 257 2576 appellationi
268 2516 337 2560 cum
345 2501 514 2576 iuramento
527 2501 721 2576 renunciavit,
733 2504 781 2563 vel
793 2501 970 2563 sententiam
983 2508 1089 2562 contra

68 2604 98 2648 se
110 2589 203 2648 latam
215 2587 305 2650 etiem
318 2587 407 2649 tacite
425 2589 562 2665 probavit
579 2593 638 2664 (2);
659 2606 729 2651 cum
746 2589 814 2666 quis
834 2606 888 2666 pen
909 2587 1091 2650 evidentiam

68 2677 287 2754 depositionum
302 2678 430 2750 testium,
448 2684 499 2738 aut
518 2679 645 2738 alienun
665 2678 914 2740 documentorum
932 2677 1088 2739 convictus

67 2765 177 2826 iactum
199 2771 251 2828 aut
268 2782 334 2827 rem
347 2766 503 2826 confessus
516 2773 562 2828 est
582 2772 642 2841 (3);
667 2783 736 2829 eum
755 2766 852 2843 agitur
872 2766 911 2828 de
928 2781 1019 2828 eausa
1035 2781 1091 2842 per

69 2853 266 2928 juramentum
286 2854 467 2916 decisoriam
488 2855 581 2931 finita,
600 2857 647 2916 vel
665 2857 705 2917 de
721 2872 822 2929 causa,
843 2855 891 2916 cui
907 2854 985 2916 inest
1006 2855 1089 2916 clau-

68 2945 139 3019 sula,
161 2943 357 3020 appellatione
375 2952 489 3004 remota
511 2947 566 3019 (l),
583 2951 613 3005 et
629 2946 660 3004 in
674 2945 738 3004 aliis
751 2945 885 3022 pluribus
899 2944 1019 3006 casibus
1032 2948 1085 3017 (ὅ).

95 3091 127 3156 (l)
142 3091 208 3156 Cep.
224 3090 254 3144 39
268 3094 295 3143 et
306 3090 346 3154 65,
357 3091 391 3143 de
404 3092 505 3160 eppei..
519 3092 567 3144 ubi
580 3092 679 3145 dicitur
688 3093 770 3144 licere
784 3095 889 3144 mutum
910 3092 955 3144 bis
964 3091 1086 3158 appelle·

69 3173 95 3213 re
109 3182 115 3212 ε
129 3163 198 3215 bina
218 3161 352 3228 siquidem
373 3161 517 3230 appellatio
540 3167 595 3216 tres
618 3163 728 3216 involvit
744 3165 902 3228 sententias,
923 3163 1085 3216 sententiam

68 3233 169 3286 scilicet
179 3233 274 3298 prima
286 3232 453 3298 cognitionis,
466 3239 493 3286 et
505 3234 573 3286 duas
582 3235 801 3300 appellationum.
814 3235 917 3288 Verum
926 3236 950 3287 si
959 3248 1014 3287 una
1023 3246 1088 3285 sea·

69 3305 149 3356 tentia
163 3319 197 3355 ex
211 3304 254 3356 his
268 3305 304 3355 sit
313 3305 446 3357 contraria
455 3304 535 3356 datur
548 3309 627 3358 tertia
636 3306 791 3370 appellatio,
805 3309 832 3359 et
841 3307 875 3357 ob
889 3305 917 3356 id
931 3305 990 3357 dari
1003 3303 1085 3356 etiem

68 3379 155 3440 potest
168 3381 273 3440 quarta,
288 3380 315 3426 et
327 3375 424 3442 quinta
430 3375 582 3443 appellatio.
597 3377 676 3429 Ultra
689 3376 760 3428 hunc
773 3377 918 3429 terminum
928 3375 1085 3428 nullatcnus

68 3446 231 3506 admittitur;
246 3447 294 3498 sed
316 3460 385 3498 nova
398 3448 518 3512 gentium
539 3451 648 3507 statuta,
669 3461 701 3500 ee
720 3449 872 3512 presertim
889 3449 1010 3500 Romana
1025 3452 1086 3511 post

67 3516 133 3569 duas
145 3519 296 3570 conformes
309 3520 456 3570 sententiaa
470 3517 680 3584 appellationem
694 3519 865 3583 interdicunt,
877 3517 1040 3584 quodetiam
1053 3517 1087 3570 de

65 3586 124 3652 jure
138 3591 266 3642 canonico
276 3589 386 3655 antiquo
400 3590 604 3644 observabatur.
622 3590 717 3646 Devoti
731 3592 749 3644 l.
759 3591 784 3651 3.
796 3592 816 3642 t.
828 3591 865 3652 15,
878 3591 891 3654 t
905 3589 929 3653 7,
946 3589 974 3642 in
989 3594 1044 3644 not.
1055 3613 1087 3630 -··
