2410 4068
581 132 740 188 430-

138 257 206 300 sess.
219 245 259 311 tl,
270 258 293 299 c.
311 245 348 304 lt,
363 245 397 298 de
411 245 475 305 rei.;
487 244 536 298 sed
548 245 692 310 episcopus
706 245 794 310 potest
806 257 869 296 eum
883 243 963 296 etlam
977 243 1039 296 sinc
1052 257 1130 298 cansa
1143 259 1157 295 a

136 317 238 368 vicaria
248 330 381 370 rovocare.
399 343 426 354 -
441 317 476 381 (i)
492 317 644 368 Nominntio
654 315 756 367 Vioarii
770 316 799 366 in
813 315 863 368 hoc
877 329 942 366 casn
952 315 1113 380 regulariter
1126 315 1157 366 ad
1191 363 1192 370 r

138 388 286 454 parochum
300 390 422 454 spectatr
437 388 485 438 sad
498 393 593 452 postca
603 388 728 440 vicarius
741 401 758 438 a
769 387 885 453 parocho
899 385 1157 438 nominatusexami-
1191 429 1192 436 r

139 459 254 518 naudus.
270 462 298 509 et
314 459 507 523 approbandus
525 464 566 510 est
586 459 622 510 ab
638 457 836 523 Episcopatu
859 471 924 510 sana
943 457 968 508 S.
988 457 1157 522 congregatio
1191 511 1192 518 j

141 529 253 582 Consilii
268 529 414 592 explicavit
428 530 566 580 decretum
584 529 734 580 Tridentini
750 530 777 580 in
796 541 864 580 sess.
878 530 918 586 23.
930 543 957 580 c.
972 529 996 591 l,
1007 529 1043 580 de
1057 529 1103 580 rel.
1116 529 1155 580 Gi·
1191 533 1192 546 ¹

139 599 231 650 raldus
245 599 280 650 ad
294 602 338 650 cit.
351 613 420 664 cap.;
432 600 454 653 ai
469 613 533 651 voro
547 599 682 668 parochus
696 601 723 649 in
737 599 787 650 hoc
800 599 939 664 negligens
955 600 1001 662 sit,
1017 599 1157 664 Episcopus

139 669 224 721 iibere
242 670 381 722 Vicarium
401 671 520 736 deputat.
543 671 595 722 Hic
614 670 746 734 vicarius,
765 674 796 720 ut
814 671 884 720 alius
904 684 988 736 supra
1003 670 1157 726 nominatus,
1191 725 1192 728 ,

135 741 182 806 jus
197 741 279 792 habet
290 740 323 792 ad
334 754 481 805 congruam
495 743 646 806 portionem
658 755 690 792 ex
705 741 838 792 fructibus
851 739 976 791 beneficii
989 741 1025 792 ab
1037 741 1157 808 Episcopo

138 811 292 870 taxandam,
304 812 410 863 rationo
425 811 529 870 iubila,
544 817 575 862 ut
590 812 628 862 ait
642 811 804 864 Benedictus
816 811 893 872 Xlll,
906 812 1049 864 redituum
1060 815 1083 864 ct
1097 823 1158 862 erno-

138 881 320 934 lamentorum
334 881 445 934 ecclesie
456 881 660 948 parochialia...
683 895 732 934 noc
752 895 807 933 noo
820 882 945 946 impactis
967 880 1158 934 conditionibus

140 952 200 1018 loct,
219 953 337 1016 numeri,
352 953 521 1012 animarum.
541 953 675 1019 qualitate
696 952 804 1014 taleme,
819 957 844 1006 cl
862 953 1019 1021 quantitate
1034 952 1158 1016 impenso-

139 1037 212 1089 rum,
226 1037 309 1091 quarn
323 1023 458 1077 commissi
471 1023 554 1090 offleii
567 1025 709 1076 necessitas
721 1023 905 1088 postulaverit.
922 1021 984 1074 Bul.
1000 1022 1036 1076 In
1047 1034 1159 1088 supremo
1191 1039 1192 1062 1

140 1094 313 1162 mililanlirj
332 1095 379 1146 lil.
399 1123 430 1132 —
452 1097 488 1160 (3)
511 1096 623 1157 Quando
643 1096 772 1160 parochie
794 1097 868 1146 tanto
888 1099 995 1145 constat
1019 1096 1160 1144 animarum
1191 1145 1192 1152 χ

140 1179 264 1230 numero,
284 1173 312 1218 ut
327 1179 398 1218 unus
412 1172 529 1232 nequeat
545 1179 638 1218 omnes
659 1179 780 1231 pascere,
796 1178 828 1216 cx
843 1166 995 1217 Tridentini
1009 1164 1159 1230 praescripto

141 1233 1160 1304 Episcopuaetiamtamquomltpostolicaesertisdelegatusdauetparoohm
1191 1233 1192 1282 i

141 1321 246 1374 cogere,
261 1315 291 1360 ut
312 1307 364 1358 sibi
381 1311 420 1359 tot
433 1309 501 1360 alios
516 1308 645 1374 adjungat
660 1308 791 1363 Vicarios.
807 1313 872 1373 quat
885 1307 1023 1359 sufficiant
1039 1305 1073 1356 ad
1085 1319 1158 1371 popu·
1191 1327 1192 1358 ς

141 1378 196 1430 lum
211 1378 384 1446 pascendum,
396 1393 463 1430 sess.
481 1381 520 1438 il,
532 1393 554 1430 c.
567 1379 592 1442 l,
602 1379 635 1430 de
648 1379 696 1434 rei.
709 1379 802 1440 Quoad
815 1379 1027 1430 nominationem
1038 1391 1107 1434 vcro.
1120 1389 1158 1440 ap·

141 1451 336 1514 probationem,
351 1454 379 1501 et
391 1463 537 1514 congruam
552 1461 584 1501 ea
599 1449 767 1502 observanda
782 1453 854 1510 sunt,
870 1463 932 1514 quae
946 1449 974 1499 in
991 1455 1055 1500 nota
1068 1459 1159 1514 praece·

141 1521 215 1575 denti
234 1521 382 1572 attulimus.
403 1547 434 1558 ·-
448 1521 484 1586 (l)
501 1521 575 1572 'l'rid
591 1533 659 1572 sess.
680 1521 704 1580 7,
719 1535 741 1572 c.
764 1521 787 1582 i,
802 1519 835 1571 da
860 1521 907 1570 rei.
923 1521 1053 1585 congrua
1065 1533 1110 1586 pro
1124 1516 1157 1566 his
1191 1517 1192 1584 )

143 1591 261 1644 vicariis
275 1591 464 1645 constituenda
478 1591 563 1644 catab
574 1592 716 1658 Episcopo,
726 1605 788 1657 quae
803 1591 963 1654 regulariter
977 1592 1007 1644 in
1022 1593 1098 1640 tertia
1111 1602 1156 1639 om·
1191 1587 1192 1628 l

142 1662 217 1712 nium
232 1661 368 1712 redituum
383 1661 662 1714 et'emolumentorum
676 1669 752 1728 parte
768 1663 948 1714 constituitur.
964 1661 1031 1712 Bul.
1043 1658 1108 1714 Onna
1120 1673 1155 1710 sa·

142 1745 191 1798 per
205 1732 342 1782 Benedicti
363 1731 437 1784 XIV.
453 1733 606 1784 Nominatio
626 1737 715 1784 autem
736 1733 832 1784 horum
848 1733 1020 1784 vicariorum
1042 1728 1157 1794 capitulis

142 1803 318 1854 ecclesiarum
334 1809 486 1870 competere
500 1804 659 1868 solet—(5)
670 1805 735 1870 cap.
750 1806 764 1856 3
778 1803 812 1856 de
829 1803 894 1857 ecci.
908 1803 980 1855 aedll.
998 1832 1030 1842 -
1046 1803 1081 1868 (6)
1093 1799 1156 1852 Reii·
1191 1825 1192 1866 )

143 1873 259 1926 ienstuel
273 1873 306 1925 de
320 1873 387 1926 ollic.
403 1874 454 1924 vic.
468 1887 494 1925 n.
512 1876 542 1926 ic
556 1880 583 1926 et
596 1889 671 1941 seqq.

176 2045 241 2100 ete.
266 2039 454 2116 coadjutoris
469 2057 541 2100 vero
555 2049 597 2100 cst
604 2041 658 2118 jus
676 2041 840 2118 adjuvandi
854 2031 1060 2116 beneficiatum
1074 2041 1104 2099 in
1117 2055 1154 2096 rc·

141 2129 251 2204 cimino
265 2130 396 2204 beneficit
413 2147 481 2188 enm
495 2147 625 2206 con-prun
638 2133 795 2206 fructuum
805 2131 1015 2206 acclamatione.
1032 2135 1074 2190 Ex
1087 2144 1155 2188 corn·
1191 2133 1192 2226 j

142 2219 296 2294 paratione
319 2220 418 2296 hujus,
442 2226 531 2296 atque
556 2221 753 2296 praecedentis
776 2220 955 2280 definitionis
975 2222 1056 2280 clare
1078 2222 1155 2294 patet,
1191 2229 1192 2320 j

141 2306 206 2365 haec
220 2307 280 2368 due
294 2324 362 2368 csse
377 2307 464 2368 valde
478 2307 594 2382 similia,
609 2307 635 2367 si
649 2325 708 2367 non
723 2315 792 2368 sunt
806 2325 974 2384 synonyma
987 2328 993 2366 ε
1006 2325 1074 2368 nam
1089 2313 1154 2364 utra·

142 2411 212 2470 que,
227 2403 288 2455 tam
303 2395 423 2468 vicaria,
437 2413 527 2473 quam
546 2397 739 2472 coadjutoris,
755 2412 831 2457 onus
845 2397 930 2456 affert
943 2395 1068 2472 gerendi
1089 2393 1157 2452 vices

143 2485 265 2545 alterius
278 2485 308 2544 in
321 2485 467 2546 beneficio
482 2501 551 2546 cum
562 2487 629 2562 jure
643 2487 681 2546 ad
696 2493 811 2561 partem
824 2487 984 2558 fructuum,
1001 2494 1032 2546 ct
1047 2491 1156 2555 utraque

144 2577 394 2650 intemporalem,
409 2581 439 2634 et
452 2581 627 2651 perpetuam
644 2575 802 2648 dividitur3
819 2581 847 2634 ct
861 2575 1033 2652 specialiter
1048 2571 1156 2644 coadju-

147 2661 225 2721 toria
241 2671 386 2738 perpetua
399 2663 506 2722 dicitur
519 2662 578 2736 illa,
594 2679 661 2738 quae
676 2663 804 2738 cuipiam
817 2679 886 2722 cum
899 2664 1000 2723 futura
1013 2668 1080 2738 post
1092 2671 1156 2718 mnr-
1191 2663 1192 2732 )

149 2757 209 2810 tem
231 2751 360 2827 coadjuti
380 2752 410 2810 in
432 2751 577 2812 beneficio
600 2752 790 2812 successione
819 2753 980 2811 confertur.
1008 2749 1154 2812 Discrimca

147 2855 219 2898 vero
230 2838 261 2897 in
275 2855 312 2898 eo
326 2840 514 2913 potissimum
528 2842 610 2914 latet,
624 2842 715 2916 quod,
727 2841 845 2900 virente
862 2846 989 2902 Hectore
1006 2834 1154 2916 principali,
1191 2881 1192 2928 ἢ

145 2925 261 3002 potiora
274 2933 343 2985 sunt
358 2927 470 3000 vicarii,
486 2945 575 3004 quam
591 2929 775 3003 coadjutoris
787 2929 864 3004 jura,
880 2926 1155 2996 concredemus

144 3019 302 3074 Rectorem
325 3014 519 3090 principalem
543 3015 632 3076 etiam
659 3033 748 3091 agere
770 3023 923 3090 potentem
946 3019 1095 3092 suppleat,
1116 3009 1155 3068 hic

145 3117 217 3160 vero
227 3108 260 3160 ut
271 3106 428 3162 Rectorem
442 3102 535 3176 senia,
552 3106 668 3176 morbo,
684 3113 735 3162 aut
747 3104 805 3162 alia
820 3111 1014 3179 causa'agere
1029 3104 1154 3178 impotcn-
1191 3079 1192 3168 j

147 3193 207 3248 tem
226 3189 345 3266 adjuvet
365 3210 372 3248 ε
396 3191 477 3250 unde
495 3191 624 3250 vicarius
644 3201 816 3266 perpetuus,
830 3191 929 3266 invitos
942 3199 1076 3262 flectcre,
1091 3186 1154 3248 licite
1191 3179 1192 3246 i

146 3276 222 3352 agit3
246 3295 307 3338 non
330 3296 402 3338 vero
426 3280 594 3363 coadjutor,
617 3285 742 3339 flectcre
765 3279 977 3339 rationabiliter
996 3279 1094 3348 invito}
1113 3272 1153 3348 qui
1191 3255 1192 3324 i

147 3373 246 3447 potest
259 3366 356 3440 aliqua
368 3366 537 3442 cnadjntori
549 3365 693 3458 inhibere,
706 3373 739 3426 ut
752 3384 787 3427 ea
799 3376 921 3449 peragat
934 3385 988 3444 par
1000 3385 1032 3428 sc
1046 3369 1100 3445 (1)..

176 3509 213 3574 (1)
223 3509 400 3569 Reilienstuel
412 3509 446 3566 de
460 3509 523 3570 cler.
537 3482 629 3584 segrei.
643 3525 670 3563 n.
686 3512 726 3572 51,
