2410 4068
582 162 743 223 ..202-

176 294 230 351 aot
247 288 369 351 Affectio
379 303 434 364 per
450 287 671 364 appositionem
683 301 828 350 manuum
840 283 990 348 Pontificis
1004 286 1104 349 reddit
1115 275 1171 346 be‘

142 378 282 440 nefleium
294 379 445 452 allectum,
456 393 526 437 cum
540 377 574 437 tit
586 379 740 438 voluntate
754 375 828 436 illud
841 377 1018 436 reservandi
1034 381 1091 450 tlt:
1102 383 1132 436 ut
1141 375 1171 436 st

141 466 276 528 Pontifex
288 465 428 526 beneficii
449 465 706 526 renunciationem
720 464 749 524 in
763 463 826 524 suis
837 463 977 524 menibus
999 465 1109 525 factam
1120 481 1171 523 aer

142 561 243 633 ceptet
255 559 311 628 (ῆς
326 554 351 614 si
363 570 545 630 quemquam
556 553 703 614 beneficio
716 553 824 630 privet3
840 553 866 612 si
877 553 1061 614 beneficium
1072 569 1164 614 oonre

143 644 194 704 dat
208 644 239 704 in
253 643 473 716 commendam,
484 649 537 702 aut
548 643 580 702 in
591 640 892 715 administrationem,
907 641 1043 702 sieidem
1055 643 1164 718 deputet

142 733 348 809 coadjutorem
367 747 437 792 cum
458 732 557 792 futura
577 729 780 804 successione,
803 737 834 790 et
856 731 1018 807 coadjutor
1036 731 1161 806 coadjuto

142 821 227 897 prius
238 819 402 892 moriatur3
420 817 446 878 si
459 819 520 879 duo
542 818 691 879 beneficia
705 818 744 878 ad
757 818 882 895 alicujus
896 819 989 881 vitam
1001 821 1163 895 coniungat,
1178 855 1179 858 =

143 915 174 970 et
187 907 218 968 in
241 907 306 968 aliis
327 905 473 968 similibus
486 905 606 966 casibus
620 909 674 978 (3).
689 911 734 966 lix
757 907 884 968 aduerso
897 925 967 968 oum
986 906 1121 968 Pontifex
1137 905 1161 964 in

142 995 288 1058 beneficio
306 1011 414 1056 manus
433 995 582 1072 apposuit,
606 1011 668 1054 non
690 995 728 1055 ad
742 996 882 1055 effectum
901 995 957 1056 sihi
977 997 1054 1058 illud
1076 1011 1162 1056 reser-

138 1079 242 1160 'vandi,
256 1085 310 1145 sed
321 1084 363 1145 ad
382 1084 473 1145 alium
491 1084 593 1156 flnern,
618 1088 651 1142 ut
673 1089 756 1158 puta,
772 1084 811 1144 ed
833 1083 1032 1145 auferendum
1046 1101 1099 1162 per
1111 1084 1163 1143 dis-

143 1172 352 1251 pensationem
365 1171 487 1248 aliquod
500 1169 758 1247 impedimentum,
772 1171 811 1232 ad
824 1173 1041 1234 reservandam
1055 1174 1160 1250 pensio·

144 1281 224 1336 nem,
239 1263 288 1322 vel
301 1261 340 1321 ad
362 1259 576 1322 instituendam
598 1265 777 1335 perpetuam
807 1259 936 1321 duorum
957 1261 1162 1322 beneflciomm
1183 1251 1186 1350 1

144 1353 287 1412 unionem
306 1355 358 1424 (f),
374 1350 455 1409 nulla
468 1353 515 1410 est
528 1347 656 1419 affectio,
679 1347 748 1424 quia
767 1365 828 1408 uon
850 1348 1014 1410 materialis
1032 1364 1161 1410 manuum
1184 1355 1187 1444 1

144 1441 291 1518 appositio
305 1437 404 1499 reddit
416 1437 595 1498 beneficium
608 1438 759 1510 affectum,
775 1437 829 1497 sed
848 1437 898 1496 illa
919 1443 1047 1512 tantum,
1062 1455 1124 1513 quae
1136 1437 1163 1494 lit
1186 1455 1188 1542 1

144 1529 244 1590 animo
264 1527 320 1588 sibi
342 1525 528 1600 reservandi,
550 1531 581 1586 ct
605 1531 710 1600 postea
733 1525 918 1600 conferendi,
934 1541 1007 1586 cum
1029 1525 1104 1587 aetio
1117 1542 1160 1585 ne-
1187 1549 1189 1630 1

145 1623 235 1690 queat
246 1614 416 1692 producere
426 1615 569 1674 ellectum
583 1614 662 1674 ultra
674 1613 870 1676 intentionem
884 1615 1048 1692 operantis.

175 1780 210 1845 (t)
223 1779 392 1832 Hoefactum
405 1778 584 1845 appositionis
605 1793 701 1831 manus
716 1777 853 1833 Pontifiois
875 1780 903 1830 in
926 1779 1020 1846 aliquo
1039 1777 1155 1832 beneficio
1190 1796 1191 1822 t

144 1857 186 1903 est
199 1851 343 1914 efficacius,
361 1863 444 1916 quam
458 1850 604 1916 appellatio
621 1851 761 1916 adipsum
777 1871 783 1901 ι
798 1865 862 1901 nam
885 1850 947 1916 plus
970 1855 1014 1904 est
1035 1851 1158 1918 negotium
1191 1904 1192 1914 ,

144 1922 179 1974 ad
193 1935 223 1974 sc
237 1935 372 1982 revocare,
387 1933 468 1985 quam
487 1921 521 1972 ab
541 1921 593 1972 alio
615 1925 832 1988 provocationem
852 1923 983 1988 accipere.
999 1923 1065 1990 Cap.
1078 1921 1114 1982 56,
1128 1919 1156 1969 de
1191 1915 1192 1924 ’

145 1995 233 2058 appel.
250 2019 275 2030 -
291 1993 328 2057 (l)
343 1991 516 2046 Reiffenstuel
530 1991 563 2042 de
578 1993 662 2058 presb.
677 2007 704 2043 n.
716 1993 775 2054 tls;
789 1993 861 2058 quod
872 1993 1029 2045 extenditur
1041 1993 1117 2045 etiam
1129 1989 1157 2040 ad
1192 2012 1193 2026 t

145 2065 352 2128 resignationem
367 2063 528 2114 infusorem
545 2069 626 2115 certae
638 2077 770 2132 personae,
785 2064 895 2130 Rigenti
905 2064 939 2115 ad
949 2077 1007 2130 reg.
1025 2067 1047 2124 1,
1062 2061 1155 2116 Cancel.

145 2136 158 2197 l
175 2136 197 2193 i,
211 2148 238 2185 n.
256 2134 308 2186 tuf.
323 2159 355 2172 —-
368 2135 403 2200 (3)
420 2134 577 2198 cujusmodi
592 2139 634 2186 est
647 2148 735 2194 casus,
751 2135 775 2186 si
795 2135 869 2201 Papa
888 2135 1033 2202 prohibeat
1046 2131 1155 2186 electori·

143 2206 206 2266 bus,
220 2219 254 2257 ne
269 2205 304 2277 ad
320 2205 480 2258 electionem
499 2205 656 2272 procedent.
674 2205 740 2271 Cap.
754 2206 794 2270 45,
809 2205 842 2258 de
853 2205 929 2258 elect.
945 2205 975 2258 fu
990 2205 1016 2258 6.
1031 2235 1060 2246 -
1071 2206 1103 2271 (l)
1114 2203 1155 2254 lii·

146 2278 220 2342 gunti
234 2277 285 2329 loe.
300 2277 344 2330 eit.
357 2291 385 2330 n.
402 2277 455 2329 103.

182 2477 245 2542 305.
265 2481 436 2543 Reservatio
459 2495 602 2558 expresse
623 2487 678 2554 est,
707 2495 774 2558 quae
798 2482 960 2559 exaliqua
984 2492 1157 2546 summorum

148 2571 325 2632 Pontificum
339 2570 561 2644 constitutione,
575 2571 622 2630 vel
637 2587 676 2630 ex
686 2571 755 2647 iure
771 2572 923 2631 communi
937 2571 1083 2648 provenit.
1097 2575 1160 2630 san·

149 2665 197 2719 ota
211 2660 332 2737 quidem
346 2661 437 2721 sedes
455 2660 493 2720 ab
513 2658 717 2735 antiquissimo
741 2665 875 2735 tempore
893 2661 943 2737 jus
964 2661 1097 2738 quaedam
1113 2653 1158 2716 sibi

147 2749 320 2810 reservandi
331 2747 477 2808 beneficia
491 2755 622 2821 exercet,
642 2765 702 2824 quo
723 2747 753 2806 in
773 2749 833 2808 virn
853 2748 899 2808 sui
918 2748 1090 2810 universalis
1109 2743 1161 2821 pri·

147 2845 245 2896 matus
259 2835 365 2897 merito
378 2835 486 2896 fruitur
500 2839 551 2907 (t).
567 2840 640 2896 Cum
653 2836 732 2896 enim
751 2837 816 2912 ipsa
830 2836 987 2897 distribuat
1000 2837 1096 2897 officia
1107 2831 1159 2909 spi-

147 2923 262 2983 ritualia
276 2931 398 3000 propter
413 2941 479 3001 quae
493 2925 603 2984 dentur
622 2925 777 2998 beneficia,
793 2931 823 2985 et
837 2927 996 2986 constituat
1010 2927 1157 3002 Episcopus

147 3025 217 3070 cum
229 3017 378 3086 potestate
392 3013 565 3072 conferendi
576 3014 732 3088 beneficia,
746 3015 806 3074 hoc
818 3011 920 3074 nativo
934 3033 990 3075 suo
1001 3017 1068 3092 jure
1079 3009 1158 3073 desti-

148 3104 212 3158 tute
225 3099 283 3158 dici
296 3115 357 3159 non
371 3107 480 3176 potest,
503 3100 560 3160 nisi
580 3119 634 3177 per
650 3117 798 3162 summam
816 3103 982 3179 perfidiam,
999 3111 1032 3164 ut
1051 3101 1157 3180 quidam

149 3203 253 3265 parum
269 3188 429 3248 orthodoxi
443 3191 616 3266 scriptores
639 3197 669 3251 et
689 3189 810 3267 quidam
834 3191 972 3251 humanis
985 3187 1158 3269 passionibus

149 3276 264 3337 seducti
282 3275 432 3352 Principes
447 3279 586 3352 suadere,
611 3285 642 3339 et
662 3280 761 3340 facere
778 3289 1033 3355 praeamnpserunt
1046 3282 1094 3353 (2).
1108 3279 1157 3334 ilu-

148 3365 278 3440 jusmodi
297 3365 455 3441 pontiflciae
470 3367 689 3426 reservationes
701 3375 828 3442 possunt
846 3367 936 3426 variis
951 3366 1048 3428 modis
1059 3357 1157 3442 partiri,

150 3460 185 3512 ut
198 3455 359 3515 videreest
372 3470 466 3531 penes
479 3459 624 3514 Doctores
645 3459 701 3528 (3):
724 3455 778 3516 sed
798 3473 855 3516 nos
867 3473 923 3532 pro
938 3455 983 3516 rei
997 3447 1157 3516 claritatein

152 3545 214 3602 tres
226 3548 343 3603 tantum
360 3543 472 3605 classes
487 3541 642 3622 partimur,
657 3559 765 3624 nempe
782 3561 789 3604 :
805 3549 835 3604 1ο
848 3543 878 3606 in
900 3561 977 3622 eam,
992 3561 1059 3624 quae
1073 3543 1159 3604 clausu
