2524 4080
602 211 757 268 -410-

180 351 253 398 raro
275 331 541 407 renunciationem,
554 338 607 394 aut
621 329 752 394 mandati
772 331 988 394 revocationem
1000 334 1166 403 tunccecsat,
1257 329 1258 336 ’

179 439 249 486 cum
263 422 338 484 alius
350 427 526 499 procurator
538 420 686 498 legitimus
695 421 726 482 in
739 437 829 482 causa
842 426 1003 496 comparet,
1016 416 1167 495 quiliigan·
1257 485 1258 498 χ

179 513 253 574 uum
266 517 367 590 partes
381 511 525 570 sustineat
539 515 590 584 (l).
605 510 709 570 Libera
722 509 843 586 quidem
854 509 892 568 ab
904 508 986 569 initio
1004 513 1047 568 ost
1059 505 1190 568 manmti·

180 600 358 678 acceptatio,
371 617 431 678 qua
444 600 551 677 posita,
566 605 596 659 et
610 599 660 660 lite
673 605 847 674 contestata,
863 601 927 676 ejus
939 597 1072 658 executio
1085 597 1115 656 ilt
1127 611 1171 654 nc·
1257 593 1258 680 J

181 688 323 762 cessaria,
337 685 376 748 ita
388 696 422 749 ut
433 688 548 750 etiamsi
561 689 734 750 mandatum
746 688 941 759 revocaverit,
953 687 1048 748 adbuc
1060 692 1118 746 acta
1130 699 1174 760 per
1257 687 1258 770 l

180 785 407 856 procreatorem
419 783 592 840 revocatum
605 777 664 838 sint
676 777 799 851 valida(
816 780 837 850 ).

210 950 247 1018 (1)
260 951 324 1017 Gap.
340 951 355 1004 8
375 950 409 1002 do
422 952 558 1017 procurat.
575 982 602 991 -
620 950 657 1015 (i)
673 949 739 1015 Gap.
756 949 797 1010 li,
816 945 875 1002 eod.
891 950 962 1002 Hinc
974 949 1101 1016 seqnitur,
1112 959 1176 998 nan-

180 1021 289 1074 dantem
302 1036 356 1074 non
370 1035 449 1088 posse
470 1025 530 1087 post
553 1022 628 1072 litem
653 1025 828 1073 contestatam
849 1025 1050 1088 procuratorem
1063 1030 1178 1075 revocare,

179 1093 233 1146 nisi
246 1095 364 1159 exjusta
385 1105 476 1155 causa,
491 1093 575 1145 veluti
600 1093 624 1144 si
646 1096 718 1144 esset
738 1096 888 1157 suspectus,
912 1098 959 1144 aut
979 1090 1126 1158 impeditus,
1143 1091 1181 1140 out

179 1165 274 1218 morbo
289 1167 429 1216 teneratur.
446 1161 510 1228 Gap.
524 1164 550 1226 i,
563 1163 621 1215 aad.
634 1163 662 1214 in
675 1163 704 1224 ὃς
716 1167 742 1214 et
755 1163 880 1214 similiter
893 1177 946 1214 uon
957 1175 1038 1229 posse
1047 1162 1182 1228 procurata·

182 1249 238 1287 ram
253 1233 340 1287 officio
355 1239 480 1301 suscepto
496 1234 664 1293 renunciare,
678 1235 731 1286 nisi
744 1247 777 1286 ex
788 1235 865 1300 lustu
883 1247 974 1295 causa,
990 1236 1019 1286 et
1032 1233 1102 1285 salvo
1116 1243 1181 1282 mau-

181 1304 270 1360 dantis
280 1307 421 1366 interesse,
433 1309 460 1359 et
469 1304 566 1372 ludicii
576 1319 666 1358 cursu.

217 1533 271 1589 '158
284 1529 453 1590 Advocatus
464 1527 554 1588 debet
567 1525 683 1588 sincero
694 1533 723 1587 et
741 1527 902 1603 prudenter
921 1542 1044 1588 causam
1062 1528 1184 1594 tractare,

182 1634 221 1678 ne
238 1619 311 1677 falsa
325 1617 456 1692 proterat
466 1617 544 1692 jura,
558 1613 766 1690 instrumente,
785 1623 888 1690 testes,
905 1616 1096 1691 probationes
1109 1619 1136 1672 et
1146 1627 1185 1668 ra-

182 1705 290 1778 tiones,
304 1705 376 1764 alias
398 1710 549 1763 teneretur
571 1703 609 1764 de
633 1704 757 1764 crimine
779 1704 860 1777 falsi3
877 1721 915 1764 ne
938 1705 1103 1780 superfluas
1121 1702 1187 1776 petat
1257 1711 1258 1774 l

182 1793 347 1865 dilationes
367 1797 418 1850 aui
438 1791 648 1866 superstitiosis
667 1798 767 1851 ertator
780 1791 1036 1866 cavillationibus3
1052 1809 1087 1850 nc
1106 1803 1188 1850 cause

181 1887 296 1942 secreta
311 1879 366 1940 sibi
380 1876 539 1939 commisse
557 1880 633 1955 parti
647 1879 780 1940 adversae
797 1881 913 1956 prodat,
928 1885 979 1941 aut
997 1881 1114 1956 utrique
1125 1875 1192 1954 parti

183 1968 269 2030 simul
283 1967 497 2044 patrocinetur,
512 1977 564 2028 aut
583 1968 727 2043 alterutri,
747 1980 907 2045 postquam
925 1987 981 2046 pro
997 1970 1056 2029 alia
1068 1969 1120 2028 tuit
1132 1981 1191 2048 cun·

186 2059 296 2128 sultus3
309 2073 347 2115 ne
355 2054 479 2131 injuriis,
493 2062 544 2114 out
555 2054 858 2130 conviciiisdecertet3
872 2067 909 2117 ne
918 2075 951 2118 se
964 2057 994 2117 in
1004 2055 1193 2122 collusionem,

184 2143 471 2221 tergiversationem,
494 2151 523 2204 et
544 2145 817 2220 praeuaricationem
842 2145 937 2222 abripi
964 2147 1111 2222 patiatur3
1130 2155 1194 2202 neta

185 2233 258 2312 quid
273 2231 388 2292 omittat
403 2231 502 2306 studii,
521 2231 592 2292 ortis
613 2239 642 2294 et
661 2233 826 2310 diligentia.
844 2239 968 2295 Causam
981 2241 1098 2294 tontum
1110 2235 1195 2310 potest

185 2323 338 2398 suscipere
357 2337 460 2382 verum
476 2328 506 2380 et
521 2322 642 2397 justum,
660 2328 712 2383 ont
734 2340 805 2384 vero
825 2323 1021 2400 probabilem,
1036 2340 1103 2400 quae
1123 2335 1197 2398 spent

186 2411 322 2472 victoriae
336 2409 497 2484 contineat,
516 2410 572 2469 etsi
588 2427 658 2486 pars
675 2413 800 2478 advorsa
813 2413 921 2488 potiori
938 2414 1017 2490 juro,
1034 2431 1070 2473 ac
1092 2429 1143 2489 spe
1159 2409 1196 2467 ui-

186 2502 291 2560 deatur
303 2497 444 2573 gaudere,
456 2498 546 2557 modo
558 2498 697 2559 clientem
710 2501 747 2560 de
759 2508 837 2560 statu
847 2501 912 2560 talis
926 2519 1027 2562 causae
1043 2515 1198 2562 commone

186 2587 275 2648 faciat
295 2591 352 2658 (l),
376 2603 496 2646 causam
514 2604 586 2648 vero
603 2586 779 2664 improbem,
794 2595 825 2648 et
846 2589 1046 2665 desperatam,
1059 2591 1196 2666 injustam,

186 2686 217 2738 ot
235 2676 449 2738 calumniosam
464 2675 659 2751 aggrediant
673 2677 810 2752 persequi
824 2677 935 2752 nequit,
950 2678 1036 2738 aliter
1058 2679 1089 2738 in
1107 2692 1199 2738 omnes

186 2765 315 2843 partium
327 2781 486 2840 expensas,
501 2771 530 2824 et
543 2764 652 2824 damno
669 2781 707 2824 ex
716 2765 823 2840 judicis
839 2766 984 2825 sententia
1003 2767 1127 2843 obligari
1141 2771 1198 2841 pot·

188 2861 243 2928 est,
258 2861 289 2914 et
303 2853 393 2914 etiem
407 2861 475 2913 ante
489 2852 666 2914 sententiam
679 2853 710 2913 in
724 2855 907 2914 conscientia
920 2855 1069 2932 obligatur
1082 2859 1131 2928 (ἓ).

219 3029 255 3096 (l)
268 3027 404 3094 Zallinger
417 3028 451 3078 ed
465 3029 506 3080 tit.
521 3028 553 3080 da
566 3029 661 3096 portal.
677 3027 690 3094 ζ
703 3029 757 3088 553,
773 3029 800 3080 in
814 3032 868 3082 not.
879 3059 909 3067 -
923 3031 958 3096 (i)
973 3031 999 3083 S.
1015 3032 1050 3084 da
1070 3030 1173 3098 Liguria
1185 3027 1199 3078 l.
1257 3075 1258 3084 ι

188 3104 213 3162 l,
227 3115 254 3152 n.
270 3099 325 3152 rat.
342 3100 393 3162 Qui
407 3114 460 3151 uon
476 3105 565 3166 potest
578 3101 758 3164 procuratoris
772 3101 859 3152 officia
874 3102 993 3166 defungi,
1013 3117 1104 3169 neque
1124 3105 1201 3168 potest

189 3173 333 3225 advocatus
342 3169 409 3223 lieri.
421 3171 540 3223 Clericus
557 3173 682 3224 sacerdos
697 3172 823 3224 incensis
836 3175 1000 3239 pecuniariis
1014 3189 1105 3241 neque
1120 3185 1200 3225 corun

188 3243 280 3311 judice
295 3242 475 3305 ecclesiastico
491 3243 630 3304 advocare,
642 3245 698 3294 sive
712 3244 849 3310 postulare
863 3249 960 3310 potest,
970 3245 1021 3297 nisi
1035 3261 1085 3312 pro
1100 3261 1129 3298 sa
1141 3246 1200 3312 ipsc,

191 3318 239 3368 aut
251 3329 301 3366 sua
314 3312 491 3376 ecclesiatici
507 3315 530 3362 si
543 3315 691 3366 necessitas
702 3315 833 3374 imminet,
849 3330 897 3382 pra
911 3318 1034 3382 personis
1050 3317 1200 3382 conjunctis,

193 3392 240 3437 aut
252 3381 463 3435 miserabilibus.
481 3383 545 3446 Cap.
561 3386 584 3442 3,
600 3385 633 3436 de
650 3379 744 3448 postul.
761 3385 795 3436 Et
808 3379 831 3438 ¹si
845 3389 907 3452 quis
925 3389 1040 3440 clericus
1060 3390 1141 3440 etiam
1155 3398 1201 3438 non

192 3455 317 3505 sacerdos
337 3455 365 3503 in
387 3465 498 3504 munere
518 3453 649 3517 advocati,
671 3463 716 3506 ant
741 3460 922 3521 procuratoris
937 3474 984 3525 pro
998 3461 1133 3511 extrancis
1145 3473 1201 3508 con·

193 3528 233 3572 tra
247 3523 396 3580 ecclesiam,
413 3523 441 3571 ln
455 3537 507 3587 qua
522 3523 604 3574 habet
621 3525 791 3588 beneficium,
803 3531 928 3598 postulet,
939 3539 1074 3598 tamquam
1089 3532 1202 3596 ingratus

192 3595 280 3664 potest
294 3605 342 3664 auo
352 3593 489 3662 penatores
498 3593 616 3657 spoliari.
633 3597 699 3662 cap.
713 3599 758 3650 cit.
