2524 4080
465 167 621 226 ..aab

55 289 151 380 manem
164 286 223 348 sola
239 287 402 352 admittitur
414 289 600 366 praescriptio
613 289 793 365 oentenaria,
807 296 842 352 ut
855 291 905 353 bic
918 293 1042 370 sublun-

53 385 138 447 grmns
150 375 205 435 sed
218 376 353 438 Ecdesim
369 379 490 439 nonina
508 378 711 455 intelliguntur
722 381 1045 460 mansuetissimus

53 457 103 518 loca
113 463 250 540 religiosa,
263 467 302 526 ad
318 483 447 544 quorum
466 467 689 543 prescribenda
700 468 791 543 bona,
807 468 923 530 etism
935 488 975 532 ex
987 471 1045 548 piis

50 545 143 624 legatis,
163 559 192 617 et
212 554 420 616 donationibus
442 555 612 630 obteniant,
636 564 754 634 tempus
773 557 969 636 quadraginta
991 579 1045 622 an·

48 651 137 788 gozlem
157 645 356 708 neceesarium
380 655 436 720 est,
459 645 528 707 lieet
550 645 736 723 praescriptio
758 647 810 708 liat
832 654 939 710 cenna
957 651 1046 712 aliam

67 741 80 784 c
104 728 188 792 esiam
201 739 255 808 (l).

73 819 173 892 Regula
184 826 222 883 tit
241 822 351 884 Contra
364 822 523 884 Ecclesiam
536 823 704 884 romanon
714 822 780 884 'solu
793 824 963 886 nnatttttar
973 843 1046 902 pre·

47 905 145 981 carpito
161 919 279 972 contrua
296 929 459 974 abnorme.
475 917 519 972 lta
533 911 696 974 declararit
709 912 899 974 innocentius
910 919 958 988 ill,
973 921 1003 975 ct
1015 915 1046 976 in

44 997 152 1070 utroque
164 1000 286 1078 antiquo
296 1002 364 1077 jure
378 1003 474 1062 luerat
490 1001 636 1062 sancitum
647 1006 700 1074 (6).

71 1083 267 1150 ldnotendum
285 1089 415 1162 medem,
430 1089 511 1166 quod
522 1090 709 1167 praescriptio
722 1089 830 1152 dicitur
847 1092 1047 1153 inmnmnorie·

42 1167 70 1226 lit
83 1175 129 1246 (6),
147 1177 269 1252 quando
282 1177 359 1240 adeo
375 1177 497 1254 antiqua
510 1183 566 1252 est,
582 1183 616 1238 nt
629 1184 753 1239 centum,
764 1195 860 1240 annos
873 1181 1009 1254 excedat,
1020 1188 1051 1241 et

41 1263 198 1328 mentonem
221 1265 374 1328 seniorum
395 1273 527 1343 superat,
552 1283 589 1328 ac
609 1269 676 1342 ejus
695 1266 849 1344 ignoretur
868 1267 984 1329 initium
997 1272 1049 1342 (7).

39 1349 95 1409 llaec
107 1352 246 1414 omnibus
262 1354 538 1431 praescriptionibus
559 1361 691 1437 praestet,
710 1355 867 1432 equivatet
884 1357 1052 1434 privilagio,

38 1441 62 1494 et
79 1445 110 1498 ut
126 1441 232 1504 dicunt
253 1449 407 1518 Doctores,
423 1443 579 1504 meliorem
599 1443 716 1504 titulum
733 1443 771 1504 de
784 1444 898 1506 mundo
917 1445 1049 1520 praebet:

35 1526 138 1590 nullum
151 1531 279 1610 requirit
293 1532 423 1608 titulum,
437 1538 468 1592 et
481 1532 585 1594 locum
593 1531 694 1607 habet,
708 1532 764 1594 etsi
771 1532 822 1608 ius
832 1532 951 1595 resistat
963 1535 1015 1606 (8).

58 1691 91 1759 (t)
105 1695 186 1748 Ratio
200 1695 384 1750 conclusionis
401 1698 452 1762 est,
469 1695 534 1762 quia
546 1694 701 1748 Alexander
710 1695 762 1759 111,
776 1696 805 1748 in
818 1709 877 1762 cap.
893 1697 917 1756 8,
933 1696 967 1748 de
980 1707 1052 1764 prm-

33 1765 114 1831 script.
130 1767 298 1834 generaliter
312 1768 442 1833 loquitur,
455 1773 490 1832 et,
500 1767 576 1819 nulla
587 1767 658 1818 lecta
674 1767 845 1821 distinctione
855 1769 926 1820 inter
940 1781 984 1819 res
995 1780 1053 1819 nio·

32 1833 90 1888 biles
105 1844 132 1890 at
155 1839 323 1899 immobiles,
345 1843 438 1890 contra
452 1837 601 1890 Ecclesiam
624 1838 856 1904 prescriptionem
876 1838 1056 1904 qnadraginta

29 1918 153 1962 tuncrum
167 1911 296 1976 requirit,
308 1914 335 1962 et
348 1909 581 1977 prescriptionem
594 1909 709 1974 triginta
721 1921 853 1961 annorum
867 1910 902 1960 eb
916 1909 977 1960 aliis
987 1921 1057 1974 prm·

30 1979 181 2034 cedentibus
196 1982 349 2034 canonibus
369 1981 515 2033 admissum
538 1980 683 2046 reprobat,
703 1980 751 2032 sed
773 1985 801 2032 at
818 1981 873 2032 alia
891 1979 968 2032 adest
987 1981 1057 2032 rotie

31 2060 81 2100 cum
95 2051 230 2104 derebus
246 2052 373 2119 pretiosis
392 2053 500 2116 agitur:
517 2065 581 2103 nam
606 2065 650 2103 ras
677 2052 803 2117 pretiose
818 2051 995 2104 ecclesiarum
1012 2063 1054 2114 re·

27 2119 69 2172 hus
83 2123 279 2176 immobilibus
291 2123 486 2182 assimilantur,
498 2124 525 2174 at
538 2122 662 2174 similiter
678 2122 780 2188 absque
794 2123 864 2188 jnris
878 2121 1066 2175 solemnitati.

26 2190 70 2244 bus
84 2195 206 2247 alienari
221 2207 277 2245 non
287 2199 411 2260 possunt,
426 2199 457 2244 ut
467 2193 537 2244 intra
549 2193 710 2245 ridebimus.
724 2221 755 2232 -
768 2194 804 2258 (i)
818 2193 881 2258 Gap.
899 2193 923 2255 5,
935 2193 969 2244 de
982 2205 1056 2258 prae·

26 2266 154 2332 scriptia
171 2268 198 2318 6.
214 2290 246 2306 ι-
255 2265 292 2330 (3)
302 2265 365 2328 Cap.
379 2265 403 2324 8,
415 2263 474 2315 eod.
491 2267 516 2316 et
528 2265 672 2316 concordat
685 2277 744 2331 cap.
759 2263 783 2328 l,
794 2265 810 2314 6
823 2271 850 2315 ct
863 2265 888 2328 9,
903 2263 963 2316 eod.
978 2291 1009 2300 -
1023 2265 1059 2328 (l)

23 2334 130 2404 Pirbing
140 2339 178 2390 da
194 2337 349 2404 praescript.
365 2349 392 2386 n.
407 2335 437 2386 95
449 2341 477 2388 et
490 2335 609 2400 96.-(5)
621 2335 674 2386 Hic
683 2335 807 2386 Pontifex
817 2336 855 2386 ite
870 2335 928 2385 eit:
946 2333 1012 2386 Tam
1022 2333 1060 2386 ci·

24 2405 74 2470 vili,
83 2410 140 2462 sive
158 2407 285 2472 mencio,
298 2419 382 2474 quone
398 2406 526 2459 canonico
536 2407 601 2472 jure
614 2405 750 2459 decretum
763 2409 810 2465 est,
825 2408 858 2459 ut
870 2408 966 2458 contra
976 2404 1059 2458 Ecob-

22 2477 85 2532 siam
96 2480 271 2542 Romanam,
287 2492 344 2543 que
356 2478 454 2544 poudet
467 2477 577 2542 speciali
589 2476 738 2542 oriellense,
750 2489 805 2528 non
819 2475 874 2528 nisi
890 2478 997 2528 centum
1008 2489 1059 2526 an-

21 2561 114 2604 timum
133 2549 312 2620 praescriptio
331 2548 417 2600 locum
435 2547 537 2601 habent.
564 2547 629 2615 Cap.
654 2548 690 2606 ll,
716 2549 749 2599 de
772 2545 923 2614 praescript.
944 2559 1003 2611 cap.
1020 2546 1059 2611 1³,

23 2623 74 2673 eod.
88 2625 161 2688 Cap,
174 2622 280 2686 Quod.
290 2621 318 2672 iu
330 2621 353 2671 6.
367 2625 395 2670 et
412 2633 470 2671 can.
484 2619 522 2681 ti,
537 2633 561 2670 c.
575 2619 614 2682 16,
630 2633 656 2684 q.
672 2621 697 2681 3,
711 2645 743 2656 -
755 2619 790 2684 (6)
805 2618 869 2684 Gap.
880 2617 910 2668 il
927 2623 954 2670 at
967 2618 1007 2676 te,
1023 2617 1057 2667 da

19 2696 87 2747 rerb.
104 2696 209 2760 signif.
225 2720 257 2730 -
269 2692 305 2756 (i)
319 2690 494 2742 Reiffenstuel
508 2691 542 2742 de
554 2691 709 2756 praeecript.
722 2705 749 2741 n.
767 2690 821 2741 122.
843 2689 911 2740 Haec
929 2688 1058 2756 praescri·

19 2767 69 2828 ptio
84 2769 232 2832 probatur
245 2778 295 2830 per
306 2767 388 2814 testes
402 2775 490 2821 senes,
501 2761 548 2826 qui
562 2762 659 2812 saltem
668 2775 717 2827 per
728 2760 908 2826 quadraginta
921 2773 1006 2812 annos
1019 2762 1059 2810 te·

19 2841 121 2888 stentur
137 2838 176 2889 de
192 2837 266 2900 visu,
280 2841 307 2886 ct
319 2848 401 2886 sensu
415 2833 536 2898 proprio,
550 2837 578 2883 et
593 2831 706 2898 insuper
720 2831 862 2890 affirment,
874 2845 904 2883 se
921 2830 1071 2896 majori-¹

15 2905 64 2960 bus
77 2911 142 2961 suis
158 2907 287 2967 audisse,
297 2905 380 2956 talem
391 2917 499 2969 semper
514 2903 597 2954 brisse
610 2902 649 2954 rai
663 2907 772 2962 statum,
783 2904 824 2954 vel
834 2905 864 2953 ut
874 2903 969 2954 scribit
981 2902 1061 2954 Glos-

17 2990 44 3028 se
59 2983 88 3030 in
104 2995 173 3046 cap.
197 2979 220 3036 l,
235 2979 269 3028 de
284 2977 436 3042 prascript.
453 2977 481 3026 in
494 2975 519 3035 6,
533 2975 580 3040 qui
600 2978 742 3036 testantur,
769 2971 841 3039 quoti
861 2987 966 3040 semper
985 2973 1061 3026 cide·

13 3057 87 3112 ruat,
103 3057 131 3105 el
153 3048 311 3104 audierunt
327 3047 370 3100 ilc
386 3060 457 3106 esse;
483 3059 531 3100 nec
552 3057 675 3110 unquam
691 3043 829 3108 uiderunt,
850 3045 891 3098 uel
914 3045 1062 3098 coniuent

13 3123 218 3186 contrarium
240 3123 265 3171 el
284 3117 354 3186 quod
368 3117 518 3170 communie
537 3120 585 3182 est,
600 3115 693 3181 alsait
708 3129 811 3180 semper
826 3116 926 3182 optato,
941 3116 1012 3183 quod
1024 3115 1063 3168 sic

15 3193 111 3255 luerit,
128 3199 157 3248 et
175 3193 253 3259 qaod
265 3203 321 3242 nort
330 3193 410 3242 certet
424 3187 621 3262 contremisci
637 3185 713 3239 initii
722 3187 862 3241 memoria.
875 3189 946 3254 —(8)
960 3188 1023 3253 Gap.
1039 3186 1062 3250 l,

11 3264 44 3317 de
57 3264 236 3334 praesoript.
249 3261 278 3312 in
291 3261 314 3312 6.

43 3467 116 3526 696.
141 3466 200 3524 Ex
215 3453 344 3520 bominis
357 3455 436 3514 lacto
453 3451 561 3513 deinde
576 3448 716 3526 obligatio
730 3451 885 3528 perimitur
896 3447 1063 3538 presertim

13 3568 68 3626 per
88 3548 304 3622 solutionem,
318 3560 373 3622 per
389 3541 592 3616 novationem,
606 3545 637 3600 et
649 3556 704 3615 per
719 3538 985 3616 acceptilationem,
998 3537 1063 3600 sire

128 3650 180 3706 11.
907 3637 938 3688 2¹
