2426 4070
473 211 634 270 -ltt-

55 325 197 403 periculum
211 328 423 403 publicationis
439 351 445 391 :
461 333 486 392 si
504 333 583 394 enim
604 339 819 410 agnosceretur
832 351 850 394 a
862 332 978 396 levibus
990 349 1056 394 mu·

51 416 169 490 landis,
198 424 252 477 aut
270 419 528 498 homuncionibus,
556 424 607 500 qui
632 430 783 500 nequeunt
801 423 898 496 silere,
916 423 996 500 quod
1010 431 1056 486 cst

50 506 162 580 proferre
189 508 287 582 nefas,
315 509 415 570 adbuc
439 511 598 572 haberetur
622 513 785 589 publicum,
806 512 877 572 licet
902 511 1056 572 actualiter

52 595 95 654 tale
105 612 160 654 non
174 603 268 656 esset.
284 601 318 656 ln
342 598 401 659 hoc
425 607 524 662 tamen
538 619 619 678 saepe
632 601 748 661 variant
761 605 922 662 Doctorum
935 607 1056 661 senteu-

51 682 246 834 ϋκέαἱᾶθοᾳυθ
273 687 304 746 in
328 705 401 749 casu
414 691 548 768 practico
562 691 601 752 ab
621 691 770 768 Episcopo
789 689 920 752 definitio
934 689 990 752 erit
1002 707 1057 768 pc·

53 777 90 832 len
133 780 143 849 t
161 780 182 848 ).

71 902 99 968 (1)
112 904 166 957 Hac
180 905 216 958 de
233 919 266 959 re
280 907 413 962 videndus
428 908 589 961 Benedictus
606 908 672 961 xlv
687 908 713 960 in
729 922 778 960 sun
794 908 966 961 Institutione
986 908 1017 959 87
1039 921 1056 960 a

48 987 69 1024 n.
79 975 104 1026 lt
117 980 142 1027 ct
157 991 248 1044 seqq„
264 979 313 1030 nbi
328 993 360 1030 ex
380 980 510 1033 doctrinis
526 994 620 1032 eorum
639 981 685 1046 qui
700 981 820 1046 insignes
841 979 1055 1032 Poeuitantiariae

48 1046 142 1099 ministri
155 1049 280 1110 fuerunt,
296 1050 374 1116 plura
389 1053 472 1102 dubia
485 1053 565 1104 solvit
579 1054 651 1104 circn
665 1052 846 1106 definitionem
858 1050 955 1105 occulti
970 1051 1053 1116 impc-

48 1117 146 1185 dimenti,
160 1123 188 1172 at
200 1123 302 1175 ultimo
317 1137 395 1176 suam
408 1124 512 1190 profert
526 1125 696 1178 sententiam.

72 1292 125 1347 llt.
138 1294 166 1349 s.
175 1291 404 1352 Poenitantiaria
416 1289 567 1368 dispensat
578 1293 646 1368 jure
661 1291 811 1352 ordinario
825 1290 855 1350 in
870 1288 996 1352 occultis
1006 1287 1057 1348 im·

47 1376 201 1456 pedimentis
214 1381 461 1457 impedientibus
474 1387 504 1441 et
517 1381 607 1441 etiam
625 1381 656 1442 in
672 1380 887 1450 dirimentibus
903 1379 933 1438 in
949 1379 1057 1455 quibus

47 1466 105 1524 solet
114 1468 296 1543 dispensare,
303 1487 437 1532 summus
449 1471 593 1543 Pontifex,
607 1477 671 1530 tum
685 1469 722 1530 ad
736 1468 982 1540 contrabendum,
992 1473 1057 1530 tum

47 1554 75 1611 ad
85 1558 310 1618 revalidandum
320 1560 541 1620 matrimonium
551 1565 602 1632 (l).
614 1565 649 1620 rtt
660 1559 690 1619 in
705 1577 777 1618 casu
790 1557 969 1618 matrimonii
983 1574 1057 1616 con-

47 1644 161 1704 trahendi
180 1649 374 1724 excipiuntur
386 1642 599 1724 impedimenta
618 1648 649 1708 in
665 1647 797 1724 quolibet
817 1647 912 1722 gradu
926 1662 1055 1706 causan·
1106 1721 1110 1728 Ι

48 1733 185 1811 guinitatis,
200 1738 355 1797 affinitatis
369 1755 408 1798 ex
426 1737 625 1810 matrimoni0,
641 1743 671 1797 et
686 1737 871 1812 cognationis
884 1735 1054 1811 spiritualis,

48 1819 69 1878 in
81 1824 178 1898 quihus
189 1827 265 1902 jure
283 1827 433 1886 ordinario
448 1844 508 1887 uon
524 1827 687 1903 dispensat,
706 1843 742 1886 ea
755 1826 832 1885 forte
845 1825 970 1897 ratione,
986 1822 1056 1899 qnia

48 1909 101 1971 licat
112 1913 174 1973 haec
187 1916 405 1991 impedimenta
424 1917 558 1989 infacto,
575 1921 604 1974 et
618 1931 673 1990 per
694 1913 833 1974 accidens
846 1913 905 1972 siut
927 1913 1055 1986 occulta,

47 1996 69 2055 in
77 2001 135 2074 iure
148 2009 254 2063 tamen
269 2011 339 2063 sunt
352 2004 471 2079 publica
485 2007 535 2076 (i).
552 2007 585 2062 ln
599 2019 670 2064 casu
692 2019 764 2062 vero
778 2001 957 2062 matrimonii
970 2017 1056 2060 reva-

47 2085 148 2165 hdandi,
163 2109 199 2152 ac
212 2093 343 2168 proinde
354 2095 418 2170 jam
431 2093 551 2152 nulliter
564 2091 718 2166 contracti,
733 2092 922 2167 excipiuntur
935 2089 1056 2165 impedi·

48 2185 129 2238 menta
140 2181 231 2257 primi
253 2187 283 2241 et
296 2181 421 2241 secundi
434 2181 555 2264 gradus,
574 2197 631 2240 nec
645 2197 704 2242 non
720 2181 842 2240 secundi
855 2185 970 2240 tantum
982 2195 1055 2239 eon·

50 2268 250 2344 congemimus,
266 2277 296 2328 ct
309 2270 460 2334 affinitatis
473 2287 511 2330 ex
522 2268 723 2342 matrimonio,
737 2269 793 2328 nisi
806 2267 900 2342 putati
914 2266 1057 2342 conjuges

51 2369 103 2415 cun
115 2361 233 2419 occulto
251 2357 464 2434 impedimento
485 2364 538 2435 p'er
550 2359 729 2419 decennium
748 2355 866 2433 publice
879 2355 1007 2415 vixerint
1022 2360 1056 2416 ut

50 2441 149 2518 legitimi
165 2467 172 2506 ε
188 2448 253 2508 hoc
280 2447 401 2523 quidem
418 2449 448 2507 in
470 2449 597 2508 themate
618 2448 707 2508 etiam
721 2464 810 2522 snper
824 2446 903 2506 dicto
922 2444 1056 2505 secundo

51 2530 155 2609 simplici
168 2538 268 2614 gradu
282 2537 505 2597 Poenitentiaria
519 2537 671 2612 dispensat
683 2541 734 2608 (3).
751 2534 883 2596 Diximus
890 2535 962 2608 jura
975 2532 1054 2592 ordi·

51 2624 127 2697 turb,
139 2643 209 2686 nam
223 2632 311 2686 extra
322 2626 457 2686 ordinem
467 2643 505 2686 cx
518 2624 639 2702 speciali
650 2623 758 2685 summi
769 2623 921 2683 Pontificis
935 2637 1055 2681 conces

51 2708 116 2772 tione
125 2713 276 2776 interdum
289 2715 443 2790 dispensat
457 2714 545 2776 etiam
556 2713 586 2774 in
599 2713 817 2790 impedimentis
828 2711 965 2788 publicio,
974 2709 1055 2786 quod

52 2803 189 2878 eumfacit,
205 2805 284 2864 solet
294 2804 473 2880 rescriptum
487 2804 526 2864 ita
535 2804 676 2862 inchoare
687 2821 694 2860 :
707 2802 753 2862 lic
765 2801 917 2862 audientia
929 2799 1054 2860 Sanctae·

52 2886 114 2962 rimi,
126 2893 173 2952 rel
186 2893 247 2954 alio
261 2892 353 2953 modo
367 2892 527 2969 specialem
541 2897 629 2968 Papae
649 2891 855 2952 auctoritatem
868 2889 987 2950 indicat.

75 3039 196 3104 (lllmmo
213 3043 385 3107 quandoque,
401 3041 448 3092 sed
459 3053 531 3102 raro,
547 3039 775 3104 dispensatetiam
790 3051 871 3104 snper
885 3038 988 3090 occulto
1002 3039 1053 3088 irn-

53 3111 186 3170 rudimento
197 3114 329 3173 criminis,
345 3114 440 3174 altero,
453 3111 496 3164 vel
510 3117 624 3176 utroque
637 3111 806 3162 machinante
820 3111 848 3160 in
864 3117 976 3162 mortem
990 3125 1052 3162 con·

51 3180 119 3247 jugis,
132 3189 185 3236 tam
199 3186 228 3236 in
243 3185 397 3246 contractis,
412 3198 493 3249 quam
507 3184 534 3235 in
548 3181 737 3234 contrahendis
749 3182 935 3241 matrimoniis,
948 3182 1012 3232 dnm
1025 3181 1055 3232 in

54 3247 94 3302 hoc
105 3255 192 3306 eodem
207 3257 319 3308 crimine
332 3256 441 3320 publico
455 3269 508 3306 non
522 3255 661 3320 dispensat
675 3253 792 3315 Dataris,
803 3254 867 3318 qnia
880 3266 933 3304 uon
948 3252 1054 3302 videtur

56 3325 246 3383 permittendum
261 3327 461 3379 matrimonium
476 3341 568 3378 eorum
583 3339 650 3392 quos
666 3326 775 3390 publica
789 3328 894 3376 constat
909 3324 943 3374 ed
957 3323 1051 3372 matri-

55 3395 159 3446 monium
175 3397 245 3450 iuter
263 3413 292 3450 se
314 3398 525 3450 contrahendum
539 3397 660 3462 proprios
682 3399 808 3462 conjuges
827 3395 1003 3446 interfecisse.
1017 3394 1054 3442 nt

57 3466 149 3526 qnando
162 3469 365 3522 Poenitcntiaris
377 3470 405 3520 in
417 3469 468 3521 hoc
482 3469 584 3520 occulto
599 3467 711 3520 crimine
725 3469 863 3532 dispenset
877 3464 991 3528 requirit
1004 3476 1052 3513 ne·

58 3537 192 3592 cessitatem
205 3542 319 3608 alicujus
338 3542 428 3606 gravis
450 3541 614 3592 imminentis
628 3539 753 3605 periculi,
768 3540 794 3590 et
814 3533 980 3601 dispensatio
994 3532 1053 3584 dari

58 3610 144 3676 nequi,
158 3613 212 3667 nisi
232 3613 316 3681 prius,
335 3627 365 3668 ra
383 3613 507 3668 discussa
524 3611 552 3666 in
570 3613 640 3668 caetu
661 3605 880 3676 congregationis
892 3605 1052 3670 Signatum.
