2524 4080
74 283 197 370 jndicem
209 286 246 346 ad
264 285 440 368 scuoentiam
461 283 671 362 proterendam
684 289 862 360 pmvocetc,
874 283 902 343 si·
912 284 977 361 ciue
993 284 1092 348 iuoeu·

73 373 110 432 tio
121 373 151 434 in
164 376 236 436 actis
250 377 321 436 satis
345 375 383 437 sit
402 375 542 451 probata;
556 374 602 433 sin
622 391 710 434 secus
727 374 853 436 mittitur
868 372 899 432 in
917 371 1084 449 poeeesua

75 478 148 535 uam,
173 470 206 522 ut
223 463 459 540 supradiximus
481 469 533 536 (ἒ).
555 463 614 524 Sed
633 462 823 548 excipiuntur
847 463 886 522 ab
904 463 961 522 hac
985 465 1090 539 regula

77 567 169 612 causae
181 553 377 626 beneficiales,
398 553 551 628 inquibus
574 552 653 612 dicte
666 552 817 628 possessio
835 569 897 612 non
914 552 1090 628 admittitur,

74 655 110 699 ne
122 641 205 702 detur
217 643 256 702 ad
268 642 414 703 beneficia
426 641 580 719 ingressus
590 641 715 702 vitiosus
729 646 779 716 (3).

102 795 134 860 (l)
144 797 208 865 Gap.
222 799 245 850 5.
261 798 334 862 {ult
352 802 384 850 ut
394 799 433 850 lit.
449 813 503 851 uon
526 801 595 852 cont
610 782 665 851 ‘etc
681 802 709 850 et
721 811 780 864 cap.
795 799 819 858 4,
836 799 972 866 decoqui
988 801 1045 853 mit.
1062 801 1091 854 iu

73 879 139 930 pose.
151 897 177 906 -
193 869 228 936 (l)
238 870 303 936 Cap.
314 871 337 921 t.
354 869 387 922 dc
398 870 452 922 dol.
468 877 495 922 et
513 874 584 922 cont.
595 897 627 908 -
640 870 676 936 (3)
690 871 753 934 Cap.
771 869 843 922 unic.
859 870 893 922 de
905 885 945 932 eo,
962 873 1010 938 qui
1031 875 1091 926 mit.

73 939 99 988 in
111 953 180 1004 poss.
197 941 226 992 in
239 943 262 992 6.
281 941 351 996 Aliis
365 945 498 1006 praeterea
511 942 600 1006 poenis
622 945 710 1008 potest
719 936 805 1006 plecti
819 945 972 1002 contumax,
987 944 1044 995 sive
1064 958 1092 996 a·

74 1013 136 1076 otor,
150 1013 207 1064 sira
222 1026 286 1064 rens
301 1013 444 1078 dequibus
457 1013 590 1066 videndus
605 1013 775 1078 pellegrinus
787 1016 857 1078 part.
874 1012 899 1078 t,
911 1017 976 1067 sect.
992 1014 1014 1074 l,
1027 1016 1093 1068 sub·

73 1086 133 1134 sect.
148 1083 171 1149 3,
185 1098 213 1136 n.
228 1084 268 1144 ll,
282 1088 309 1136 st
324 1097 399 1151 seqq.
460 1135 463 1142 ,

104 1289 165 1346 789.
187 1287 379 1347 contumacia
397 1287 519 1363 purgari
531 1294 630 1363 potest
643 1303 698 1364 per
710 1287 956 1363 compariticncm
970 1287 1001 1348 in
1012 1285 1092 1364 judi-

72 1371 146 1456 cium
162 1383 232 1436 ante
249 1377 395 1452 prolatam
415 1375 547 1452 ajudice
565 1377 762 1449 senteutiam
783 1383 813 1437 at
834 1393 1012 1453 comparens
1031 1393 1092 1437 non

71 1463 230 1524 admittitur
243 1465 284 1524 ad
307 1464 526 1524 contumaciam
539 1461 735 1558 purgandam,
757 1463 814 1524 nisi
835 1465 939 1526 solutis
953 1465 1094 1542 expensis

5 1627 6 1632 ἵ
70 1552 149 1625 prius
167 1555 199 1612 in
213 1570 305 1614 causa
318 1553 415 1613 factis.
437 1558 506 1613 Post
519 1553 697 1614 sententiam
713 1571 785 1614 vero
799 1572 818 1612 a
832 1553 933 1629 jndice
947 1555 1093 1628 prolatam

5 1633 7 1708 Ῐ
71 1643 236 1703 contumaci
258 1650 394 1718 superest
410 1648 527 1702 tantum
543 1643 710 1704 remedium
726 1641 908 1704 ordinarium
926 1645 1095 1719 appellatio-

70 1730 123 1806 nis,
138 1738 189 1791 aut
202 1730 477 1792 extraordinarium
490 1731 686 1792 restitutionis
696 1732 727 1791 in
742 1740 858 1807 tempus
871 1736 922 1805 (l).
1028 1754 1030 1762 ’

96 1907 130 1972 (1)
141 1907 221 1961 Circa
232 1907 429 1960 contumaciam
437 1905 467 1957 in
481 1905 571 1957 causis
583 1905 769 1957 criminalibus
782 1905 841 1957 haec
850 1910 985 1972 praeteree
997 1908 1093 1959 ohser-

69 1977 153 2030 vanda
175 1984 243 2031 sunt
253 1989 263 2028 ι’
276 1977 300 2028 1ο
320 1978 488 2028 contumacia
502 1990 552 2041 per
572 1979 767 2041 accusatorem,
782 1977 827 2027 vel
840 1977 1024 2030 Promotorem
1048 1971 1093 2030 lis·

70 2049 150 2101 calam
161 2051 273 2103 omnino
288 2049 442 2101 accusanda
456 2053 497 2100 ast
507 2061 516 2113 ,·
527 2049 554 2100 2·
570 2048 655 2100 multo
670 2048 763 2118 pluras
777 2053 841 2100 sunt
863 2061 953 2101 ceusu
970 2063 1032 2116 quaa
1046 2063 1095 2101 cx·

69 2125 186 2175 cusanta
197 2123 368 2174 contumacia
388 2120 417 2170 in
436 2119 631 2182 criminalibus
643 2118 774 2184 quamin
789 2119 923 2180 civilibus,
937 2135 1005 2186 quas
1019 2119 1097 2242 (με

68 2191 238 2258 pellegrinus
255 2195 325 2258 part.
342 2191 366 2250 l,
382 2195 447 2242 sect.
459 2191 484 2242 8.
499 2194 524 2243 et
537 2204 622 2257 seqq.;
639 2191 664 2240 3ο
685 2189 836 2241 admittitur
856 2193 938 2243 etiam
951 2196 1026 2244 cntra
1047 2203 1095 2244 eus

67 2263 122 2315 sine
135 2265 266 2316 mandato
277 2263 312 2314 ad
326 2275 402 2313 rcum
416 2261 607 2320 excusandum.
624 2265 650 2312 et
665 2260 835 2312 concedenda
848 2266 890 2312 est
906 2263 934 2313 in
948 2277 1014 2321 casu
1026 2277 1096 2314 nova

66 2333 172 2398 dilatio;
185 2337 213 2386 4·
224 2348 288 2386 reus
300 2338 444 2384 contumax
454 2337 543 2398 potest
554 2332 679 2384 damnari
693 2331 728 2382 ad
738 2331 897 2383 reficiendas
912 2347 1045 2398 expensas
1057 2347 1098 2384 ac-
1195 2363 1199 2370 -

67 2406 191 2469 casaturi,
205 2410 297 2473 potest
311 2417 392 2470 pcena
406 2399 564 2468 pecuniaria
577 2403 713 2462 mulctari,
724 2407 812 2468 potest
824 2405 954 2474 suspendi
964 2405 998 2454 ab
1011 2403 1098 2455 officio

67 2479 91 2526 ct
105 2476 248 2536 beneficio,
264 2480 353 2540 potest
367 2476 449 2526 etiam
470 2475 707 2536 excommunicari,
724 2481 751 2524 et
764 2473 788 2524 si
809 2488 859 2539 per
878 2488 979 2525 annum
1000 2475 1029 2525 in
1047 2489 1093 2526 cx-

69 2547 312 2599 communicatione
331 2546 507 2608 insordescat,
524 2545 619 2598 haberi
645 2543 733 2611 potest
747 2559 794 2609 pru
810 2547 945 2608 convicto;
961 2547 987 2596 5·
1005 2550 1097 2616 potest

68 2619 167 2682 privari
181 2617 335 2679 beneficiis,
354 2623 380 2668 et
392 2617 569 2682 pensionibus
587 2616 795 2676 ecclesiasticis3
812 2615 837 2665 6⁰
848 2615 932 2680 judex
944 2616 1038 2668 volans
1054 2617 1097 2666 di-

68 2690 115 2741 ctis
125 2691 220 2756 prauis
232 2703 310 2740 reum
326 2695 510 2739 contumacem
521 2689 663 2750 mulctare,
673 2688 755 2739 debet
765 2688 841 2751 prius
852 2701 913 2738 eum
922 2688 1048 2740 citaread
1059 2687 1097 2738 al·

68 2759 312 2826 legendumquere
329 2759 454 2810 mulctari
468 2773 523 2810 non
535 2759 641 2810 debeat.
658 2759 828 2824 pellegrinus
841 2759 891 2810 loc.
907 2759 951 2810 cit.
968 2773 994 2810 n.
1014 2759 1055 2818 ll,
1069 2763 1097 2810 et
1147 2777 1149 2792 ·

68 2843 152 2900 seqq.,
168 2833 219 2900 qui
232 2831 301 2884 alias
315 2830 417 2882 indicat
429 2843 535 2896 paenas,
549 2830 649 2896 quibus
667 2833 772 2896 postest
790 2844 854 2882 rcus
871 2837 1014 2887 contumax
1026 2831 1096 2884 mul·

65 2906 139 2957 ctari.

100 3107 165 3162 790.
187 3101 240 3160 ilis
253 3097 383 3158 breviter
398 3094 552 3172 expositis,
563 3096 601 3156 de
615 3096 732 3157 duobus
746 3097 845 3157 adhuc
854 3098 1014 3174 agendum,
1028 3115 1094 3175 quae

67 3191 206 3264 proxime
221 3188 259 3247 ad
277 3188 340 3264 jem
359 3185 436 3245 dicta
454 3185 632 3246 referuntur.
656 3184 786 3244 Primum
803 3185 936 3246 consistit
952 3186 1094 3261 inlegiti-

65 3280 200 3340 mationc
215 3292 412 3354 personarum
427 3275 455 3333 iu
468 3274 589 3351 judicio.
610 3278 679 3332 llaec
694 3273 865 3349 legitimatio
884 3275 956 3335 nihil
976 3275 1093 3335 videtur

66 3385 131 3429 esse
143 3367 244 3440 aliud;
254 3381 345 3443 quam
358 3363 493 3440 probatio
506 3362 663 3439 qualitatis,
679 3379 769 3439 quam
782 3363 848 3440 quis
858 3363 889 3422 in
900 3364 1013 3440 iudicio
1026 3381 1091 3423 sus-

64 3457 156 3533 cipit:
174 3455 246 3516 ideo
263 3454 343 3514 enim
355 3451 527 3528 legitimatio
546 3449 716 3527 requiritur,
730 3457 763 3510 ut
781 3454 936 3528 qualitates
948 3451 980 3511 in
993 3451 1092 3515 libello

65 3552 230 3622 assumptae
244 3544 498 3616 demonstrentur;
510 3539 594 3602 aliter
605 3539 751 3617 judicium
761 3542 848 3631 firmo
860 3544 975 3604 careret
986 3544 1094 3604 funda-

175 3645 217 3698 ll.
949 3645 981 3696 25
1067 3676 1069 3680 -
