<?xml version="1.0" encoding="UTF-8"?>
<!DOCTYPE html PUBLIC "-//W3C//DTD XHTML 1.0 Transitional//EN"
    "http://www.w3.org/TR/xhtml1/DTD/xhtml1-transitional.dtd">
<html xmlns="http://www.w3.org/1999/xhtml" xml:lang="en" lang="en">
 <head>
  <title>
</title>
<meta http-equiv="Content-Type" content="text/html;charset=utf-8" />
  <meta name='ocr-system' content='tesseract 3.04.00' />
  <meta name='ocr-capabilities' content='ocr_page ocr_carea ocr_par ocr_line ocrx_word'/>
</head>
<body>
  <div class='ocr_page' id='page_1' title='image "./summainstitutio01ferrgoog_0321.png"; bbox 0 0 2446 4034; ppageno 0'>
   <div class='ocr_carea' id='block_1_1' title="bbox 614 159 774 218">
    <p class='ocr_par' dir='ltr' id='par_1_1' title="bbox 614 159 774 218">
     <span class='ocr_line' id='line_1_1' title="bbox 614 159 774 218; baseline 0.006 -1"><span class='ocrx_word' id='word_1_1' title='bbox 614 159 774 218; x_wconf 78' lang='grc'>-310-</span> 
     </span>
    </p>
   </div>
   <div class='ocr_carea' id='block_1_2' title="bbox 172 277 1218 634">
    <p class='ocr_par' dir='ltr' id='par_1_2' title="bbox 172 277 1218 622">
     <span class='ocr_line' id='line_1_2' title="bbox 172 277 1191 351; baseline -0.008 -11"><span class='ocrx_word' id='word_1_2' title='bbox 172 285 359 340; x_wconf 85' lang='lat' dir='ltr'><strong>vindicare.-</strong></span> <span class='ocrx_word' id='word_1_3' title='bbox 328 285 404 350; x_wconf 81' lang='grc'><strong>-(3)</strong></span> <span class='ocrx_word' id='word_1_4' title='bbox 418 285 461 338; x_wconf 81' lang='lat' dir='ltr'><strong>Ab</strong></span> <span class='ocrx_word' id='word_1_5' title='bbox 472 283 593 351; x_wconf 77' lang='lat' dir='ltr'><strong>antiquos</strong></span> <span class='ocrx_word' id='word_1_6' title='bbox 604 281 774 350; x_wconf 83' lang='lat' dir='ltr'><strong>temporibus</strong></span> <span class='ocrx_word' id='word_1_7' title='bbox 784 279 844 334; x_wconf 86' lang='lat' dir='ltr'><strong>dan</strong></span> <span class='ocrx_word' id='word_1_8' title='bbox 854 280 882 334; x_wconf 88' lang='lat' dir='ltr'><strong>lu</strong></span> <span class='ocrx_word' id='word_1_9' title='bbox 892 277 1062 346; x_wconf 71' lang='lat' dir='ltr'><strong>emphyteusi</strong></span> <span class='ocrx_word' id='word_1_10' title='bbox 1073 277 1191 332; x_wconf 80' lang='lat' dir='ltr'><strong>solebant</strong></span> 
     </span>
     <span class='ocr_line' id='line_1_3' title="bbox 173 350 1194 422; baseline -0.009 -12"><span class='ocrx_word' id='word_1_11' title='bbox 173 361 277 410; x_wconf 86' lang='lat' dir='ltr'><strong>tantum</strong></span> <span class='ocrx_word' id='word_1_12' title='bbox 296 356 354 422; x_wconf 76' lang='lat' dir='ltr'><strong>egri</strong></span> <span class='ocrx_word' id='word_1_13' title='bbox 373 357 490 416; x_wconf 83' lang='lat' dir='ltr'><strong>steriles,</strong></span> <span class='ocrx_word' id='word_1_14' title='bbox 499 359 533 406; x_wconf 87' lang='lat' dir='ltr'><strong>et</strong></span> <span class='ocrx_word' id='word_1_15' title='bbox 551 353 653 414; x_wconf 84' lang='lat' dir='ltr'><strong>inculti.</strong></span> <span class='ocrx_word' id='word_1_16' title='bbox 668 358 699 406; x_wconf 96' lang='grc' dir='ltr'><strong>ιιι</strong></span> <span class='ocrx_word' id='word_1_17' title='bbox 720 367 771 419; x_wconf 83' lang='lat' dir='ltr'><strong>per</strong></span> <span class='ocrx_word' id='word_1_18' title='bbox 789 351 933 412; x_wconf 83' lang='lat' dir='ltr'><strong>culturam.</strong></span> <span class='ocrx_word' id='word_1_19' title='bbox 948 350 1149 404; x_wconf 83' lang='lat' dir='ltr'><strong>seminetiooem</strong></span> <span class='ocrx_word' id='word_1_20' title='bbox 1167 355 1194 402; x_wconf 90' lang='lat' dir='ltr'><strong>et</strong></span> 
     </span>
     <span class='ocr_line' id='line_1_4' title="bbox 174 421 1218 494; baseline -0.007 -15"><span class='ocrx_word' id='word_1_21' title='bbox 174 427 405 493; x_wconf 81' lang='grc' dir='ltr'>ιιιιριιιιιιιιιιιιιιιιι</span> <span class='ocrx_word' id='word_1_22' title='bbox 429 426 553 494; x_wconf 77' lang='lat' dir='ltr'><strong>frugiferi</strong></span> <span class='ocrx_word' id='word_1_23' title='bbox 568 424 763 486; x_wconf 84' lang='lat' dir='ltr'><strong>redderentur;</strong></span> <span class='ocrx_word' id='word_1_24' title='bbox 775 423 823 476; x_wconf 85' lang='lat' dir='ltr'><strong>sed</strong></span> <span class='ocrx_word' id='word_1_25' title='bbox 838 429 934 489; x_wconf 87' lang='lat' dir='ltr'><strong>postea</strong></span> <span class='ocrx_word' id='word_1_26' title='bbox 947 435 1013 475; x_wconf 84' lang='lat' dir='ltr'><strong>usus</strong></span> <span class='ocrx_word' id='word_1_27' title='bbox 1028 421 1150 480; x_wconf 82' lang='lat' dir='ltr'><strong>invaluit.</strong></span> <span class='ocrx_word' id='word_1_28' title='bbox 1163 425 1194 472; x_wconf 93' lang='lat' dir='ltr'><strong>ut</strong></span> <span class='ocrx_word' id='word_1_29' title='bbox 1217 445 1218 478; x_wconf 74' lang='grc' dir='ltr'><strong>ι</strong></span> 
     </span>
     <span class='ocr_line' id='line_1_5' title="bbox 173 491 1218 564; baseline -0.005 -15"><span class='ocrx_word' id='word_1_30' title='bbox 173 499 202 549; x_wconf 90' lang='lat' dir='ltr'><strong>in</strong></span> <span class='ocrx_word' id='word_1_31' title='bbox 227 497 395 564; x_wconf 71' lang='lat' dir='ltr'>emphyteusi</span> <span class='ocrx_word' id='word_1_32' title='bbox 419 497 478 550; x_wconf 88' lang='lat' dir='ltr'><strong>dari</strong></span> <span class='ocrx_word' id='word_1_33' title='bbox 498 501 609 564; x_wconf 78' lang='lat' dir='ltr'><strong>possent</strong></span> <span class='ocrx_word' id='word_1_34' title='bbox 628 495 689 548; x_wconf 78' lang='lat' dir='ltr'><strong>alie</strong></span> <span class='ocrx_word' id='word_1_35' title='bbox 711 509 764 555; x_wconf 88' lang='lat' dir='ltr'><strong>res,</strong></span> <span class='ocrx_word' id='word_1_36' title='bbox 781 507 826 548; x_wconf 88' lang='lat' dir='ltr'><strong>ex.</strong></span> <span class='ocrx_word' id='word_1_37' title='bbox 847 508 889 562; x_wconf 75' lang='lat' dir='ltr'><strong>gr.</strong></span> <span class='ocrx_word' id='word_1_38' title='bbox 912 493 1018 560; x_wconf 76' lang='lat' dir='ltr'><strong>domus,</strong></span> <span class='ocrx_word' id='word_1_39' title='bbox 1033 496 1063 545; x_wconf 88' lang='lat' dir='ltr'><strong>et</strong></span> <span class='ocrx_word' id='word_1_40' title='bbox 1085 491 1218 545; x_wconf 69' lang='lat' dir='ltr'><strong>sedicit</strong></span> 
     </span>
     <span class='ocr_line' id='line_1_6' title="bbox 174 565 782 634; baseline -0.003 -13"><span class='ocrx_word' id='word_1_41' title='bbox 174 581 207 622; x_wconf 85' lang='lat' dir='ltr'><strong>ec</strong></span> <span class='ocrx_word' id='word_1_42' title='bbox 225 568 278 622; x_wconf 86' lang='lat' dir='ltr'><strong>tine</strong></span> <span class='ocrx_word' id='word_1_43' title='bbox 298 573 326 621; x_wconf 88' lang='lat' dir='ltr'><strong>et</strong></span> <span class='ocrx_word' id='word_1_44' title='bbox 342 569 473 634; x_wconf 76' lang='lat' dir='ltr'><strong>utiliores</strong></span> <span class='ocrx_word' id='word_1_45' title='bbox 494 572 525 620; x_wconf 92' lang='lat' dir='ltr'><strong>ut</strong></span> <span class='ocrx_word' id='word_1_46' title='bbox 537 567 664 621; x_wconf 87' lang='lat' dir='ltr'><strong>meliores</strong></span> <span class='ocrx_word' id='word_1_47' title='bbox 678 565 782 620; x_wconf 85' lang='lat' dir='ltr'><strong>flerent.</strong></span> 
     </span>
    </p>
   </div>
   <div class='ocr_carea' id='block_1_3' title="bbox 176 775 1221 1563">
    <p class='ocr_par' dir='ltr' id='par_1_3' title="bbox 176 775 1220 1563">
     <span class='ocr_line' id='line_1_7' title="bbox 214 775 1219 856; baseline -0.004 -16"><span class='ocrx_word' id='word_1_48' title='bbox 214 783 277 840; x_wconf 85' lang='grc'><strong>633.</strong></span> <span class='ocrx_word' id='word_1_49' title='bbox 297 777 413 842; x_wconf 86' lang='lat' dir='ltr'><strong>liedum</strong></span> <span class='ocrx_word' id='word_1_50' title='bbox 435 778 619 856; x_wconf 85' lang='lat' dir='ltr'><strong>temporalis,</strong></span> <span class='ocrx_word' id='word_1_51' title='bbox 640 779 694 840; x_wconf 87' lang='lat' dir='ltr'><strong>sed</strong></span> <span class='ocrx_word' id='word_1_52' title='bbox 724 785 756 840; x_wconf 85' lang='lat' dir='ltr'><strong>ei</strong></span> <span class='ocrx_word' id='word_1_53' title='bbox 779 782 925 856; x_wconf 69' lang='lat' dir='ltr'><strong>peluem</strong></span> <span class='ocrx_word' id='word_1_54' title='bbox 947 775 1150 854; x_wconf 77' lang='lat' dir='ltr'><strong>emphyteusis</strong></span> <span class='ocrx_word' id='word_1_55' title='bbox 1168 776 1219 836; x_wconf 48' lang='lat' dir='ltr'><strong>in¹</strong></span> 
     </span>
     <span class='ocr_line' id='line_1_8' title="bbox 176 865 1199 942; baseline -0.006 -12"><span class='ocrx_word' id='word_1_56' title='bbox 176 867 265 930; x_wconf 88' lang='lat' dir='ltr'><strong>bonis</strong></span> <span class='ocrx_word' id='word_1_57' title='bbox 278 868 486 930; x_wconf 86' lang='lat' dir='ltr'><strong>ecclesiasticis</strong></span> <span class='ocrx_word' id='word_1_58' title='bbox 507 885 569 928; x_wconf 89' lang='lat' dir='ltr'><strong>non</strong></span> <span class='ocrx_word' id='word_1_59' title='bbox 582 868 709 930; x_wconf 85' lang='lat' dir='ltr'><strong>multum</strong></span> <span class='ocrx_word' id='word_1_60' title='bbox 722 867 841 930; x_wconf 85' lang='lat' dir='ltr'><strong>utilibus</strong></span> <span class='ocrx_word' id='word_1_61' title='bbox 859 865 998 928; x_wconf 73' lang='lat' dir='ltr'><strong>consului</strong></span> <span class='ocrx_word' id='word_1_62' title='bbox 1016 871 1122 942; x_wconf 76' lang='grc' dir='ltr'>ροιιιι</span> <span class='ocrx_word' id='word_1_63' title='bbox 1138 869 1199 924; x_wconf 88' lang='lat' dir='ltr'><strong>lloo</strong></span> 
     </span>
     <span class='ocr_line' id='line_1_9' title="bbox 178 953 1220 1037; baseline -0.001 -17"><span class='ocrx_word' id='word_1_64' title='bbox 178 974 258 1020; x_wconf 82' lang='lat' dir='ltr'><strong>enim</strong></span> <span class='ocrx_word' id='word_1_65' title='bbox 269 974 412 1037; x_wconf 81' lang='lat' dir='ltr'><strong>expresse</strong></span> <span class='ocrx_word' id='word_1_66' title='bbox 433 957 581 1018; x_wconf 85' lang='lat' dir='ltr'><strong>concessit</strong></span> <span class='ocrx_word' id='word_1_67' title='bbox 597 955 764 1018; x_wconf 75' lang='lat' dir='ltr'><strong>Alexander</strong></span> <span class='ocrx_word' id='word_1_68' title='bbox 783 955 848 1017; x_wconf 89' lang='lat' dir='ltr'><strong>lll&#39;</strong></span> <span class='ocrx_word' id='word_1_69' title='bbox 841 973 872 1016; x_wconf 91' lang='grc' dir='ltr'><strong>ιιι</strong></span> <span class='ocrx_word' id='word_1_70' title='bbox 896 972 979 1030; x_wconf 83' lang='lat' dir='ltr'><strong>casu,</strong></span> <span class='ocrx_word' id='word_1_71' title='bbox 1002 971 1064 1032; x_wconf 89' lang='lat' dir='ltr'><strong>quo</strong></span> <span class='ocrx_word' id='word_1_72' title='bbox 1083 953 1199 1030; x_wconf 85' lang='lat' dir='ltr'><strong>qudam</strong></span> <span class='ocrx_word' id='word_1_73' title='bbox 1219 960 1220 1020; x_wconf 89' lang='lat' dir='ltr'><strong>l</strong></span> 
     </span>
     <span class='ocr_line' id='line_1_10' title="bbox 177 1023 1220 1140; baseline -0.003 -34"><span class='ocrx_word' id='word_1_74' title='bbox 177 1045 215 1108; x_wconf 90' lang='lat' dir='ltr'><strong>de</strong></span> <span class='ocrx_word' id='word_1_75' title='bbox 228 1045 309 1107; x_wconf 87' lang='lat' dir='ltr'><strong>silvis</strong></span> <span class='ocrx_word' id='word_1_76' title='bbox 322 1046 460 1107; x_wconf 76' lang='lat' dir='ltr'><strong>Ecclesiae</strong></span> <span class='ocrx_word' id='word_1_77' title='bbox 478 1045 611 1106; x_wconf 76' lang='lat' dir='ltr'><strong>fecerant</strong></span> <span class='ocrx_word' id='word_1_78' title='bbox 634 1053 730 1106; x_wconf 86' lang='lat' dir='ltr'><strong>terres</strong></span> <span class='ocrx_word' id='word_1_79' title='bbox 758 1045 885 1106; x_wconf 86' lang='lat' dir='ltr'><strong>arabiles</strong></span> <span class='ocrx_word' id='word_1_80' title='bbox 905 1044 995 1104; x_wconf 86' lang='lat' dir='ltr'><strong>silvas</strong></span> <span class='ocrx_word' id='word_1_81' title='bbox 1013 1023 1220 1140; x_wconf 66' lang='lat' dir='ltr'><strong>exstruendo</strong></span> 
     </span>
     <span class='ocr_line' id='line_1_11' title="bbox 179 1097 1220 1208; baseline -0.003 -13"><span class='ocrx_word' id='word_1_82' title='bbox 179 1135 339 1208; x_wconf 83' lang='lat' dir='ltr'><strong>Quaesiium</strong></span> <span class='ocrx_word' id='word_1_83' title='bbox 352 1133 432 1196; x_wconf 91' lang='lat' dir='ltr'><strong>enim</strong></span> <span class='ocrx_word' id='word_1_84' title='bbox 445 1135 484 1194; x_wconf 86' lang='lat' dir='ltr'><strong>ab</strong></span> <span class='ocrx_word' id='word_1_85' title='bbox 504 1151 541 1196; x_wconf 85' lang='lat' dir='ltr'><strong>eo</strong></span> <span class='ocrx_word' id='word_1_86' title='bbox 554 1133 619 1208; x_wconf 68' lang='lat' dir='ltr'><strong>luit,</strong></span> <span class='ocrx_word' id='word_1_87' title='bbox 635 1151 673 1194; x_wconf 88' lang='lat' dir='ltr'><strong>an</strong></span> <span class='ocrx_word' id='word_1_88' title='bbox 688 1141 773 1194; x_wconf 85' lang='lat' dir='ltr'><strong>terroe</strong></span> <span class='ocrx_word' id='word_1_89' title='bbox 787 1133 845 1195; x_wconf 82' lang='lat' dir='ltr'><strong>illae</strong></span> <span class='ocrx_word' id='word_1_90' title='bbox 862 1132 989 1194; x_wconf 87' lang='lat' dir='ltr'><strong>arabiles</strong></span> <span class='ocrx_word' id='word_1_91' title='bbox 1006 1139 1128 1208; x_wconf 74' lang='lat' dir='ltr'><strong>possmt</strong></span> <span class='ocrx_word' id='word_1_92' title='bbox 1146 1097 1220 1194; x_wconf 84' lang='lat' dir='ltr'><strong>sub</strong></span> 
     </span>
     <span class='ocr_line' id='line_1_12' title="bbox 177 1219 1198 1301; baseline -0.004 -17"><span class='ocrx_word' id='word_1_93' title='bbox 177 1241 277 1285; x_wconf 88' lang='lat' dir='ltr'><strong>annua</strong></span> <span class='ocrx_word' id='word_1_94' title='bbox 289 1223 434 1301; x_wconf 82' lang='lat' dir='ltr'><strong>pensione</strong></span> <span class='ocrx_word' id='word_1_95' title='bbox 446 1221 572 1284; x_wconf 90' lang='lat' dir='ltr'><strong>concedi</strong></span> <span class='ocrx_word' id='word_1_96' title='bbox 586 1223 789 1284; x_wconf 86' lang='lat' dir='ltr'><strong>haereditetio</strong></span> <span class='ocrx_word' id='word_1_97' title='bbox 779 1239 847 1299; x_wconf 72' lang='lat' dir='ltr'><strong>jure</strong></span> <span class='ocrx_word' id='word_1_98' title='bbox 858 1221 993 1283; x_wconf 81' lang='lat' dir='ltr'><strong>tenendae</strong></span> <span class='ocrx_word' id='word_1_99' title='bbox 1002 1219 1069 1295; x_wconf 79' lang='lat' dir='ltr'><strong>illis,</strong></span> <span class='ocrx_word' id='word_1_100' title='bbox 1082 1220 1129 1281; x_wconf 85' lang='lat' dir='ltr'><strong>vel</strong></span> <span class='ocrx_word' id='word_1_101' title='bbox 1141 1220 1198 1280; x_wconf 78' lang='lat' dir='ltr'><strong>iue-</strong></span> 
     </span>
     <span class='ocr_line' id='line_1_13' title="bbox 178 1311 1199 1390; baseline -0.005 -16"><span class='ocrx_word' id='word_1_102' title='bbox 178 1313 301 1375; x_wconf 91' lang='lat' dir='ltr'><strong>redibus</strong></span> <span class='ocrx_word' id='word_1_103' title='bbox 314 1327 430 1386; x_wconf 81' lang='lat' dir='ltr'><strong>eorum,</strong></span> <span class='ocrx_word' id='word_1_104' title='bbox 451 1311 502 1390; x_wconf 90' lang='lat' dir='ltr'><strong>qui</strong></span> <span class='ocrx_word' id='word_1_105' title='bbox 518 1311 620 1372; x_wconf 79' lang='lat' dir='ltr'><strong>inbono</strong></span> <span class='ocrx_word' id='word_1_106' title='bbox 632 1328 688 1372; x_wconf 91' lang='lat' dir='ltr'><strong>suo</strong></span> <span class='ocrx_word' id='word_1_107' title='bbox 706 1311 771 1372; x_wconf 86' lang='lat' dir='ltr'><strong>illes</strong></span> <span class='ocrx_word' id='word_1_108' title='bbox 784 1311 1017 1388; x_wconf 80' lang='lat' dir='ltr'><strong>extirpaverunt,</strong></span> <span class='ocrx_word' id='word_1_109' title='bbox 1031 1316 1063 1370; x_wconf 89' lang='lat' dir='ltr'><strong>et</strong></span> <span class='ocrx_word' id='word_1_110' title='bbox 1075 1325 1199 1386; x_wconf 81' lang='lat' dir='ltr'><strong>respon·</strong></span> 
     </span>
     <span class='ocr_line' id='line_1_14' title="bbox 179 1399 1221 1484; baseline -0.001 -23"><span class='ocrx_word' id='word_1_111' title='bbox 179 1401 222 1461; x_wconf 89' lang='lat' dir='ltr'><strong>dit</strong></span> <span class='ocrx_word' id='word_1_112' title='bbox 236 1419 325 1477; x_wconf 87' lang='lat' dir='ltr'><strong>posse</strong></span> <span class='ocrx_word' id='word_1_113' title='bbox 338 1400 395 1461; x_wconf 89' lang='lat' dir='ltr'><strong>illis</strong></span> <span class='ocrx_word' id='word_1_114' title='bbox 410 1399 619 1474; x_wconf 68' lang='lat' dir='ltr'><strong>concernunt</strong></span> <span class='ocrx_word' id='word_1_115' title='bbox 633 1401 710 1461; x_wconf 89' lang='lat' dir='ltr'><strong>iorie</strong></span> <span class='ocrx_word' id='word_1_116' title='bbox 723 1408 846 1484; x_wconf 80' lang='lat' dir='ltr'><strong>possent</strong></span> <span class='ocrx_word' id='word_1_117' title='bbox 863 1400 928 1460; x_wconf 82' lang='lat' dir='ltr'><strong>eliis</strong></span> <span class='ocrx_word' id='word_1_118' title='bbox 939 1400 978 1460; x_wconf 89' lang='lat' dir='ltr'><strong>ad</strong></span> <span class='ocrx_word' id='word_1_119' title='bbox 991 1400 1137 1475; x_wconf 83' lang='lat' dir='ltr'><strong>mojorem</strong></span> <span class='ocrx_word' id='word_1_120' title='bbox 1151 1403 1221 1484; x_wconf 82' lang='lat' dir='ltr'><strong>lic·</strong></span> 
     </span>
     <span class='ocr_line' id='line_1_15' title="bbox 179 1486 1204 1563; baseline -0.004 -13"><span class='ocrx_word' id='word_1_121' title='bbox 179 1490 278 1550; x_wconf 87' lang='lat' dir='ltr'><strong>clesiae</strong></span> <span class='ocrx_word' id='word_1_122' title='bbox 291 1489 446 1550; x_wconf 78' lang='lat' dir='ltr'><strong>utilitatem</strong></span> <span class='ocrx_word' id='word_1_123' title='bbox 460 1487 590 1549; x_wconf 84' lang='lat' dir='ltr'><strong>conferri</strong></span> <span class='ocrx_word' id='word_1_124' title='bbox 604 1487 660 1549; x_wconf 90' lang='lat' dir='ltr'><strong>sub</strong></span> <span class='ocrx_word' id='word_1_125' title='bbox 675 1489 783 1550; x_wconf 93' lang='lat' dir='ltr'><strong>eodem</strong></span> <span class='ocrx_word' id='word_1_126' title='bbox 801 1505 903 1563; x_wconf 71' lang='lat' dir='ltr'><strong>onere,</strong></span> <span class='ocrx_word' id='word_1_127' title='bbox 917 1499 949 1548; x_wconf 86' lang='lat' dir='ltr'><strong>et</strong></span> <span class='ocrx_word' id='word_1_128' title='bbox 963 1488 1067 1549; x_wconf 85' lang='lat' dir='ltr'><strong>labore</strong></span> <span class='ocrx_word' id='word_1_129' title='bbox 1081 1486 1204 1560; x_wconf 69' lang='lat' dir='ltr'><strong>(ttsed</strong></span> 
     </span>
    </p>
   </div>
   <div class='ocr_carea' id='block_1_4' title="bbox 177 1576 1204 1728">
    <p class='ocr_par' dir='ltr' id='par_1_4' title="bbox 177 1576 1222 1756">
     <span class='ocr_line' id='line_1_16' title="bbox 177 1576 1204 1700; baseline 0 -62"><span class='ocrx_word' id='word_1_130' title='bbox 177 1585 213 1638; x_wconf 92' lang='grc' dir='ltr'><strong>ιιι</strong></span> <span class='ocrx_word' id='word_1_131' title='bbox 227 1577 286 1638; x_wconf 86' lang='lat' dir='ltr'><strong>hoc</strong></span> <span class='ocrx_word' id='word_1_132' title='bbox 302 1594 382 1638; x_wconf 90' lang='lat' dir='ltr'><strong>nunc</strong></span> <span class='ocrx_word' id='word_1_133' title='bbox 396 1579 492 1654; x_wconf 79' lang='lat' dir='ltr'><strong>licent,</strong></span> <span class='ocrx_word' id='word_1_134' title='bbox 512 1577 708 1642; x_wconf 87' lang='lat' dir='ltr'><strong>observandae</strong></span> <span class='ocrx_word' id='word_1_135' title='bbox 722 1585 792 1640; x_wconf 87' lang='lat' dir='ltr'><strong>sunt</strong></span> <span class='ocrx_word' id='word_1_136' title='bbox 804 1595 890 1640; x_wconf 85' lang='lat' dir='ltr'><strong>novae</strong></span> <span class='ocrx_word' id='word_1_137' title='bbox 906 1577 981 1656; x_wconf 85' lang='lat' dir='ltr'><strong>juris</strong></span> <span class='ocrx_word' id='word_1_138' title='bbox 994 1576 1204 1700; x_wconf 73' lang='lat' dir='ltr'><strong>solennitates,</strong></span> 
     </span>
     <span class='ocr_line' id='line_1_17' title="bbox 183 1665 492 1728; baseline 0.008 -1"><span class='ocrx_word' id='word_1_139' title='bbox 183 1665 305 1727; x_wconf 88' lang='lat' dir='ltr'><strong>utiniro</strong></span> <span class='ocrx_word' id='word_1_140' title='bbox 317 1666 492 1728; x_wconf 89' lang='lat' dir='ltr'><strong>videbimus.</strong></span> 
     </span>
    </p>
   </div>
   <div class='ocr_carea' id='block_1_5' title="bbox 221 1826 1020 1900">
    <p class='ocr_par' dir='ltr' id='par_1_5' title="bbox 221 1826 1020 1900">
     <span class='ocr_line' id='line_1_18' title="bbox 221 1826 1020 1900; baseline 0.001 -17"><span class='ocrx_word' id='word_1_141' title='bbox 221 1829 257 1897; x_wconf 88' lang='lat' dir='ltr'><strong>(l)</strong></span> <span class='ocrx_word' id='word_1_142' title='bbox 268 1831 334 1898; x_wconf 82' lang='lat' dir='ltr'><strong>Cap.</strong></span> <span class='ocrx_word' id='word_1_143' title='bbox 347 1831 372 1897; x_wconf 83' lang='lat' dir='ltr'><strong>i,</strong></span> <span class='ocrx_word' id='word_1_144' title='bbox 384 1831 418 1884; x_wconf 91' lang='lat' dir='ltr'><strong>de</strong></span> <span class='ocrx_word' id='word_1_145' title='bbox 431 1831 488 1884; x_wconf 88' lang='lat' dir='ltr'><strong>reb.</strong></span> <span class='ocrx_word' id='word_1_146' title='bbox 504 1831 569 1885; x_wconf 90' lang='lat' dir='ltr'><strong>ecel.</strong></span> <span class='ocrx_word' id='word_1_147' title='bbox 584 1845 640 1886; x_wconf 90' lang='grc' dir='ltr'>ιιοιι</span> <span class='ocrx_word' id='word_1_148' title='bbox 653 1831 732 1887; x_wconf 82' lang='lat' dir='ltr'><strong>alien.</strong></span> <span class='ocrx_word' id='word_1_149' title='bbox 748 1831 814 1886; x_wconf 81' lang='lat' dir='ltr'><strong>Cen.</strong></span> <span class='ocrx_word' id='word_1_150' title='bbox 827 1829 855 1900; x_wconf 77' lang='lat' dir='ltr'><strong>i,</strong></span> <span class='ocrx_word' id='word_1_151' title='bbox 867 1845 890 1884; x_wconf 90' lang='lat' dir='ltr'><strong>c.</strong></span> <span class='ocrx_word' id='word_1_152' title='bbox 907 1826 944 1898; x_wconf 86' lang='lat'><strong>10,</strong></span> <span class='ocrx_word' id='word_1_153' title='bbox 958 1845 986 1900; x_wconf 86' lang='lat' dir='ltr'><strong>q.</strong></span> <span class='ocrx_word' id='word_1_154' title='bbox 995 1830 1020 1884; x_wconf 75' lang='lat' dir='ltr'><strong>l.</strong></span> 
     </span>
    </p>
   </div>
   <div class='ocr_carea' id='block_1_6' title="bbox 183 2040 1221 3627">
    <p class='ocr_par' dir='ltr' id='par_1_6' title="bbox 183 2040 1221 3537">
     <span class='ocr_line' id='line_1_19' title="bbox 219 2040 1210 2121; baseline -0.003 -17"><span class='ocrx_word' id='word_1_155' title='bbox 219 2046 283 2104; x_wconf 79' lang='lat' dir='ltr'><strong>ost.</strong></span> <span class='ocrx_word' id='word_1_156' title='bbox 302 2040 501 2120; x_wconf 74' lang='lat' dir='ltr'><strong>Empiryteuia</strong></span> <span class='ocrx_word' id='word_1_157' title='bbox 511 2061 567 2121; x_wconf 82' lang='lat' dir='ltr'><strong>per</strong></span> <span class='ocrx_word' id='word_1_158' title='bbox 575 2045 656 2106; x_wconf 86' lang='lat' dir='ltr'><strong>hunc</strong></span> <span class='ocrx_word' id='word_1_159' title='bbox 672 2050 859 2106; x_wconf 75' lang='lat' dir='ltr'><strong>contractem</strong></span> <span class='ocrx_word' id='word_1_160' title='bbox 870 2041 1088 2120; x_wconf 74' lang='lat' dir='ltr'><strong>junaoqulnt,</strong></span> <span class='ocrx_word' id='word_1_161' title='bbox 1100 2047 1132 2102; x_wconf 87' lang='lat' dir='ltr'><strong>et</strong></span> <span class='ocrx_word' id='word_1_162' title='bbox 1143 2055 1210 2101; x_wconf 70' lang='lat' dir='ltr'><strong>one</strong></span> 
     </span>
     <span class='ocr_line' id='line_1_20' title="bbox 183 2131 1211 2211; baseline -0.001 -19"><span class='ocrx_word' id='word_1_163' title='bbox 183 2147 219 2192; x_wconf 88' lang='lat' dir='ltr'><strong>ra</strong></span> <span class='ocrx_word' id='word_1_164' title='bbox 232 2131 320 2192; x_wconf 87' lang='lat' dir='ltr'><strong>subit.</strong></span> <span class='ocrx_word' id='word_1_165' title='bbox 337 2135 417 2194; x_wconf 87' lang='lat' dir='ltr'><strong>iuter</strong></span> <span class='ocrx_word' id='word_1_166' title='bbox 424 2134 494 2208; x_wconf 76' lang='lat' dir='ltr'><strong>iure</strong></span> <span class='ocrx_word' id='word_1_167' title='bbox 506 2133 656 2211; x_wconf 78' lang='lat' dir='ltr'><strong>praecipua</strong></span> <span class='ocrx_word' id='word_1_168' title='bbox 670 2142 750 2209; x_wconf 84' lang='lat' dir='ltr'><strong>sunt,</strong></span> <span class='ocrx_word' id='word_1_169' title='bbox 762 2139 796 2194; x_wconf 91' lang='lat' dir='ltr'><strong>ut</strong></span> <span class='ocrx_word' id='word_1_170' title='bbox 807 2137 896 2209; x_wconf 85' lang='lat' dir='ltr'><strong>queat</strong></span> <span class='ocrx_word' id='word_1_171' title='bbox 908 2139 1061 2207; x_wconf 82' lang='lat' dir='ltr'><strong>umquem</strong></span> <span class='ocrx_word' id='word_1_172' title='bbox 1072 2131 1211 2192; x_wconf 75' lang='lat' dir='ltr'><strong>demmin</strong></span> 
     </span>
     <span class='ocr_line' id='line_1_21' title="bbox 185 2217 1213 2297; baseline 0.001 -18"><span class='ocrx_word' id='word_1_173' title='bbox 185 2235 219 2279; x_wconf 92' lang='lat' dir='ltr'><strong>re</strong></span> <span class='ocrx_word' id='word_1_174' title='bbox 232 2219 274 2279; x_wconf 91' lang='lat' dir='ltr'><strong>uti</strong></span> <span class='ocrx_word' id='word_1_175' title='bbox 289 2225 319 2280; x_wconf 87' lang='lat' dir='ltr'><strong>et</strong></span> <span class='ocrx_word' id='word_1_176' title='bbox 336 2220 404 2296; x_wconf 80' lang='lat' dir='ltr'><strong>frui,</strong></span> <span class='ocrx_word' id='word_1_177' title='bbox 428 2222 492 2296; x_wconf 77' lang='lat' dir='ltr'><strong>eius</strong></span> <span class='ocrx_word' id='word_1_178' title='bbox 510 2223 624 2283; x_wconf 79' lang='lat' dir='ltr'><strong>fruetus</strong></span> <span class='ocrx_word' id='word_1_179' title='bbox 642 2239 757 2297; x_wconf 82' lang='lat' dir='ltr'><strong>omncs,</strong></span> <span class='ocrx_word' id='word_1_180' title='bbox 779 2228 809 2282; x_wconf 89' lang='lat' dir='ltr'><strong>et</strong></span> <span class='ocrx_word' id='word_1_181' title='bbox 826 2219 1015 2282; x_wconf 77' lang='lat' dir='ltr'><strong>accessiones</strong></span> <span class='ocrx_word' id='word_1_182' title='bbox 1029 2217 1086 2280; x_wconf 88' lang='lat' dir='ltr'><strong>sibi</strong></span> <span class='ocrx_word' id='word_1_183' title='bbox 1099 2219 1213 2280; x_wconf 71' lang='lat' dir='ltr'><strong>adsmi-</strong></span> 
     </span>
     <span class='ocr_line' id='line_1_22' title="bbox 184 2306 1210 2385; baseline -0.002 -17"><span class='ocrx_word' id='word_1_184' title='bbox 184 2307 267 2378; x_wconf 87' lang='lat' dir='ltr'><strong>bere,</strong></span> <span class='ocrx_word' id='word_1_185' title='bbox 296 2307 403 2370; x_wconf 89' lang='lat' dir='ltr'><strong>iaciem</strong></span> <span class='ocrx_word' id='word_1_186' title='bbox 423 2307 506 2369; x_wconf 89' lang='lat' dir='ltr'><strong>iundi</strong></span> <span class='ocrx_word' id='word_1_187' title='bbox 530 2309 698 2385; x_wconf 87' lang='lat' dir='ltr'><strong>immutare,</strong></span> <span class='ocrx_word' id='word_1_188' title='bbox 723 2309 813 2370; x_wconf 87' lang='lat' dir='ltr'><strong>modo</strong></span> <span class='ocrx_word' id='word_1_189' title='bbox 836 2309 920 2370; x_wconf 90' lang='lat' dir='ltr'><strong>iilum</strong></span> <span class='ocrx_word' id='word_1_190' title='bbox 936 2306 1119 2369; x_wconf 85' lang='lat' dir='ltr'><strong>deteriorem</strong></span> <span class='ocrx_word' id='word_1_191' title='bbox 1151 2323 1210 2367; x_wconf 90' lang='lat' dir='ltr'><strong>nou</strong></span> 
     </span>
     <span class='ocr_line' id='line_1_23' title="bbox 185 2395 1214 2474; baseline -0.003 -16"><span class='ocrx_word' id='word_1_192' title='bbox 185 2397 301 2470; x_wconf 81' lang='lat' dir='ltr'><strong>reddet,</strong></span> <span class='ocrx_word' id='word_1_193' title='bbox 323 2405 354 2458; x_wconf 92' lang='lat' dir='ltr'><strong>et</strong></span> <span class='ocrx_word' id='word_1_194' title='bbox 366 2397 404 2458; x_wconf 82' lang='lat' dir='ltr'><strong>ab</strong></span> <span class='ocrx_word' id='word_1_195' title='bbox 425 2398 483 2458; x_wconf 83' lang='lat' dir='ltr'><strong>alio</strong></span> <span class='ocrx_word' id='word_1_196' title='bbox 501 2415 690 2474; x_wconf 88' lang='lat' dir='ltr'><strong>quocumque</strong></span> <span class='ocrx_word' id='word_1_197' title='bbox 712 2413 888 2474; x_wconf 83' lang='lat' dir='ltr'><strong>possessore</strong></span> <span class='ocrx_word' id='word_1_198' title='bbox 905 2396 961 2457; x_wconf 87' lang='lat' dir='ltr'><strong>sibi</strong></span> <span class='ocrx_word' id='word_1_199' title='bbox 977 2395 1107 2457; x_wconf 85' lang='lat' dir='ltr'><strong>landum</strong></span> <span class='ocrx_word' id='word_1_200' title='bbox 1121 2395 1214 2456; x_wconf 79' lang='lat' dir='ltr'><strong>vindi·</strong></span> 
     </span>
     <span class='ocr_line' id='line_1_24' title="bbox 188 2485 1213 2563; baseline -0.003 -16"><span class='ocrx_word' id='word_1_201' title='bbox 188 2501 269 2562; x_wconf 86' lang='lat' dir='ltr'><strong>care,</strong></span> <span class='ocrx_word' id='word_1_202' title='bbox 284 2487 409 2562; x_wconf 82' lang='lat' dir='ltr'><strong>donare,</strong></span> <span class='ocrx_word' id='word_1_203' title='bbox 420 2488 457 2547; x_wconf 89' lang='lat' dir='ltr'><strong>nd</strong></span> <span class='ocrx_word' id='word_1_204' title='bbox 471 2488 605 2548; x_wconf 83' lang='lat' dir='ltr'><strong>haeredes</strong></span> <span class='ocrx_word' id='word_1_205' title='bbox 625 2487 825 2548; x_wconf 83' lang='lat' dir='ltr'><strong>transmittere</strong></span> <span class='ocrx_word' id='word_1_206' title='bbox 839 2503 894 2563; x_wconf 86' lang='lat' dir='ltr'><strong>per</strong></span> <span class='ocrx_word' id='word_1_207' title='bbox 908 2493 1134 2562; x_wconf 75' lang='lat' dir='ltr'><strong>testamentum¹</strong></span> <span class='ocrx_word' id='word_1_208' title='bbox 1156 2485 1213 2545; x_wconf 84' lang='lat' dir='ltr'><strong>sire</strong></span> 
     </span>
     <span class='ocr_line' id='line_1_25' title="bbox 189 2575 1216 2654; baseline -0.004 -14"><span class='ocrx_word' id='word_1_209' title='bbox 189 2575 392 2652; x_wconf 61' lang='lat' dir='ltr'><strong>rhinocerote,</strong></span> <span class='ocrx_word' id='word_1_210' title='bbox 407 2575 588 2654; x_wconf 79' lang='lat' dir='ltr'><strong>eidemque,</strong></span> <span class='ocrx_word' id='word_1_211' title='bbox 604 2577 725 2638; x_wconf 88' lang='lat' dir='ltr'><strong>domino</strong></span> <span class='ocrx_word' id='word_1_212' title='bbox 739 2576 852 2638; x_wconf 74' lang='lat' dir='ltr'><strong>duecte</strong></span> <span class='ocrx_word' id='word_1_213' title='bbox 866 2575 1082 2650; x_wconf 85' lang='lat' dir='ltr'><strong>consentiente,</strong></span> <span class='ocrx_word' id='word_1_214' title='bbox 1097 2577 1148 2638; x_wconf 89' lang='lat' dir='ltr'><strong>vel</strong></span> <span class='ocrx_word' id='word_1_215' title='bbox 1161 2577 1216 2636; x_wconf 86' lang='lat' dir='ltr'><strong>sel·</strong></span> 
     </span>
     <span class='ocr_line' id='line_1_26' title="bbox 190 2666 1216 2743; baseline -0.004 -15"><span class='ocrx_word' id='word_1_216' title='bbox 190 2673 251 2728; x_wconf 91' lang='lat' dir='ltr'><strong>tem</strong></span> <span class='ocrx_word' id='word_1_217' title='bbox 262 2669 408 2740; x_wconf 80' lang='lat' dir='ltr'><strong>consulto,</strong></span> <span class='ocrx_word' id='word_1_218' title='bbox 423 2667 564 2729; x_wconf 84' lang='lat' dir='ltr'><strong>vendere.</strong></span> <span class='ocrx_word' id='word_1_219' title='bbox 579 2671 612 2728; x_wconf 91' lang='lat' dir='ltr'><strong>lo</strong></span> <span class='ocrx_word' id='word_1_220' title='bbox 628 2685 702 2728; x_wconf 83' lang='lat' dir='ltr'><strong>casu</strong></span> <span class='ocrx_word' id='word_1_221' title='bbox 718 2667 798 2728; x_wconf 86' lang='lat' dir='ltr'><strong>enim</strong></span> <span class='ocrx_word' id='word_1_222' title='bbox 813 2666 991 2728; x_wconf 86' lang='lat' dir='ltr'><strong>venditionis</strong></span> <span class='ocrx_word' id='word_1_223' title='bbox 1004 2667 1169 2743; x_wconf 73' lang='lat' dir='ltr'><strong>Gregorius</strong></span> <span class='ocrx_word' id='word_1_224' title='bbox 1183 2667 1216 2724; x_wconf 75' lang='lat' dir='ltr'><strong>ix</strong></span> 
     </span>
     <span class='ocr_line' id='line_1_27' title="bbox 189 2753 1218 2833; baseline -0.002 -16"><span class='ocrx_word' id='word_1_225' title='bbox 189 2757 324 2828; x_wconf 70' lang='lat' dir='ltr'><strong>sancini,</strong></span> <span class='ocrx_word' id='word_1_226' title='bbox 344 2764 378 2817; x_wconf 91' lang='grc' dir='ltr'><strong>ιιι</strong></span> <span class='ocrx_word' id='word_1_227' title='bbox 396 2757 589 2833; x_wconf 81' lang='lat' dir='ltr'><strong>emphyteuta</strong></span> <span class='ocrx_word' id='word_1_228' title='bbox 603 2756 748 2818; x_wconf 83' lang='lat' dir='ltr'><strong>deberent</strong></span> <span class='ocrx_word' id='word_1_229' title='bbox 764 2756 847 2833; x_wconf 86' lang='lat' dir='ltr'><strong>prius</strong></span> <span class='ocrx_word' id='word_1_230' title='bbox 860 2756 1033 2830; x_wconf 80' lang='lat' dir='ltr'><strong>Ecclesiam¹</strong></span> <span class='ocrx_word' id='word_1_231' title='bbox 1057 2755 1109 2816; x_wconf 85' lang='lat' dir='ltr'><strong>cui</strong></span> <span class='ocrx_word' id='word_1_232' title='bbox 1123 2753 1218 2815; x_wconf 91' lang='lat' dir='ltr'><strong>domi·</strong></span> 
     </span>
     <span class='ocr_line' id='line_1_28' title="bbox 187 2843 1216 2922; baseline 0 -18"><span class='ocrx_word' id='word_1_233' title='bbox 187 2844 271 2905; x_wconf 90' lang='lat' dir='ltr'><strong>nium</strong></span> <span class='ocrx_word' id='word_1_234' title='bbox 280 2843 427 2906; x_wconf 88' lang='lat' dir='ltr'><strong>directum</strong></span> <span class='ocrx_word' id='word_1_235' title='bbox 437 2845 588 2922; x_wconf 86' lang='lat' dir='ltr'><strong>competit,</strong></span> <span class='ocrx_word' id='word_1_236' title='bbox 602 2847 766 2922; x_wconf 80' lang='lat' dir='ltr'><strong>requirere,</strong></span> <span class='ocrx_word' id='word_1_237' title='bbox 782 2845 869 2921; x_wconf 88' lang='lat' dir='ltr'><strong>eique</strong></span> <span class='ocrx_word' id='word_1_238' title='bbox 881 2843 1063 2907; x_wconf 79' lang='lat' dir='ltr'><strong>denunciare</strong></span> <span class='ocrx_word' id='word_1_239' title='bbox 1071 2851 1216 2922; x_wconf 73' lang='lat' dir='ltr'><strong>quanm</strong></span> 
     </span>
     <span class='ocr_line' id='line_1_29' title="bbox 190 2933 1218 3010; baseline 0.003 -19"><span class='ocrx_word' id='word_1_240' title='bbox 190 2933 319 3008; x_wconf 82' lang='lat' dir='ltr'><strong>pretium</strong></span> <span class='ocrx_word' id='word_1_241' title='bbox 341 2933 379 2994; x_wconf 86' lang='lat' dir='ltr'><strong>ab</strong></span> <span class='ocrx_word' id='word_1_242' title='bbox 397 2933 454 2994; x_wconf 90' lang='lat' dir='ltr'><strong>alio</strong></span> <span class='ocrx_word' id='word_1_243' title='bbox 479 2933 533 2994; x_wconf 87' lang='lat' dir='ltr'><strong>sibi</strong></span> <span class='ocrx_word' id='word_1_244' title='bbox 554 2950 611 3010; x_wconf 87' lang='lat' dir='ltr'><strong>pro</strong></span> <span class='ocrx_word' id='word_1_245' title='bbox 630 2933 800 2994; x_wconf 84' lang='lat' dir='ltr'><strong>venditione</strong></span> <span class='ocrx_word' id='word_1_246' title='bbox 822 2934 973 3006; x_wconf 80' lang='lat' dir='ltr'><strong>offeratur,</strong></span> <span class='ocrx_word' id='word_1_247' title='bbox 995 2941 1027 2995; x_wconf 91' lang='lat' dir='ltr'><strong>et</strong></span> <span class='ocrx_word' id='word_1_248' title='bbox 1042 2933 1218 3009; x_wconf 83' lang='lat' dir='ltr'><strong>deindeper</strong></span> 
     </span>
     <span class='ocr_line' id='line_1_30' title="bbox 189 3013 1219 3099; baseline 0.001 -20"><span class='ocrx_word' id='word_1_249' title='bbox 189 3018 266 3081; x_wconf 91' lang='lat' dir='ltr'><strong>duos</strong></span> <span class='ocrx_word' id='word_1_250' title='bbox 283 3037 403 3084; x_wconf 86' lang='lat' dir='ltr'><strong>menses</strong></span> <span class='ocrx_word' id='word_1_251' title='bbox 417 3029 588 3099; x_wconf 75' lang='lat' dir='ltr'><strong>expectere,</strong></span> <span class='ocrx_word' id='word_1_252' title='bbox 604 3040 664 3099; x_wconf 90' lang='lat' dir='ltr'><strong>quo</strong></span> <span class='ocrx_word' id='word_1_253' title='bbox 684 3013 819 3099; x_wconf 80' lang='lat' dir='ltr'><strong>tempore</strong></span> <span class='ocrx_word' id='word_1_254' title='bbox 838 3023 953 3098; x_wconf 83' lang='lat' dir='ltr'><strong>elapso,</strong></span> <span class='ocrx_word' id='word_1_255' title='bbox 971 3022 1148 3085; x_wconf 76' lang='lat' dir='ltr'><strong>siseeleeie</strong></span> <span class='ocrx_word' id='word_1_256' title='bbox 1160 3033 1219 3080; x_wconf 87' lang='lat' dir='ltr'><strong>uon</strong></span> 
     </span>
     <span class='ocr_line' id='line_1_31' title="bbox 189 3109 1217 3188; baseline 0.005 -19"><span class='ocrx_word' id='word_1_257' title='bbox 189 3109 395 3184; x_wconf 82' lang='lat' dir='ltr'><strong>declaraverit,</strong></span> <span class='ocrx_word' id='word_1_258' title='bbox 418 3127 451 3170; x_wconf 88' lang='lat' dir='ltr'><strong>se</strong></span> <span class='ocrx_word' id='word_1_259' title='bbox 470 3111 577 3172; x_wconf 89' lang='lat' dir='ltr'><strong>eodem</strong></span> <span class='ocrx_word' id='word_1_260' title='bbox 590 3111 686 3188; x_wconf 87' lang='lat' dir='ltr'><strong>pretio</strong></span> <span class='ocrx_word' id='word_1_261' title='bbox 709 3113 785 3172; x_wconf 87' lang='lat' dir='ltr'><strong>velle</strong></span> <span class='ocrx_word' id='word_1_262' title='bbox 804 3126 915 3184; x_wconf 75' lang='lat' dir='ltr'><strong>emere,</strong></span> <span class='ocrx_word' id='word_1_263' title='bbox 932 3112 1035 3182; x_wconf 87' lang='lat' dir='ltr'><strong>(habet</strong></span> <span class='ocrx_word' id='word_1_264' title='bbox 1051 3111 1136 3174; x_wconf 89' lang='lat' dir='ltr'><strong>enim</strong></span> <span class='ocrx_word' id='word_1_265' title='bbox 1149 3113 1217 3188; x_wconf 74' lang='lat' dir='ltr'><strong>lus).</strong></span> 
     </span>
     <span class='ocr_line' id='line_1_32' title="bbox 190 3197 1219 3279; baseline 0 -22"><span class='ocrx_word' id='word_1_266' title='bbox 190 3199 389 3275; x_wconf 87' lang='lat' dir='ltr'><strong>potestlibere</strong></span> <span class='ocrx_word' id='word_1_267' title='bbox 398 3197 481 3259; x_wconf 84' lang='lat' dir='ltr'><strong>alieri</strong></span> <span class='ocrx_word' id='word_1_268' title='bbox 490 3197 615 3260; x_wconf 78' lang='lat' dir='ltr'><strong>fundum</strong></span> <span class='ocrx_word' id='word_1_269' title='bbox 624 3199 754 3260; x_wconf 86' lang='lat' dir='ltr'><strong>vendere</strong></span> <span class='ocrx_word' id='word_1_270' title='bbox 764 3201 814 3271; x_wconf 86' lang='lat' dir='ltr'><strong>(l).</strong></span> <span class='ocrx_word' id='word_1_271' title='bbox 825 3203 894 3260; x_wconf 81' lang='lat' dir='ltr'><strong>llaee</strong></span> <span class='ocrx_word' id='word_1_272' title='bbox 904 3207 1002 3264; x_wconf 86' lang='lat' dir='ltr'><strong>tamen</strong></span> <span class='ocrx_word' id='word_1_273' title='bbox 1012 3201 1219 3279; x_wconf 89' lang='lat' dir='ltr'><strong>requisitio‚et</strong></span> 
     </span>
     <span class='ocr_line' id='line_1_33' title="bbox 190 3287 1221 3364; baseline 0.003 -17"><span class='ocrx_word' id='word_1_274' title='bbox 190 3287 379 3348; x_wconf 87' lang='lat' dir='ltr'><strong>denunciatio</strong></span> <span class='ocrx_word' id='word_1_275' title='bbox 394 3303 454 3347; x_wconf 92' lang='lat' dir='ltr'><strong>non</strong></span> <span class='ocrx_word' id='word_1_276' title='bbox 469 3296 515 3348; x_wconf 90' lang='lat' dir='ltr'><strong>est</strong></span> <span class='ocrx_word' id='word_1_277' title='bbox 529 3287 697 3350; x_wconf 86' lang='lat' dir='ltr'><strong>necessarie</strong></span> <span class='ocrx_word' id='word_1_278' title='bbox 708 3288 739 3348; x_wconf 90' lang='lat' dir='ltr'><strong>in</strong></span> <span class='ocrx_word' id='word_1_279' title='bbox 753 3305 826 3348; x_wconf 88' lang='lat' dir='ltr'><strong>casu</strong></span> <span class='ocrx_word' id='word_1_280' title='bbox 840 3287 1021 3364; x_wconf 76' lang='lat' dir='ltr'><strong>donacionis,</strong></span> <span class='ocrx_word' id='word_1_281' title='bbox 1035 3297 1087 3352; x_wconf 86' lang='lat' dir='ltr'><strong>eut</strong></span> <span class='ocrx_word' id='word_1_282' title='bbox 1099 3303 1221 3351; x_wconf 73' lang='lat' dir='ltr'><strong>succer-</strong></span> 
     </span>
     <span class='ocr_line' id='line_1_34' title="bbox 192 3375 1221 3456; baseline 0.002 -22"><span class='ocrx_word' id='word_1_283' title='bbox 192 3375 283 3435; x_wconf 88' lang='lat' dir='ltr'><strong>sionis</strong></span> <span class='ocrx_word' id='word_1_284' title='bbox 298 3375 535 3451; x_wconf 75' lang='lat' dir='ltr'><strong>testamentode,</strong></span> <span class='ocrx_word' id='word_1_285' title='bbox 546 3378 594 3437; x_wconf 91' lang='lat' dir='ltr'><strong>vel</strong></span> <span class='ocrx_word' id='word_1_286' title='bbox 605 3377 753 3453; x_wconf 72' lang='lat' dir='ltr'><strong>legitime,</strong></span> <span class='ocrx_word' id='word_1_287' title='bbox 777 3375 847 3454; x_wconf 86' lang='lat' dir='ltr'><strong>quia</strong></span> <span class='ocrx_word' id='word_1_288' title='bbox 859 3386 958 3440; x_wconf 68' lang='lat' dir='ltr'><strong>cosmi</strong></span> <span class='ocrx_word' id='word_1_289' title='bbox 968 3379 1046 3442; x_wconf 79' lang='lat' dir='ltr'><strong>ratio</strong></span> <span class='ocrx_word' id='word_1_290' title='bbox 1059 3375 1221 3456; x_wconf 76' lang='grc' dir='ltr'>ιιιιμιοιιιι</span> 
     </span>
     <span class='ocr_line' id='line_1_35' title="bbox 193 3463 488 3537; baseline 0 -15"><span class='ocrx_word' id='word_1_291' title='bbox 193 3477 233 3522; x_wconf 86' lang='lat' dir='ltr'><strong>ex</strong></span> <span class='ocrx_word' id='word_1_292' title='bbox 246 3468 330 3537; x_wconf 81' lang='lat' dir='ltr'><strong>porte</strong></span> <span class='ocrx_word' id='word_1_293' title='bbox 341 3463 488 3524; x_wconf 76' lang='lat' dir='ltr'><strong>Ecclesiae.</strong></span> 
     </span>
    </p>

    <p class='ocr_par' dir='ltr' id='par_1_7' title="bbox 229 3550 1219 3627">
     <span class='ocr_line' id='line_1_36' title="bbox 229 3550 1219 3627; baseline 0.015 -18"><span class='ocrx_word' id='word_1_294' title='bbox 229 3553 309 3610; x_wconf 89' lang='lat' dir='ltr'><strong>inter</strong></span> <span class='ocrx_word' id='word_1_295' title='bbox 327 3565 421 3612; x_wconf 85' lang='lat' dir='ltr'><strong>onere</strong></span> <span class='ocrx_word' id='word_1_296' title='bbox 444 3550 646 3627; x_wconf 81' lang='lat' dir='ltr'><strong>emphyteuoe</strong></span> <span class='ocrx_word' id='word_1_297' title='bbox 669 3553 730 3616; x_wconf 86' lang='lat' dir='ltr'><strong>duo</strong></span> <span class='ocrx_word' id='word_1_298' title='bbox 747 3553 878 3617; x_wconf 83' lang='lat' dir='ltr'><strong>maxime</strong></span> <span class='ocrx_word' id='word_1_299' title='bbox 900 3553 1127 3619; x_wconf 76' lang='lat' dir='ltr'><strong>conmderanda</strong></span> <span class='ocrx_word' id='word_1_300' title='bbox 1141 3563 1219 3626; x_wconf 63' lang='lat' dir='ltr'><strong>mi</strong></span> 
     </span>
    </p>
   </div>
   <div class='ocr_carea' id='block_1_7' title="bbox 0 0 1255 4034">
    <p class='ocr_par' dir='ltr' id='par_1_8' title="bbox 0 0 1255 4034">
     <span class='ocr_line' id='line_1_37' title="bbox 0 0 1255 4034; baseline 0 0"><span class='ocrx_word' id='word_1_301' title='bbox 0 0 1255 4034; x_wconf 95' lang='lat' dir='ltr'><strong> </strong></span> 
     </span>
    </p>
   </div>
  </div>
 </body>
</html>
