2432 4078
472 163 633 262 -315-

45 297 99 352 ¹tatu
111 285 146 346 ad
159 289 276 344 eertum
289 283 371 344 diem
384 283 513 357 solvere,
528 299 629 361 quam,
645 299 682 344 eo
701 283 790 345 etiam
809 285 910 362 elapso
926 287 985 362 die,
1000 287 1060 348 cito

51 376 149 434 solvere
162 377 279 432 tenetur
290 376 342 446 (2).
357 375 502 432 caeterum
515 371 545 432 in
555 373 696 433 mandato
708 375 899 450 explicando,
908 375 960 434 ubi
969 377 1060 436 rerba

52 481 99 524 non
112 462 167 523 sint
182 462 254 521 satis
267 463 357 534 clara,
372 459 577 538 interpretatio
592 463 737 523 sumenda
751 472 849 524 estex
863 471 963 544 mente
975 481 1060 525 man-

51 552 132 612 dantis
146 555 196 624 (3).
213 555 257 610 En
270 549 327 609 alia
340 567 413 610 vero
427 556 512 626 parte
525 551 671 611 mandans
684 557 802 612 tenetur
814 554 932 614 solvere
947 571 1060 631 expen-

51 658 89 700 sas
99 660 115 700 a
127 639 311 701 mandatorio
325 637 355 698 in
370 637 502 699 mandati
515 639 691 701 executione
705 641 799 701 iactas
816 646 870 715 (1)(
891 648 921 702 et
942 642 966 702 si
981 641 1060 720 capi·

52 731 130 790 tulum
139 728 225 788 alicui
237 745 293 788 suo
304 728 448 788 canonico
461 735 586 805 propter
595 727 755 788 evidentim
765 729 899 790 ecclesiae
909 729 1062 791 utilitatem

50 818 207 878 mandatum
221 818 355 877 conferat
370 817 435 892 ejus
459 817 604 876 tractandi
619 817 749 892 negotia,
769 824 888 878 tenetur
909 816 949 878 illi
964 818 1063 879 distri-

48 906 172 966 butiones
185 905 372 982 quotidianas
386 906 483 965 salvas
506 905 642 978 reddere,
659 905 711 965 ubi
724 913 849 983 propter
865 907 931 984 ipsa
944 908 1062 984 negotia

50 995 142 1056 divinis
153 994 259 1056 officiis
272 995 416 1056 interesse
433 992 565 1070 nequivit
580 1010 591 1068 (
611 999 631 1068 ).

72 1179 104 1243 (1)
113 1179 177 1244 cap.
197 1178 261 1231 961
280 1176 374 1229 arbitr.
389 1177 572 1230 Nihilominus
585 1189 674 1244 poenae
688 1179 804 1243 possunt
817 1177 921 1230 incurri
938 1191 998 1245 cap.
1015 1174 1061 1230 flu.

47 1249 76 1302 de
87 1249 211 1302 homicid.
227 1250 256 1300 in
274 1249 297 1300 6.
313 1275 345 1288 -
357 1250 392 1312 (i)
406 1249 471 1317 Gap.
490 1250 514 1308 6,
530 1249 562 1300 (11
578 1249 634 1300 dol.
646 1251 673 1300 el
685 1251 802 1300 contum.
822 1275 853 1288 -
866 1249 902 1314 (3)
914 1249 981 1316 Gap.
999 1251 1015 1302 8
1029 1249 1063 1302 de

47 1323 159 1388 rescript.
173 1325 201 1374 et
221 1335 279 1385 cop.
299 1321 338 1382 38,
354 1320 387 1372 (11
404 1320 584 1386 praebend.»
608 1320 645 1386 (t)
665 1320 729 1386 Gap.
745 1322 769 1384 6,
783 1319 816 1374 de
829 1325 965 1388 procurat.
980 1324 1008 1374 et
1025 1321 1062 1376 ib.

47 1392 176 1446 Gamales.
191 1421 222 1430 —
236 1393 268 1458 (5)
284 1392 349 1460 Cap.
367 1394 389 1456 l,
400 1391 434 1444 de
448 1393 512 1445 cler.
524 1405 579 1444 non
588 1392 671 1444 rasid.
686 1393 715 1444 in
728 1393 751 1444 6.

74 1608 134 1665 otu.
154 1609 227 1666 cum
240 1603 443 1664 mandatarius
459 1604 535 1664 tlnss
552 1602 683 1664 mandati
697 1603 804 1664 debeat
819 1604 992 1679 observare,
1006 1619 1063 1665 ne·

45 1711 121 1755 cesse
142 1701 190 1755 cst
212 1693 254 1754 illi
282 1691 467 1769 prospicere,
491 1709 529 1752 au
547 1693 722 1752 mandatum
743 1693 782 1753 sit
810 1693 989 1768 absolutum,
1015 1695 1065 1754 rel

45 1783 283 1856 conditionatum,
298 1799 336 1842 an
355 1781 393 1842 sit
410 1783 559 1858 gencrale,
579 1783 628 1842 vel
650 1781 790 1858 speciale,
805 1800 844 1842 an
858 1789 955 1844 totum
969 1799 1062 1860 nego·

44 1872 111 1932 tium
121 1873 159 1933 sit
177 1871 380 1946 commissum,
395 1873 443 1932 vel
463 1872 528 1946 ejus
541 1889 620 1948 pars,
642 1889 679 1932 ac
691 1873 814 1933 demum
832 1874 986 1950 negotium
1003 1873 1063 1934 talc

44 1960 85 2034 sit,
98 1968 132 2022 ut
143 1960 318 2020 mandatum
331 1960 461 2036 speciale
474 1959 618 2036 requirat.
637 1963 724 2021 Plura
736 1961 878 2038 prolecto
887 1967 956 2021 sunt
967 1977 1065 2038 nego·v

45 2049 88 2123 tia,
103 2067 170 2126 quae
191 2050 366 2109 mandatum
382 2049 511 2124 speciale
535 2050 668 2126 exigunt,
691 2066 819 2126 quorum
838 2051 949 2127 passim
974 2049 1004 2109 in
1019 2050 1065 2110 bis

44 2138 270 2200 institutionibus
279 2137 460 2198 mentionem
470 2137 605 2211 iacimus,
615 2139 666 2200 sed
675 2139 825 2216 praecipue
839 2138 1015 2216 requiritur:
1027 2141 1074 2201 ad·

45 2227 275 2289 contrabendum
288 2227 510 2288 matrimonium
520 2243 576 2304 pro
589 2227 646 2287 alio
659 2231 712 2301 (1),
723 2229 760 2289 ad
771 2229 982 2306 appellandum
992 2245 1065 2288 oon·

44 2321 84 2375 tra
98 2316 287 2390 eiectionem,
316 2323 346 2376 et
366 2316 579 2392 opponendum
602 2315 725 2376 crimina
740 2318 788 2377 rei
805 2317 939 2378 deiectus
959 2322 1065 2376 contra

44 2420 200 2479 personam
219 2406 258 2465 ad
275 2407 465 2482 praelaturam
486 2406 613 2464 eiectam
631 2409 684 2478 (2),
704 2406 742 2465 ad
766 2405 1001 2481 transigendum,
1017 2405 1066 2466 vel

44 2493 254 2568 paciscendum
269 2497 320 2568 (3),
336 2494 375 2553 ad
395 2493 696 2570 compromittentium
710 2497 762 2566 (1),
783 2494 822 2554 16
841 2492 1035 2554 obtinendum
1049 2510 1067 2552 a

43 2586 117 2660 Papa
142 2583 323 2658 rescriptum
351 2582 390 2641 ad
415 2582 500 2654 lites,
527 2582 646 2658 quando
674 2580 712 2642 de
734 2581 901 2657 conjunctis
923 2579 1063 2658 personis

45 2673 202 2750 nonagitur
225 2677 276 2746 (5),
301 2673 339 2732 ad
360 2671 550 2732 oblinendam
574 2670 775 2747 principaliter
794 2671 1012 2731 restitutionem
1036 2667 1067 2727 in

44 2761 192 2838 integrum
207 2765 259 2838 (6),
274 2758 346 2822 etin
359 2760 422 2821 aliis
439 2759 583 2821 similibus
610 2760 728 2822 casibus
749 2760 878 2838 speciale
893 2758 1066 2821 mandatum

44 2851 212 2929 requiritur.

71 3035 109 3100 (1)
123 3035 189 3100 Gap.
203 3033 253 3085 uit.
267 3032 300 3085 (11
313 3034 440 3099 procurat
454 3031 481 3082 in
500 3031 524 3084 e.
538 3057 569 3070 -
580 3031 616 3096 (1)
631 3032 695 3097 Cap.
710 3031 740 3084 38
753 3030 812 3084 eod.
828 3033 855 3083 et
873 3030 956 3084 ciem.
971 3030 987 3082 2
1005 3032 1065 3084 116.

43 3108 112 3168 -(3)
124 3105 187 3170 Gap.
198 3105 292 3164 1111.
308 3105 335 3154 in
350 3104 373 3154 6.
384 3129 415 3140 -
425 3103 460 3167 (1)
473 3103 538 3168 cap.
548 3105 572 3162 9,
583 3102 618 3155 de
631 3102 724 3154 arbitr.
734 3129 765 3140 -
776 3103 811 3168 (5)
826 3102 892 3168 Gap.
903 3104 933 3154 16
948 3106 976 3156 et
984 3104 1024 3162 33,
1034 3103 1068 3156 (11

45 3177 168 3242 rescript.
181 3204 206 3214 -
226 3178 357 3240 (blatteus
371 3179 443 3225 esset
461 3173 484 3226 si
499 3178 636 3239 peteretur
654 3172 801 3226 incidenter
817 3173 844 3224 in
863 3187 954 3234 causa,
970 3187 1010 3225 cx.
1026 3187 1066 3238 gr.

45 3257 138 3300 contra
152 3249 259 3314 lapsum
277 3245 407 3297 letalium.
422 3243 597 3297 Reiffenstuel
620 3243 654 3296 de
674 3248 807 3310 procurat.
827 3259 854 3297 n.
875 3245 927 3310 103,
941 3247 969 3298 et
980 3245 1066 3297 Gloss.

46 3318 79 3369 ad
93 3318 139 3370 cil.
154 3333 214 3385 cap.
229 3319 244 3370 4
258 3318 292 3370 (11
308 3321 445 3384 procurat.
460 3317 489 3367 iu
501 3317 525 3380 6,
542 3315 624 3368 verbo
631 3314 743 3382 pauset.

81 3551 147 3609 611.
166 3547 270 3611 Tribus
290 3546 387 3610 modis
405 3546 573 3623 prasertim
593 3545 766 3608 mandatum
784 3543 909 3622 expirat,
927 3541 1068 3606 niudrum
