2492 4020
614 105 814 174 -rtt-'

174 244 279 313 status,
293 243 324 299 et
336 253 534 316 personarum
549 215 750 300 conditionem
761 239 811 314 lus
829 239 867 300 sit
880 207 1002 312 marito,
1016 245 1051 300 ut
1063 193 1134 334 pisa
1150 235 1223 324 frug

173 327 239 400 fiat;
262 334 363 388 tamen
383 343 463 387 caeea
485 327 594 402 rabieS,
618 333 649 388 et
661 327 743 388 ierus
761 328 877 400 animus
890 327 1039 406 conjugali
1052 309 1222 419 eQbita.

174 413 248 476 tioni
268 415 393 476 nimium
406 421 554 502 repugnat
572 418 624 488 (8).
639 421 709 476 llaec
739 425 837 476 tamen
855 433 948 476 causa
961 417 1130 492 temporale
1147 417 1210 478 lan·

174 512 238 566 tum
262 503 437 581 regulariter
450 505 508 565 dat
532 503 702 564 divortium.
722 505 780 564 Sed
801 512 939 582 separata
961 505 1020 566 hoc
1032 504 1128 566 modo
1156 523 1209 582 per

171 593 290 670 judiciis
304 593 482 654 sententiam
495 611 573 655 uxor
592 593 730 654 amarito
751 601 872 654 nonest
893 594 1029 670 cogenda
1054 594 1207 656 maritales

173 681 282 743 iterum
296 681 504 762 subirelarep,
528 681 584 758 pisi
604 683 674 742 data
690 701 708 742 a
723 682 829 743 marito
848 683 987 744 cautione
1000 681 1040 742 de
1056 689 1141 744 tanta
1154 683 1208 742 im·

174 771 315 832 monitate
342 771 475 846 vitanda,
493 771 590 847 deque
613 788 711 832 uxore
724 770 819 832 amice
839 771 1004 844 tractanda,
1020 788 1088 848 quae
1107 770 1208 832 cautio

173 860 238 920 duri
263 865 362 938 potest
385 876 440 937 per
461 860 597 937 pignora,
618 866 669 919 aut
683 859 874 936 fideiussores
887 866 917 920 et
930 859 962 919 in
974 860 1083 920 bomm
1100 859 1209 936 impos

174 949 312 1010 nihilitate
325 949 415 1010 etiam
429 963 484 1024 per
494 948 712 1026 jusjurandum.
732 955 867 1010 Attamen
881 947 906 1008 si
920 955 999 1018 tanta
1013 949 1051 1008 sit
1065 949 1206 1022 saevities,

174 1044 206 1100 ut
218 1039 298 1116 juste
311 1054 430 1116 semper
449 1037 576 1114 trepidet
596 1054 675 1098 uxor
693 1038 817 1098 domum
843 1037 940 1099 mariti
964 1037 1087 1112 reverti,
1109 1057 1130 1098 a
1149 1057 1208 1116 quo

174 1111 396 1205 veretur'pejus
415 1143 505 1203 quam
526 1126 609 1203 prius
628 1126 775 1186 latebrosa
796 1126 929 1202 tractari,
955 1133 1085 1187 nonest
1109 1127 1208 1188 cidem

173 1217 366 1292 restituerem,
382 1215 452 1293 quia
466 1216 553 1292 juxta
566 1213 816 1276 iurisconsultum
833 1215 932 1298 cautio
945 1217 1131 1278 malevolum
1145 1217 1208 1277 aui·

174 1321 258 1367 mum
271 1322 333 1365 non
347 1311 443 1365 mutat
457 1307 509 1377 (9).

209 1395 279 1457 aliae
293 1401 438 1471 praterea
453 1409 520 1452 esse
534 1397 660 1470 possunt
672 1391 761 1470 hujus
774 1392 892 1454 divortii
906 1393 1080 1470 temporalis
1093 1409 1205 1465 causae,

174 1485 217 1545 uti
230 1485 307 1544 foret
324 1482 490 1559 perieulum
504 1479 639 1558 corporis
657 1499 697 1542 ex
719 1483 825 1542 morbo
848 1484 926 1544 lorte
944 1482 1122 1559 contagIoso
1136 1501 1206 1559 pro-

175 1573 307 1644 ductum,
323 1577 354 1631 et
366 1568 645 1646 periculumanimae
659 1569 830 1631 obelierius
843 1570 1045 1632 incitationem
1059 1571 1099 1631 ad
1111 1589 1205 1648 gravo

176 1665 345 1739 peccatum,
361 1659 402 1718 uti
417 1658 455 1717 ad
468 1657 657 1728 maleficium,
673 1658 711 1718 ad
724 1657 975 1736 superstitionem,
990 1677 1026 1720 ac
1041 1659 1205 1737 praecipue,

175 1756 209 1810 ut
233 1747 363 1824 loquitur
388 1751 417 1806 S.
441 1746 629 1822 Augustinus,
653 1747 692 1806 ad
709 1745 825 1808 illicitas
845 1749 1115 1825 concupiscentias,
1143 1765 1205 1826 que

181 1839 319 1900 animam
336 1835 416 1896 malo
431 1851 548 1911 corpore
560 1841 692 1895 utentem
705 1853 725 1895 o
737 1835 794 1911 lopo
815 1835 867 1898 Dei
880 1837 1018 1928 cbarrprc
1036 1838 1167 1914 focitmt,
1179 1845 1204 1897 ct

176 1927 334 2004 perniciose
350 1924 530 2001 turpiterque
544 1932 740 2000 mmvnnpont
758 1929 828 1998 (ld).

209 2094 245 2160 (l)
258 2091 336 2146 ioan.
348 2105 371 2142 c.
387 2091 411 2142 8.
425 2116 457 2128 -
469 2089 505 2154 (i)
520 2087 550 2139 L.
564 2087 603 2153 ³0,
618 2087 724 2142 esdad
740 2088 791 2154 leg.
806 2089 862 2142 lul.
878 2089 911 2142 de
925 2089 1008 2144 adult.
1018 2119 1049 2129 -
1064 2093 1099 2157 (3)
1110 2093 1202 2158 Capi

178 2167 212 2219 de
225 2166 321 2217 divort.
338 2191 365 2202 -
384 2161 421 2226 (l)
438 2161 502 2213 Cau.
518 2162 532 2211 5
552 2166 579 2211 et
591 2159 616 2224 6,
631 2175 653 2212 c.
669 2161 708 2219 st.
724 2173 750 2227 q.
768 2163 778 2211 1
793 2167 821 2214 ct
833 2175 890 2213 cau.
907 2161 931 2222 3,
946 2178 969 2215 c.
984 2163 1025 2223 31,
1043 2177 1069 2230 q.
1083 2165 1106 2216 5.
1123 2165 1202 2216 Solus

178 2243 269 2290 tomen
282 2239 370 2288 matus
383 2231 561 2300 probabiliter
578 2245 632 2284 non
651 2235 771 2291 excuset,
790 2233 927 2298 quianon
949 2234 1048 2286 liberat
1067 2247 1084 2286 a
1104 2237 1201 2301 culpa;

178 2309 243 2362 dum
260 2314 301 2360 est
322 2307 412 2373 potius
426 2317 499 2355 mors
512 2302 663 2362 subeunda,
679 2317 759 2369 quam
782 2305 871 2356 seclus
886 2307 1107 2371 perpetrandum.
1122 2335 1154 2346 —
1167 2307 1202 2373 (5)

176 2381 241 2447 Cap.
257 2379 272 2430 6
285 2379 319 2431 de
334 2391 365 2430 eo
377 2376 423 2443 qui
438 2389 553 2440 cogn·-
569 2375 604 2438 (6)
622 2373 685 2440 Cap.
700 2373 761 2426 lde
775 2374 871 2426 divort.
886 2389 945 2441 cap.
961 2376 1016 2428 det
1030 2377 1054 2440 1,
1068 2379 1103 2429 de
1116 2378 1202 2429 adult.

177 2453 267 2516 Quare
281 2451 304 2503 si
318 2463 368 2516 per
381 2445 544 2499 adulterium
558 2446 649 2496 lavore
667 2445 818 2496 innocentis
826 2447 885 2510 jam
898 2448 933 2498 sit
949 2446 1058 2498 decretu
1071 2447 1143 2500 thori
1156 2463 1200 2500 sa·

177 2524 291 2591 paratio,
311 2526 339 2573 et
354 2519 483 2582 deinceps
503 2516 561 2584 ipse
583 2517 712 2567 innocens
730 2515 823 2567 eodem
838 2519 950 2568 crimine
968 2531 998 2569 se
1017 2518 1129 2584 polluat,
1144 2533 1200 2570 ma·

177 2596 334 2648 trimouium
348 2597 390 2644 est
405 2587 650 2651 redintegrandum.
670 2586 734 2653 Cap.
756 2588 770 2638 5
785 2587 818 2638 da
832 2589 928 2642 divort.
944 2617 974 2626 —
985 2589 1022 2654 (7)
1036 2591 1101 2656 Cep.
1117 2593 1134 2643 6
1147 2591 1201 2642 etl

176 2667 211 2720 de
224 2667 320 2718 divort.
335 2687 365 2702 -
380 2661 414 2726 (8)
427 2661 491 2726 Cap.
508 2660 523 2710 8
537 2663 565 2710 ct
578 2659 607 2710 tt
624 2658 659 2710 de
679 2664 745 2712 rest.
764 2659 873 2725 spoliat.
887 2687 918 2700 ·-
936 2661 971 2728 (9)
986 2661 1050 2728 Cap.
1073 2663 1117 2716 cit.
1132 2663 1157 2715 8.
1173 2689 1199 2700 -

177 2738 306 2806 (10)(1111.
320 2735 346 2800 5,
359 2747 383 2786 c.
396 2733 437 2792 28,
451 2743 477 2796 q.
495 2729 516 2782 l.

214 2971 278 3028 litt.
290 2961 473 3036 ouasttones
484 2957 715 3018 matrimoniales
723 2957 846 3035 triplicis
858 2959 1050 3035 generjsffigg
1060 2967 1197 3039 possunt:

131 3064 132 3070 ’
180 3055 245 3118 aliae
267 3051 431 3128 respiciunt
445 3047 542 3124 ipsum
562 3047 742 3108 matrimonii
765 3047 917 3110 vinculum
935 3067 943 3123 3
960 3050 1024 3110 aliae
1039 3049 1200 3128 respiciunt

179 3142 398 3222 separationem
423 3136 603 3198 matrimonii
622 3136 721 3210 quoad
738 3135 856 3196 thorum
869 3144 899 3198 et
925 3138 1135 3201 habitationem
1148 3159 1155 3214 3
1170 3147 1200 3200 et

179 3235 244 3296 allae
257 3229 422 3308 respiciunt
434 3228 546 3301 dotem,
566 3223 783 3300 successiones,
804 3226 954 3302 alimenta,
978 3236 1007 3289 et
1025 3229 1083 3290 alia
1099 3229 1198 3307 hujm-

176 3323 267 3386 modi.
277 3325 340 3380 lam
351 3335 424 3378 vero
441 3313 622 3392 questiones
632 3313 719 3389 primi
735 3321 765 3373 et
772 3315 897 3375 secundi
908 3317 1028 3392 generis
1041 3319 1080 3378 ad
1085 3319 1197 3396 judicas

177 3409 395 3475 ecclesiasticos
404 3405 526 3466 omnino
537 3403 685 3481 pertinere
694 3411 859 3464 noscuntur
871 3423 910 3466 ex
920 3408 985 3483 lege
998 3409 1195 3482 canonicali).

170 3500 361 3574 ‚quaestiones
375 3495 453 3558 tertii
466 3493 584 3570 generis
601 3499 728 3569 possunt
746 3494 888 3570 cognosci
902 3496 1032 3571 ajudice
1045 3493 1195 3572 saeculari3
