2592 4018
644 193 785 254 *62⁴

238 320 274 387 (l)
289 321 407 386 Antiqua
424 317 483 372 heac
504 320 694 387 impedimenta
712 322 886 374 recensentur
906 319 1032 374 eGlosse
1047 319 1076 373 iu
1090 333 1147 388 cap.
1163 319 1229 374 ide

206 393 299 459 poenit.
315 399 342 444 et
354 393 458 444 remiss.

241 563 304 620 360.
325 564 394 620 ture
410 559 555 620 hodierno
576 559 652 620 inter
666 559 875 636 impedimenta
898 565 1013 620 tantum
1035 559 1230 635 impedientia

206 647 355 726 praecipne
367 655 551 718 recensetur,
564 665 630 723 qnae
645 647 780 724 sequenti
794 649 982 708 continentur
994 648 1138 708 versiculo
1153 673 1167 699 α
1184 667 1230 708 sa-

205 744 320 798 cratum
336 744 463 813 tempus,
488 737 619 810 vetitum,
643 736 802 812 sponsalia,
817 745 920 796 votum
936 763 949 788 a
974 737 1133 797 Socratem
1152 743 1228 796 terrr-

204 843 260 902 pus
273 832 320 884 est
333 825 414 898 illud,
432 826 511 902 quod
525 825 666 885 interfluit
680 826 718 886 eb
731 825 860 886 adventu
874 825 989 885 Domini
998 842 1092 901 usque
1101 826 1137 884 ad
1146 825 1231 886 diem

205 913 384 990 Epiphania,
395 921 424 974 et
435 912 535 974 aleria
544 923 650 990 quarta
664 914 796 974 cinerum
807 931 902 990 usque
914 914 951 972 ad
963 923 1098 973 octavam
1105 913 1231 974 Pascha·

205 1001 242 1062 tis
255 1002 415 1076 inclusive;
432 1019 492 1078 quo
512 1010 647 1078 tempore
666 1003 881 1062 interdicuntur
895 1001 1095 1062 solemnitates
1109 1001 1230 1078 nuptia-

204 1107 281 1165 rum,
294 1092 342 1152 rel
353 1092 428 1151 leste
448 1091 598 1168 nuptialia,
614 1091 656 1151 uti
671 1091 841 1167 nuptiarum
860 1091 1038 1164 benedictio,
1054 1098 1083 1151 et
1101 1090 1228 1151 celebri-

204 1187 250 1241 tas
265 1179 459 1240 traductionis
472 1197 589 1256 sponsoe
602 1179 632 1238 in
651 1181 774 1244 domum
788 1179 852 1239 viri.
868 1185 933 1240 Non
953 1197 1025 1239 vero
1038 1175 1230 1238 interdicitur

203 1267 423 1328 matrimonium
443 1286 545 1328 coram
560 1269 703 1341 Parecbo,
719 1277 749 1328 et
765 1268 888 1328 testibus
901 1267 1013 1344 absque
1038 1265 1229 1326 solemnitate

204 1358 413 1418 celebrandum
428 1361 478 1430 (l).
496 1363 564 1418 llaec
578 1357 697 1434 quidem
718 1355 857 1417 Ecclesiae
879 1363 987 1416 statute
1006 1355 1137 1415 maxime
1156 1361 1230 1414 sunt

203 1446 393 1508 veneratione
416 1445 613 1522 excipienda,
639 1461 708 1504 nam
740 1444 819 1504 idem
843 1443 1045 1504 tridentinum
1067 1443 1229 1502 anathema

203 1533 379 1610 pronunciat
402 1534 432 1593 in
462 1551 540 1607 cum,
562 1534 611 1610 qui
634 1533 756 1606 diceret,
780 1533 1008 1608 prohibitionem
1030 1530 1227 1591 solemnitatis

202 1622 380 1699 nuptiarinm
395 1623 483 1682 certis
496 1622 581 1682 annis
593 1621 777 1697 temporibus
790 1621 1030 1696 superstitionem
1039 1637 1106 1680 esse
1121 1627 1228 1696 tyran·

202 1711 298 1770 nicam
312 1711 349 1770 ab
362 1711 546 1772 ethnicorum
561 1711 770 1786 superstitione
785 1711 949 1786 prolectam
962 1714 1014 1784 (Ξ).

243 1799 364 1860 Velitum
376 1799 486 1859 indicat
499 1799 726 1875 prohibitionem
738 1799 799 1858 sive
811 1801 980 1875 generalem
994 1799 1102 1858 laetam
1113 1815 1132 1856 a
1142 1800 1225 1875 jure,
1279 1839 1280 1852 ι

201 1887 263 1948 sive
277 1888 484 1964 particularem
498 1889 605 1948 lactem
619 1889 657 1947 ab
671 1888 802 1960 bomine,
819 1903 855 1948 ne
870 1887 1089 1971 matrimonium
1103 1895 1225 1948 eontra·
1279 1943 1280 1956 ,

200 1977 295 2036 hatur.
311 1977 459 2037 Generalis
472 1976 641 2052 hujusmodi
654 1976 812 2052 probibitio
826 1978 904 2036 laeta
918 1993 935 2035 a
948 1981 1014 2052 jure
1034 1993 1071 2036 ee
1084 1985 1139 2048 est,
1162 1995 1227 2052 qua

200 2081 261 2124 non
274 2064 343 2126 licet
356 2063 574 2126 matrimonium
588 2063 737 2138 inire,nisi
746 2065 831 2124 trinae
839 2065 971 2140 ejusdem
979 2065 1226 2125 denunciationes

199 2154 415 2230 precesserint,
436 2157 485 2214 vel
505 2155 593 2214 luerit
615 2155 646 2212 in
669 2153 774 2215 iisdem
792 2154 1006 2230 dispensatum.
1034 2154 1224 2215 Particularis

181 2299 184 2307 ,
199 2259 271 2302 vero
285 2243 319 2303 nt
332 2244 370 2302 ab
381 2243 539 2319 Episcopo,
553 2244 600 2303 vel
616 2241 735 2303 edema
756 2243 889 2302 Parocbo
905 2242 983 2302 eirca
999 2242 1224 2304 matrimonium

198 2330 276 2391 inter
289 2330 499 2392 determinatas
512 2348 659 2408 personas
683 2331 930 2405 contrabendum,
943 2330 1044 2391 ubisit
1060 2331 1148 2390 timor
1166 2331 1222 2391 ali-

199 2421 284 2496 eulus
298 2420 373 2480 inter
387 2437 515 2497 sponsos
527 2419 729 2497 impedimenti
753 2419 927 2495 dirimentis,
941 2435 1098 2496 quousque
1111 2435 1146 2480 ea
1167 2437 1222 2480 su·

199 2525 253 2585 per
266 2527 299 2570 re
313 2509 449 2586 Episcopi
460 2509 604 2584 judicium
618 2508 769 2570 emittatur
783 2511 823 2580 (3)
1152 2513 1155 2522 ’

233 2597 423 2673 Sporrsolium
457 2597 520 2657 sive
535 2599 699 2658 suturarum
715 2595 885 2672 nuptiarum
910 2595 1066 2672 promissio
1083 2596 1219 2672 impedit,

199 2686 356 2762 quominus
371 2703 439 2746 cum
453 2685 518 2758 alia,
534 2703 623 2762 qnam
638 2703 706 2746 cum
719 2686 897 2761 desponsata
911 2683 1133 2746 matrimonium
1144 2703 1219 2747 eon-

197 2776 340 2848 trahatur,
353 2780 385 2833 ut
400 2774 525 2834 vidimus
539 2775 569 2832 in
585 2774 667 2834 titulo
681 2773 871 2849 praecedenti.

238 2863 348 2934 Vetera,
364 2863 425 2922 sive
440 2862 597 2938 promissio
625 2862 786 2922 deliberata
811 2867 871 2922 beo
885 2863 962 2922 iacta
976 2862 1014 2922 de
1029 2863 1222 2925 observanda

197 2951 339 3023 castitate,
355 2959 405 3010 ant
418 2952 455 3011 de
469 2951 660 3025 ingredienda
669 2950 830 3026 Religione,
842 2959 892 3010 aut
906 2951 1095 3027 suscipiendo
1107 2953 1221 3014 Ordine

196 3057 283 3101 sacro
297 3039 515 3100 matrimonium
531 3039 652 3116 impedit
676 3041 922 3112 contrabendum,
944 3039 996 3100 sed
1020 3058 1079 3100 non
1105 3041 1222 3103 dirimit

197 3135 401 3200 contractum,
420 3129 469 3206 qni
484 3132 562 3189 enim
575 3129 741 3189 eaelibatum
755 3136 825 3189 voto
841 3129 992 3204 promissit
1005 3131 1118 3206 absque
1131 3133 1220 3206 gravi

196 3217 247 3276 bei
258 3216 365 3294 injuria
379 3217 480 3292 nequit
493 3219 530 3276 ad
544 3219 726 3278 contrarium
746 3216 922 3277 matrimonii
948 3223 1057 3278 statum
1076 3219 1217 3281 transire.

197 3311 258 3367 lloe
271 3314 368 3366 autern
380 3306 487 3366 dicitur
507 3306 545 3365 de
555 3314 626 3366 voto
650 3307 794 3383 simplici,
816 3323 884 3366 nam
903 3305 982 3366 alind
1002 3306 1163 3368 dicendum
1178 3309 1219 3370 de

196 3403 266 3454 voto
281 3395 405 3455 solemni
418 3395 446 3454 in
462 3394 646 3471 professione
659 3395 807 3472 religiosa,
829 3396 876 3455 vel
892 3395 922 3453 in
943 3395 1115 3472 receptione
1129 3399 1218 3458 Ordi-

195 3482 242 3542 nis
255 3483 331 3544 sacri
345 3483 463 3558 emisso,
477 3490 582 3560 utpote
595 3484 676 3561 quod
699 3499 760 3543 non
770 3523 774 3532 ·
786 3489 902 3544 tantum
922 3484 1097 3560 impediens,
1116 3485 1171 3545 sed
1185 3493 1218 3547 et

195 3571 335 3635 dirimens
346 3571 525 3638 matrimonii
538 3571 781 3650 impedimentum
789 3573 932 3650 prebeat,
947 3573 985 3634 de
994 3591 1054 3650 quo
1067 3573 1144 3635 intra
1159 3581 1215 3650 (s).
