2432 4078
486 183 522 194 —
540 153 593 210 295
616 179 645 191 -
733 157 737 171 ·

15 285 16 290 ’
83 291 243 354 quemqnam
255 278 301 338 sui
315 283 481 354 compotes,
496 282 526 338 et
540 275 733 336 minoreones
747 276 866 352 exlege
880 273 958 335 civili
971 273 1085 350 absque

81 367 235 428 audoritate
248 367 365 440 tutoris,
381 373 411 429 et
425 383 576 426 consensu
595 366 742 426 curatoria
763 365 843 424 bona
861 382 914 424 sua
933 369 1085 439 nequeunt

80 454 251 529 aiiscedere,
270 455 324 516 sed
341 461 469 531 possunt
485 455 523 514 ab
539 453 603 514 aliis
618 453 765 530 accipere,
780 471 817 514 eo
832 453 912 530 quod
926 453 989 512 sine
1004 452 1084 512 dicta

79 543 243 616 auctoritate,
259 549 289 602 et
305 559 454 604 consensu
468 549 593 616 possunt
607 541 809 603 conditionem
821 558 906 602 suam
926 538 1082 600 meliorem

77 631 167 706 boore,
176 631 357 694 deteriorem
371 649 444 693 vero
458 633 557 692 iacere
569 637 723 708 nequeunt
735 651 742 691 :
756 631 836 691 unde
847 647 952 690 eorum
966 635 1082 690 contra·

76 729 128 782 otus
138 721 273 782 dicuntur
287 720 467 795 claudicare,
482 721 553 796 quia
568 726 638 781 sunt
651 737 691 780 ex
706 736 811 783 eorum
826 726 911 795 parte
928 717 1079 792 solubiles,

76 817 99 868 et
108 827 142 870 ex
154 811 245 870 altera
265 809 442 886 obligatorii.
462 815 495 870 ln
512 810 578 869 foro
596 815 697 868 tamen
710 809 901 869 conscientiae
916 809 947 868 hi
961 814 1079 868 contre-

75 903 129 958 ctus
145 897 355 974 obligationem
374 899 541 960 naturalem
557 896 686 975 pariunt,
705 913 775 960 cum
789 915 851 957 non
864 897 940 958 desit
953 914 1080 958 consen-

15 1023 17 1062 ,
74 982 150 1043 ausin
162 983 241 1044 idem
253 982 419 1060 placitum(
438 987 459 1056 ).

96 1151 250 1220 (birayman
264 1153 383 1206 intbool.
400 1153 493 1207 moral.
508 1153 541 1206 de
557 1156 629 1220 pact.
642 1167 667 1206 c.
683 1153 708 1214 9,
723 1167 750 1206 n.
764 1153 789 1204 t.

96 1369 151 1426 616.
172 1371 339 1427 consensus
357 1367 388 1426 in
407 1367 609 1428 contractibus
627 1371 727 1444 potest
749 1383 816 1428 esse
838 1365 999 1438 absolutus,
1024 1366 1074 1426 vel

70 1455 278 1516 midittooutnr.
301 1456 330 1516 si
351 1462 397 1516 est
417 1457 584 1529 absolutus,
604 1463 776 1516 contractus
798 1462 845 1516 est
866 1456 1026 1530 perlectus,
1045 1461 1075 1514 et

15 1581 16 1584 ,
69 1543 151 1602 statim
164 1545 298 1618 debetur,
312 1545 393 1620 quod
411 1551 590 1605 conventum
608 1545 671 1618 tuit,
687 1546 772 1622 cujus
786 1543 876 1604 debiti
891 1543 954 1604 dies
973 1541 1073 1604 statim

15 1649 17 1662 ²
70 1631 142 1706 cedit,
165 1640 194 1693 et
213 1633 295 1693 veuit
314 1639 375 1706 (i);
402 1634 428 1693 si
445 1651 519 1694 vero
534 1641 580 1694 est
600 1633 833 1706 conditionatos,
852 1632 1013 1693 videndum
1035 1633 1075 1694 de

69 1735 116 1793 qna
128 1721 296 1782 conditione
316 1728 420 1798 agatur
438 1741 445 1781 ε
470 1739 541 1783 nam
555 1723 684 1784 conditio
698 1721 898 1799 impossibilis,
917 1722 966 1781 vel
979 1722 1074 1798 turpis

68 1809 150 1870 reddit
169 1818 355 1871 contracmm
370 1813 494 1885 nullum,
508 1811 577 1887 quia
594 1812 698 1872 ludere
711 1811 859 1885 videntur,
882 1810 932 1886 qui
954 1817 1074 1870 contra·

69 1897 116 1955 ctni
134 1900 333 1959 conditionem
352 1899 565 1975 impossibilem
579 1900 731 1976 adjiciunt,
746 1908 776 1960 et
796 1900 914 1960 aliunde
932 1915 1021 1958 nemo
1035 1900 1074 1960 ad

67 1981 98 2058 id,
109 1989 184 2062 quod
197 1995 243 2048 est
257 1991 378 2062 malum,
392 1995 492 2065 potest
503 1989 627 2066 obligari
638 2009 645 2064 3
658 1989 788 2050 oonditio
800 1996 900 2050 autem
913 1987 1072 2064 possibilis,

16 2109 17 2148 3
68 2075 218 2136 elboneata
231 2085 418 2138 contractum
436 2079 591 2155 suspendit
612 2095 707 2154 usque
727 2079 767 2139 ad
787 2077 967 2138 conditionis
981 2093 1072 2138 even·

15 2177 17 2236 3
67 2166 126 2237 mm,
141 2165 165 2224 si
184 2167 316 2226 conditio
331 2165 369 2226 sit
381 2167 576 2242 suspensiva,
592 2167 618 2226 si
631 2184 704 2228 vero
722 2167 761 2227 sit
774 2167 965 2240 (resolutoria,
981 2166 1073 2226 adve-

15 2275 17 2302 ε
67 2249 150 2312 niente
169 2255 351 2328 conditione,
369 2262 539 2316 contractus
552 2256 719 2316 resolvitur.
734 2256 817 2316 Unde
828 2261 1002 2316 contractus
1014 2255 1070 2316 sub

67 2341 219 2404 conditione
242 2344 420 2404 resolutoria
440 2343 617 2406 assimilatur
638 2345 804 2405 contractui
825 2344 944 2417 modali,
959 2360 1007 2404 ex.
1023 2359 1070 2419 gr.

15 2437 16 2442 ’
66 2431 147 2490 vendo
156 2433 209 2492 tibi
221 2431 355 2506 domum,
367 2434 458 2493 modo
471 2433 500 2492 in
513 2451 549 2493 ea
557 2432 611 2494 des
624 2433 836 2494 habitationem
847 2432 919 2493 ritio
929 2449 937 2504 3
948 2448 1019 2492 nem
1029 2431 1070 2492 ita

15 2557 17 2604 4
67 2518 149 2580 statim
161 2527 334 2582 contractus
344 2523 489 2597 firmatur,
502 2521 556 2582 sed
569 2523 697 2599 emptori
710 2521 873 2598 imponitur
887 2536 964 2580 onus
978 2519 1069 2582 dandi

66 2601 260 2670 habitationem
273 2609 346 2670 ritio
360 2615 411 2686 (2).
664 2605 667 2610 ’

68 2843 72 2853 Ι
90 2775 119 2840 (1)
131 2779 193 2833 Dios
201 2783 354 2834 contractus
366 2781 457 2834 sedere
470 2781 577 2842 dicitnr,
593 2795 654 2834 oum
670 2781 746 2834 adest
759 2781 827 2846 dies,
842 2795 922 2848 equo
935 2781 1063 2850 obligatio

66 2847 158 2913 ncipit;
171 2851 347 2916 vendovera,
362 2867 422 2905 oum
432 2851 508 2906 adest
521 2852 589 2914 dies,
604 2854 632 2904 in
645 2869 698 2919 quo
715 2854 811 2920 exequi
825 2857 921 2920 potest.
936 2853 1007 2906 Hinc
1021 2853 1068 2920 qui

66 2919 141 2998 rendit
152 2923 260 2974 domum
273 2927 334 2988 post
349 2937 469 2976 mensem
482 2925 597 2991 emptori
612 2924 780 2988 tradendam,
800 2926 825 2976 ei
839 2926 930 2978 statim
946 2926 1004 2978 dies
1021 2940 1067 2978 ce·

66 2984 106 3048 dli.
114 2994 157 3044 sed
170 3009 224 3046 non
237 2995 291 3046 nisi
305 3000 367 3062 post
380 3009 509 3047 mensem.
520 3023 551 3032 -
564 2995 599 3060 (2)
611 2994 713 3046 Idcirco
727 2999 831 3063 emptor
849 2997 908 3063 cogi
921 2999 1011 3062 potest
1033 2995 1069 3050 ed

67 3056 166 3118 dandam
181 3065 373 3120 habitationem
386 3067 468 3132 Titio,
479 3066 522 3119 vel
536 3067 571 3118 ad
580 3067 768 3120 resolvendum
781 3072 959 3121 contractum.

95 3267 149 3326 611.
167 3269 297 3330 Alterum
314 3266 505 3330 substantiale
519 3271 733 3346 cujuscumque
746 3269 826 3347 pacti
840 3278 870 3333 et
895 3275 1067 3332 contractus

15 3355 19 3380 '
68 3357 104 3410 est
118 3370 163 3415 res
176 3361 226 3430 (1),
242 3375 308 3434 quae
324 3359 355 3417 in
372 3359 600 3420 conventionem
616 3359 783 3434 adducitur,
798 3378 924 3437 quaeque
937 3375 1067 3419 conveu-

68 3437 142 3523 tionis
154 3461 247 3522 capax
260 3463 327 3506 esse
348 3447 455 3521 debet,
471 3449 543 3508 alias
561 3457 692 3525 pactum,
713 3451 761 3509 vel
777 3456 948 3510 contractus
968 3448 1067 3508 subsi-

69 3531 134 3592 stere
144 3549 200 3594 non
212 3542 323 3614 posset.
340 3539 412 3596 Sunt
428 3537 561 3614 proiecto
576 3538 711 3614 quaedam
725 3555 784 3612 res,
800 3555 866 3613 quae
883 3535 1066 3611 absolutam
