2560 4080
574 211 736 270 ..ggq-

145 339 262 391 contum.
279 364 311 375 -
323 337 359 402 (t)
373 335 437 388 Gen.
452 334 572 389 Inducier
586 337 598 398 i
613 336 731 400 spetlum
746 349 768 388 c.
788 336 818 398 ³,
832 349 858 400 q.
873 337 896 398 3,
913 337 941 386 et
954 347 1015 399 cap.
1030 335 1102 406 ultrp
1113 338 1170 387 ter·

146 409 215 462 tium
228 408 263 460 de
285 409 377 459 testib.
396 409 500 458 Praeter
514 409 610 460 citetos
632 407 719 458 solent
742 407 771 457 in
783 407 894 471 jndiciis
913 407 962 457 olii
979 407 1088 456 termini
1099 408 1170 458 essi·
1234 401 1239 406 “

145 481 231 546 gnari,
245 483 277 530 ut
289 480 422 530 terminus
439 479 473 530 ed
484 479 657 546 opponendos
672 479 845 543 exceptiones
858 478 1007 539 dilatorias,
1025 483 1054 528 et
1069 492 1172 541 perem-

144 553 254 615 pluries.
278 550 341 615 Cep.
358 549 553 602 pertemere
574 554 678 614 except.
693 555 720 600 et
735 563 793 614 cop.
814 550 839 600 1.
854 549 886 600 de
911 549 951 598 lit.
968 553 1085 600 contest!
1100 550 1127 600 in
1141 551 1173 608 ὃς

145 622 277 674 terminus
291 621 326 672 ed
338 621 517 685 repulsandos
530 627 623 673 testes.
645 623 709 685 Cup.
726 617 796 673 Licet
810 621 844 672 de
860 621 965 686 probet.
983 626 1014 671 et
1024 634 1083 686 cap.
1100 619 1175 674 ticet

145 691 256 744 abactor
268 692 302 744 de
317 693 418 753 testib.;
432 692 565 742 terminus
581 692 614 742 ed
630 691 845 742 concludendum
859 694 888 741 in
905 704 994 754 censa,
1009 698 1038 742 et
1055 692 1091 742 ud
1107 692 1174 742 elle·

144 763 263 830 gendum
279 764 391 829 injure,
405 768 433 816 et
455 765 533 815 lucto.
547 790 579 801 -
595 764 631 834 (3)
645 763 697 813 Hic
710 764 842 816 terminus
860 769 972 814 vocetur
985 762 1065 813 etiem
1079 763 1184 813 termi·.

145 849 196 886 nus
206 836 289 899 juris,
309 835 356 900 qui
371 836 460 894 detur,
474 839 505 886 ut
523 833 608 900 judex
623 834 764 896 deliberet,
783 848 819 884 en
840 835 884 896 sit,
897 835 940 884 vel
953 848 1007 884 non
1021 834 1057 884 sit
1072 833 1174 885 admit-

145 905 226 958 tendo
239 907 396 973 appellatio.
412 911 439 958 et
453 905 550 972 incipit
568 919 678 958 currere
692 920 709 958 e
722 905 766 956 die
791 905 956 968 interposite
972 904 1173 969 appellationis.

145 977 316 1044 Pellegrinus
329 984 396 1043 pert.
412 978 436 1042 2,
451 984 515 1030 sect.
532 977 556 1035 3.
575 978 695 1028 subsect.
713 977 738 1042 2,
753 991 779 1028 n.
801 977 840 1036 89,
856 982 884 1028 et
896 979 965 1040 pert.
985 977 1009 1038 3,
1024 980 1090 1028 sect.
1107 977 1129 1037 l,
1144 990 1173 1026 n.

148 1047 201 1100 ¹03.
217 1077 249 1086 -
262 1050 298 1114 (l)
315 1049 378 1116 Cap.
393 1048 570 1116 Quereniide
585 1047 650 1099 offic.
667 1048 755 1114 deleg.
772 1051 798 1098 et
810 1063 869 1114 cap.
893 1047 984 1114 Quoad
998 1047 1174 1120 consultatio·

144 1132 207 1172 amn
220 1119 254 1170 de
269 1125 336 1172 sent.
353 1125 380 1171 et
390 1129 423 1172 ¹re
434 1120 494 1186 jud.
510 1119 550 1170 Ex
565 1133 647 1170 ceuse
664 1122 754 1171 temen
768 1119 930 1184 praedictum
943 1123 1050 1184 tempus
1064 1118 1174 1170 brevia·

146 1190 180 1255 ri,
200 1195 227 1243 et
246 1191 367 1256 elongari
380 1188 478 1257 potest.
504 1191 627 1255 inspectu
645 1191 775 1256 qualitate
796 1204 983 1254 personarum,
998 1193 1025 1241 et
1041 1190 1173 1248 locorum,

146 1262 218 1328 qnod
236 1261 295 1314 fleri
309 1275 417 1328 semper
431 1261 587 1316 debetcum
601 1275 691 1313 ceusee
701 1262 861 1326 cognitione.
877 1261 1047 1326 Pellegrinus
1063 1261 1115 1313 loc.
1127 1263 1173 1312 cit.

148 1347 175 1385 n.
191 1334 230 1386 33.
914 1340 920 1352 '

182 1514 245 1570 830.
265 1507 449 1585 Regulariter
463 1525 568 1568 omnes
582 1509 709 1581 termini,
731 1509 869 1574 etsinon
887 1508 1082 1584 exprimatur,
1104 1515 1175 1576 sunt

146 1598 340 1675 peremptorii
355 1601 407 1671 (l),
422 1604 452 1658 et
473 1598 576 1658 iisdem
598 1597 806 1672 pendentibus,
828 1598 917 1657 debet
930 1597 1040 1672 judicis
1051 1597 1176 1672 jurisdi-

146 1686 206 1746 ctio
230 1687 446 1763 conquiescere
467 1690 518 1757 (2).
544 1686 672 1746 Termini
693 1686 819 1762 proinde
835 1686 983 1761 ,assignati
1003 1686 1041 1745 ad
1063 1685 1175 1761 aliquid

146 1776 296 1852 agendum
310 1777 381 1836 illud
396 1775 567 1852 important,
575 1782 610 1836 ut
621 1784 705 1836 actus
715 1777 794 1859 intra
808 1776 1060 1856 termiuum'fiant.
1074 1781 1106 1834 ln
1117 1776 1177 1834 hoc

145 1873 246 1926 tamen
260 1865 348 1926 detur
361 1865 501 1941 exceptio
515 1866 551 1924 iu
562 1865 689 1926 termino
707 1865 879 1940 probatorio
895 1881 949 1940 per
963 1863 1176 1924 adductionem

148 1956 268 2026 testium
284 1973 291 2014 :
308 1971 378 2014 num
390 1961 481 2016 testes
495 1954 574 2014 intre
589 1955 706 2014 termini
720 1961 840 2030 tempus
854 1953 934 2012 citati
948 1960 978 2012 et
987 1953 1088 2029 jurati,
1100 1969 1174 2012 con-

148 2061 235 2104 cessa
252 2061 308 2122 per
319 2043 451 2120 judicem
466 2061 543 2104 nova
559 2044 643 2104 brevi
658 2041 809 2116 dilatione,
828 2048 1037 2118 possuntpost
1055 2042 1176 2128 expire-

146 2134 259 2194 tionem
285 2133 404 2192 termini
432 2133 531 2192 adbuc
555 2132 718 2220 examinari
743 2151 750 2190 :
777 2133 835 2191 hoc
860 2131 941 2191 enim
969 2147 1095 2190 examen
1119 2147 1175 2206 po-

147 2223 255 2282 sterius
288 2223 401 2282 iectum
421 2221 630 2282 retrotrahitur
653 2220 691 2281 ad
715 2227 833 2297 tempus
855 2220 1003 2280 citationis
1035 2225 1064 2280 et
1079 2220 1177 2296 ¹Jure-

45 2311 50 2325 “
149 2311 243 2372 menti
261 2315 313 2386 (3).

181 2455 215 2520 (l)
229 2455 278 2506 (lit.
294 2466 351 2520 rep.
365 2451 503 2506 Consuluit
520 2453 553 2506 dc
567 2453 635 2505 offic.
652 2453 740 2518 deleg.
755 2480 785 2490 -
799 2452 835 2517 (t)
856 2451 950 2504 Devoti
964 2451 982 2502 l.
998 2449 1023 2528 3η
1037 2456 1055 2502 t.
1073 2451 1110 2516 13,
1126 2450 1139 2516 ξ
1154 2453 1177 2502 5.

149 2552 181 2564 -
194 2526 231 2592 (3)
245 2525 416 2590 pellegrinus
429 2529 499 2593 part.
509 2526 538 2596 2,
554 2529 617 2576 sect.
630 2525 654 2584 2,
669 2526 787 2576 subsect.
800 2525 823 2584 3,
836 2537 863 2576 u.
873 2525 902 2576 9.

184 2707 247 2764 831.
267 2702 439 2778 Praecipuus
453 2700 628 2762 dilationum
643 2703 766 2762 effectus
780 2710 836 2775 cst,
851 2706 894 2775 ut,
907 2700 980 2776 ipsis
993 2693 1181 2780 perduranti·

148 2794 214 2864 bus,
227 2792 334 2868 judicis
352 2792 483 2854 officium
501 2791 702 2866 conquiescet,
719 2789 970 2866 quemadmodum
990 2807 1088 2866 nuper
1100 2790 1181 2850 dixi-

149 2897 232 2952 mus;
243 2881 295 2940 sed
310 2881 369 2968 hep
380 2879 524 2958 contingit
534 2879 565 2939 in
577 2881 667 2952 feriis,
683 2897 749 2956 quae
764 2880 931 2952 dilationes
942 2885 972 2938 et
984 2879 1180 2954 exceptiones

151 2969 304 3028 dilatoriae
318 2975 545 3044 repraesentant.
563 2970 700 3028 Proiecto
719 2969 858 3028 feriarum
872 2969 993 3028 nomine
1007 2969 1055 3027 hic
1068 2968 1180 3028 intelli·

149 3063 259 3134 guntur
272 3056 336 3116 'dies
350 3058 388 3115 ab
403 3057 520 3117 actibus
533 3058 683 3117 ferialibus
698 3057 794 3130 vacui,
811 3057 918 3134 quibus
929 3058 1013 3116 nefas
1025 3066 1070 3116 est
1085 3073 1182 3132 nego-

149 3147 189 3207 tiu
202 3145 333 3205 forensia
346 3152 474 3205 tractare
484 3149 535 3218 (l).
552 3145 643 3206 Feriae
658 3146 842 3205 dividuntor:
859 3149 888 3204 in
900 3146 1044 3204 solemnes
1059 3145 1121 3204 sive
1135 3163 1181 3204 or·

153 3236 298 3307 dinarius,
314 3251 381 3310 quae
393 3251 432 3294 ex
446 3234 520 3310 legis
533 3234 709 3310 praescripto
723 3235 806 3294 stetis
821 3233 1005 3303 temporibus
1018 3235 1181 3310 quotannis

151 3330 336 3396 occurrunt3
352 3329 381 3382 et
396 3324 654 3383 entraordinariis
670 3325 731 3382 sive
748 3324 927 3400 repentinos,
944 3340 1010 3398 quae
1025 3325 1064 3382 ob
1079 3329 1181 3382 extru-

151 3412 331 3472 ordiuariam
350 3427 482 3484 causam,
495 3412 587 3472 veluti
602 3413 641 3471 oh
656 3413 836 3490 singularem
850 3412 974 3488 gratiam
989 3431 1007 3471 a
1021 3417 1083 3472 lieo
1107 3429 1179 3478 con:

151 3514 277 3571 cessam,
302 3501 341 3558 ob
360 3505 476 3574 purtem
497 3497 644 3574 insignem
667 3501 833 3574 victoriam,
854 3501 894 3560 ob
914 3501 1109 3572 nativitatem,
1132 3489 1206 3561 vel'

151 3585 374 3648 matrimonium
395 3585 552 3661 Principis,
575 3589 682 3650 veleb
704 3589 793 3653 aliem
822 3589 949 3659 cunilam
969 3589 1119 3658 rationem
1140 3591 1179 3652 de
