2560 4080
569 171 674 230 -t'lt
693 200 725 213 -

178 297 243 354 aas.
263 297 369 354 Forma
391 291 499 354 deinde
514 297 640 354 externa
662 293 816 354 sententiae
835 293 994 354 detlnitirae
1012 293 1164 354 ordinariae

143 380 174 441 in
187 381 246 441 boc
259 379 404 454 consistit,
417 381 498 458 qnod
512 383 680 458 proferatur
690 382 720 442 in
735 382 863 460 scriptis
877 383 992 459 abipso
1003 383 1107 458 judice
1117 388 1164 458 (1),

143 487 200 548 pro
213 469 352 530 tribunali
366 470 490 532 sedente
504 475 555 546 (2),
567 471 597 530 in
611 473 680 533 loco
694 472 826 548 publico,
839 472 892 532 ubi
905 473 981 532 solet
992 473 1043 548 jus
1057 472 1173 547 dicere,-

143 559 263 620 dienen
277 559 392 633 feriato,
409 577 467 620 nec
479 560 517 620 de
531 567 631 621 nocte.
645 561 785 621 Absolute
799 578 862 621 non
875 561 1046 638 requiritur,
1062 567 1097 620 ut
1110 567 1170 622 tota

145 648 257 724 scripta
270 648 309 708 sit
321 649 360 708 ab
375 649 440 726 ipso
452 649 562 726 judice,
581 650 635 710 sed
649 651 759 711 sufficit
773 651 799 710 si
813 652 852 712 sit
868 668 959 711 manu
974 650 1085 728 judicis
1099 668 1171 728 pro-

143 736 208 813 pria
221 738 394 814 subsignata
407 742 458 812 (3).
471 737 541 798 lliae
553 757 673 816 quoque
686 756 726 799 ex
740 741 862 815 antiqua
876 739 962 816 praxi
974 741 1172 815 requireban-

143 831 192 884 tur
205 826 416 898 solemnitates,
429 832 464 886 ut
477 833 540 887 erat
555 827 682 888 duorum
697 828 817 888 testium
831 828 1008 904 praesentia;
1023 829 1079 888 sed
1092 844 1173 890 nnnc

142 913 252 975 sufficit
264 915 394 992 propria
407 915 498 976 curiae
512 917 625 993 stylum
639 917 824 1002 observare(
843 921 866 987 ).

178 1083 213 1148 (l)
226 1082 314 1134 lodex
336 1081 495 1134 sententiam
509 1081 650 1145 proterens
669 1095 729 1134 eam
747 1081 827 1146 legit3
847 1081 896 1134 sed
913 1080 1038 1148 Episcopi
1054 1085 1168 1148 propter

142 1156 281 1224 dignitatis
295 1153 500 1220 praerogativcm
511 1157 626 1219 possunt
636 1154 798 1206 sententiam
811 1155 927 1205 recitare
937 1167 986 1219 per
996 1154 1092 1206 elium.
1104 1155 1170 1222 Cep.

27 1287 31 1294 ,
142 1231 166 1290 5,
181 1229 216 1280 de
229 1229 297 1278 sent.
312 1225 341 1274 in
354 1224 378 1274 6.
397 1251 422 1260 -
438 1224 471 1286 (1)
486 1223 576 1276 Judax
592 1225 620 1276 in
635 1225 796 1290 proterenda
810 1227 944 1276 sententis
957 1239 1010 1276 non
1026 1231 1113 1288 storo,
1123 1226 1171 1277 sed
1263 1283 1264 1288 1

142 1300 237 1354 sedero
251 1296 340 1360 debet,
355 1295 427 1360 quod
440 1309 457 1346 s
473 1295 536 1360 jure
555 1295 695 1348 inductum
710 1302 760 1358 est,
774 1301 831 1347 tum
849 1300 880 1347 ut
903 1310 980 1348 sunm
1002 1297 1170 1350 demonstret

142 1369 338 1426 auctoritatem,
348 1371 406 1418 tum
419 1369 450 1417 ut
466 1365 573 1425 molius,
587 1367 741 1432 quiescente
754 1381 875 1434 corpore,
891 1367 920 1417 in
937 1369 1031 1428 verbs,
1048 1371 1076 1418 et
1090 1369 1169 1433 spiri·

144 1447 202 1494 tum
216 1439 356 1492 sententiae
367 1439 487 1489 animum
500 1437 632 1489 intendat.
647 1439 726 1490 Unde
740 1453 773 1490 ex
784 1441 846 1504 Jurc
861 1440 988 1491 canonico
1003 1440 1169 1491 sententies
1263 1481 1264 1484 ,

141 1526 196 1566 non
209 1511 319 1562 sedente
330 1510 435 1577 prolate
448 1523 502 1562 non
515 1509 668 1560 attenditur.
678 1509 728 1561 Git.
743 1523 800 1576 cap.
815 1511 839 1560 5.
854 1510 887 1561 de
902 1515 970 1562 sent.
985 1511 1012 1560 in
1025 1511 1058 1569 6,
1073 1515 1101 1561 et
1112 1511 1170 1562 idco

141 1583 294 1636 introducta
307 1585 348 1633 cst
358 1580 474 1632 tormulc
489 1581 588 1633 :Nos...
605 1593 654 1647 pro
668 1580 800 1634 tribttnali
813 1579 940 1646 sedentes,
955 1585 1040 1634 etc-
1051 1583 1086 1647 (3)
1098 1583 1167 1634 Scri·-

122 1654 125 1659 ’
141 1660 222 1720 ptura
232 1653 388 1719 requiritur,
396 1657 425 1702 ut
436 1655 565 1717 perpetuo
575 1656 674 1717 pateat,
686 1657 713 1703 et
722 1652 758 1703 sit
769 1655 852 1711 certa,
862 1667 894 1704 ac
906 1653 1096 1704 immutabilis,
1104 1654 1166 1705 Can.

141 1725 166 1789 7,
180 1740 204 1778 c.
217 1727 242 1788 2,
257 1739 283 1790 q.
299 1722 321 1786 l,
332 1726 358 1774 ct
372 1723 418 1775 cit.
427 1738 487 1790 esp.
498 1725 522 1776 a.
536 1724 608 1789 -(l)
618 1725 687 1776 Ante
700 1723 759 1774 baec
768 1723 896 1775 novitatis
906 1730 1029 1788 tempora
1038 1724 1162 1776 inomni-

140 1797 193 1850 bus
210 1797 266 1848 lare
280 1794 368 1846 Curiis
383 1794 574 1846 ecclesiasticis
584 1794 863 1846 sententiafercbatur
875 1809 966 1847 coram
975 1796 1083 1848 duobus
1095 1795 1169 1848 testi·
1263 1849 1264 1856 ,

142 1867 205 1932 bus,
219 1865 347 1918 idiomate
360 1865 455 1929 latino,
470 1865 499 1916 in
512 1865 607 1918 cedula
617 1865 714 1926 danda,
725 1869 804 1932 prout
819 1879 902 1932 supra
915 1867 1079 1920 notavimus.

176 2061 308 2122 8511111
330 2059 484 2121 sententie
502 2061 626 2120 effectus
645 2065 701 2134 est,
721 2065 754 2120 ut
776 2064 909 2120 transeat
927 2060 959 2121 in
973 2075 1040 2121 rem
1054 2061 1170 2136 jndice·
1263 2057 1264 2066 ’

141 2157 212 2224 tam,
228 2149 344 2210 siintra
357 2150 462 2210 decem
475 2148 540 2210 dies
561 2149 599 2208 ah
617 2149 847 2225 coappellatum
865 2166 926 2208 non
941 2150 979 2209 sit
996 2169 1003 2208 :
1018 2167 1090 2210 narn
1105 2155 1173 2226 post

140 2239 230 2316 hujus
252 2239 395 2315 temporis
416 2239 544 2314 lapsum,
558 2236 610 2298 ubi
629 2243 730 2314 portes
746 2237 784 2298 ed
797 2238 962 2312 legitimum
985 2237 1172 2314 superiorem

140 2345 201 2389 non
212 2326 436 2405 appellaverint,
450 2333 672 2404 presumuntur
692 2325 869 2388 sententiam
892 2327 1031 2402 probare,
1057 2327 1173 2404 sibique
1263 2337 1264 2340 ’

140 2415 345 2496 appellationis
358 2415 438 2477 viam
450 2415 639 2492 praecludunt
655 2418 707 2488 (1).
732 2415 790 2476 Sed
803 2415 835 2476 hi
848 2416 955 2476 decem
971 2415 1036 2476 dies
1055 2433 1096 2476 ex
1106 2417 1173 2492 iure

141 2506 287 2567 canonico
300 2505 445 2584 incipiunt
458 2505 621 2566 decurrere
636 2522 655 2564 a
668 2504 726 2579 die,
738 2522 797 2582 qua
811 2505 957 2565 sententia
973 2505 1174 2581 pronunciata

139 2595 203 2669 fuit,
220 2594 361 2656 scoram
375 2594 508 2670 pertibus
532 2594 621 2656 larerit
639 2595 725 2669 lecta,
741 2592 953 2670 etpublioata3
969 2600 1005 2653 et
1030 2595 1057 2654 si
1064 2601 1174 2671 partes

140 2683 199 2744 sint
212 2684 350 2744 absentes
364 2682 439 2744 adia
452 2681 663 2744 notificationis
677 2683 832 2744 sententiae
845 2687 897 2756 (1).
912 2683 1009 2744 ludex
1021 2683 1084 2744 hoc
1097 2690 1173 2744 tem·

140 2789 215 2848 pore
231 2772 337 2832 decem
350 2772 465 2833 dierum
479 2772 517 2831 ad
535 2770 915 2850 appellandumfconcesso
942 2788 1031 2832 suom
1051 2779 1174 2834 sentcn-
1263 2781 1264 2836 t

141 2861 213 2921 tiam
221 2860 405 2922 definitivam
417 2860 518 2936 nequit
527 2877 688 2933 revocare3
701 2866 801 2936 potest
812 2865 912 2920 tamen
924 2876 992 2921 eam
1004 2859 1173 2936 declarare,
1263 2863 1264 2912 ἲ

141 2947 166 3009 si
180 2965 247 3024 quae
262 2948 321 3008 sint
334 2950 425 3010 verba
437 2949 575 3023 obscura,
594 2954 645 3010 eut
657 2949 806 3026 ambigua,
821 2949 961 3010 modoad
974 2950 1056 3009 hunc
1070 2957 1173 3012 actum
1263 2989 1264 3010 l

141 3037 200 3098 sint
215 3037 296 3098 citati
316 3039 404 3098 ambo
421 3037 581 3116 litigantes,
604 3043 634 3098 et
652 3037 725 3098 nibil
749 3037 829 3099 alind
857 3037 1011 3098 sententiae
1034 3039 1173 3112 addatur,

140 3125 190 3188 vel
203 3127 398 3199 detrahatur(
418 3131 440 3200 ).

173 3283 208 3348 (1)
224 3283 288 3349 (lep.
305 3283 342 3340 15,
357 3282 390 3334 ds
401 3286 468 3336 sent.
484 3285 511 3335 et
524 3297 554 3335 re
565 3283 651 3350 Judlc.
665 3310 696 3322 -
710 3283 745 3349 (t)
758 3282 842 3335 Juxta
862 3297 926 3336 vero
951 3283 1092 3350 antiquam
1109 3299 1174 3352 pra·
1263 3335 1264 3340 ,

141 3353 198 3404 xlm
211 3353 408 3418 pronunciandi
423 3355 451 3403 in
465 3353 562 3406 cedula
575 3355 675 3418 dendo,
686 3355 728 3406 vel
743 3360 921 3420 proservato,
933 3354 1176 3422 bidlesincipiunt
1263 3359 1264 3368 ³

142 3435 251 3474 currere
265 3438 281 3474 a
295 3424 338 3474 dte
352 3423 434 3488 hujus
448 3427 690 3489 pronunciationis,
706 3425 834 3491 quiahoc
850 3425 894 3478 die
909 3427 1019 3491 fingitur
1039 3429 1175 3480 sententia

142 3490 205 3551 leta,
235 3493 297 3544 licet
322 3493 406 3557 judex
435 3494 469 3544 ob
499 3493 551 3546 hac
579 3498 805 3560 pronunciatione
829 3497 930 3550 habeat
954 3498 1042 3550 adhuc
1063 3500 1176 3565 triginta

142 3557 200 3608 dies
216 3559 249 3611 ad
264 3563 387 3614 cedulam
407 3563 533 3628 dandam,
550 3570 577 3616 et
594 3567 689 3620 decom
705 3568 739 3620 ad
761 3567 939 3634 aperiendum
962 3569 1111 3622 torminum
1124 3584 1173 3636 pro
