2494 4062
584 164 727 222 ..10-

146 287 199 340 444
215 287 243 340 S.
258 286 339 352 cong.
354 285 382 338 S.
393 285 480 340 044444
492 285 602 339 definita
614 287 733 340 luerunt.
748 313 778 326 -
791 286 828 352 (i)
841 285 1017 351 Despicit.
1035 286 1109 346 7,·4.
1124 287 1143 338 5
1162 291 1198 342 et

147 359 176 410 S.
190 358 223 410 da
236 357 342 422 Ligerio
357 356 374 408 l.
391 359 416 421 6,
437 371 465 409 n.
487 357 527 409 441
553 362 578 410 44
591 372 664 425 seqq.
688 385 719 396 -
741 358 776 423 (³)
791 357 850 408 Bul.
864 355 978 410 0444444
990 356 1116 423 Eugenii
1132 357 1192 412 IV.

146 429 233 480 Immo
255 441 289 480 ax
312 427 468 480 delinitione
495 427 615 494 plurium
640 429 807 494 synodorum
832 429 1048 480 dioeeesanarum
1076 429 1193 482 infanti

143 500 295 565 baptismus
308 498 379 550 intra
391 501 449 550 octo
462 500 627 551 anatiritate
637 499 695 552 4444
708 499 886 552 conterendus
898 502 948 550 444.
963 499 990 550 Si
999 511 1065 550 vero
1082 499 1191 552 inians

144 571 172 622 in
186 571 293 636 publico
307 569 433 636 hospitali
446 571 585 635 expositus
600 571 644 628 sit,
659 570 747 622 adhuc
764 570 895 636 baptizari
910 569 1057 622 44444444
1075 571 1187 623 condi-

143 643 226 706 tione,
241 641 304 694 licet
317 641 417 692 habeat
432 641 502 694 collo
515 654 663 708 appensam
677 640 842 700 schedulam,
857 655 912 707 qua
925 640 1093 704 declaretur,
1113 655 1187 694 cum

142 713 227 776 ¹fuisse
240 712 414 778 baptizatum,
427 713 480 764 4444
496 712 624 764 schedula
637 712 824 764 certitudinem
837 712 944 770 444444,
957 715 988 762 44
1001 711 1111 778 pluries
1128 711 1183 763 de-

73 845 79 858 ·
144 783 308 836 claravitS.
331 783 507 848 congregatio
528 783 642 834 concilii.
659 782 786 834 Giraldus
804 782 838 832 ad
861 797 919 850 cap.
934 783 958 844 a,
973 782 1007 833 44
1020 783 1129 848 baptis.
1148 809 1183 820 -

143 857 155 917 (
153 854 258 919 4)(744.
274 855 312 918 44,
334 866 356 904 c.
375 854 413 916 l8,
428 867 454 918 q.
471 853 526 904 444
541 853 701 905 Bened1ctus
713 853 799 905 xlv
792 867 820 903 rn
834 853 892 904 bul
915 851 1051 905 Postremo
1072 864 1180 904 maresc.
1192 895 1204 910 ,

146 925 206 977 Hoc
219 939 287 977 onus
301 891 481 990 separationis
493 924 624 990 baptizati
638 937 654 976 4
668 924 827 990 4444444444
840 923 995 976 4444444444
1008 923 1077 976 4444
1091 937 1183 989 grave

144 1000 195 1056 est,
209 1000 240 1048 ut
250 1010 337 1063 neque
348 995 478 1062 baptizari
492 996 577 1060 possit
589 996 660 1047 filius
675 995 709 1048 ab
723 995 879 1047 infidelibus
899 997 996 1061 sponte
1009 995 1134 1058 oblatus,
1153 994 1181 1046 si

143 1072 205 1134 post
213 1067 378 1133 baptismum
393 1068 421 1118 in
435 1081 529 1119 eorum
539 1069 666 1132 potestate
679 1067 872 1132 relinquendus
884 1066 928 1129 sit,
943 1066 971 1116 S.
984 1065 1120 1130 Congreg.
1137 1066 1181 1116 444

146 1147 267 1200 definivit
281 1161 323 1199 an.
341 1147 410 1198 4777.
427 1145 504 1199 Unde
519 1147 585 1198 Pius
598 1146 636 1197 VI
651 1146 694 1198 dia
707 1146 738 1197 tl
757 1146 808 1210 444.
826 1147 894 1204 4785,
908 1145 1073 1196 4444444444
1087 1159 1177 1210 gene-

146 1218 231 1270 ralem
246 1217 377 1283 regulam,
392 1231 447 1268 non
460 1231 519 1269 esse
532 1217 696 1282 baptismum
708 1217 771 1268 tiliis
788 1216 935 1268 infidelium
948 1216 1176 1276 ministrandum,

121 1283 126 1290 ’
145 1289 198 1342 4444
213 1289 284 1340 adsit
296 1288 373 1355 qnasi
392 1288 503 1340 moralis
515 1287 656 1347 certitudo,
673 1288 722 1339 hos
736 1287 804 1339 44444
817 1289 846 1338 44
860 1287 998 1352 Religione
1015 1287 1177 1338 Christiana

145 1360 272 1412 victuros.
288 1387 316 1398 -
331 1359 366 1424 (5)
380 1359 433 1410 Sed
448 1359 498 1410 hoc
512 1373 577 1410 casu
590 1357 741 1424 periculum
761 1358 842 1410 debet
855 1371 915 1410 assa
932 1357 1047 1417 4444444,
1064 1361 1093 1410 44
1105 1371 1174 1424 per·

145 1431 255 1490 sonale;
270 1431 342 1482 unde
352 1429 504 1495 baptismus
519 1443 573 1480 non
586 1433 674 1496 potest
690 1429 838 1480 ministrari
853 1429 1002 1480 insentibus
1017 1428 1172 1496 probabili-

145 1505 187 1554 ter
208 1502 346 1552 morituris
361 1505 480 1564 tempore
494 1501 644 1566 grassantis
659 1501 752 1565 pestis,
767 1499 811 1551 vel
833 1501 983 1566 epidemiae.
999 1501 1063 1552 dum
1079 1499 1172 1552 adhuc

145 1571 204 1624 sani
219 1576 291 1634 sunt.
304 1572 353 1623 eit.
366 1571 448 1623 decis.
464 1571 491 1621 S.
507 1571 587 1634 Gong.
603 1597 633 1610 -
647 1571 683 1636 (6)
699 1571 727 1622 S.
739 1571 821 1636 (long.
833 1571 860 1622 S.
876 1571 953 1624 offic.
968 1572 1009 1636 47,
1019 1571 1085 1622 Feb.
1097 1570 1169 1622 4674.

146 1643 199 1696 Sed
212 1643 305 1698 444444
320 1643 346 1694 S.
361 1643 536 1708 congregatio
550 1646 680 1706 majorem
694 1643 811 1707 rigorem
820 1643 910 1694 attulit
923 1643 951 1694 in
964 1643 1017 1694 4444
1031 1643 1171 1694 decisione

146 1715 178 1766 44
188 1715 239 1780 jul.
257 1714 323 1772 4840,
347 1713 375 1764 44
392 1727 445 1779 444
458 1713 590 1779 permisit,
605 1712 750 1765 4444444444
766 1713 845 1778 tilios,
862 1714 1019 1780 parentibus
1032 1712 1169 1764 afferenti·

145 1786 208 1844 444,
220 1785 350 1852 baptizari
364 1784 395 1838 in
407 1797 479 1847 4444,
493 1784 524 1836 44
533 1797 584 1850 444
602 1784 663 1837 atta
672 1783 820 1849 periculum
835 1784 978 1838 imminere
991 1783 1126 1839 44444444.
1136 1811 1168 1822 -

145 1857 182 1924 (7)
197 1855 358 1908 Benedictus
370 1855 437 1908 XIV
451 1857 480 1906 in
493 1856 537 1908 cit.
553 1855 609 1907 bul.
628 1859 655 1908 et
668 1855 697 1906 in
710 1855 763 1907 alia
772 1856 853 1922 incip.
867 1855 948 1908 Probe
964 1858 997 1909 tc.

181 2037 243 2093 343.
263 2037 335 2093 drnn
349 2033 441 2093 semel
453 2030 592 2108 baptizati
612 2036 760 2108 nequeant
780 2031 907 2109 amplius
924 2031 1075 2108 baptizari,
1098 2031 1165 2108 quia

145 2120 310 2197 baptismus
324 2120 466 2197 imprimit
481 2120 694 2193 characterem,
711 2120 804 2196 quaeri
817 2138 857 2196 po
858 2127 926 2196 t‚ast
942 2121 1013 2198 quid
1026 2120 1063 2180 sit
1074 2136 1163 2196 agen·

145 2208 238 2270 dnm
230 2227 261 2269 rn
282 2209 372 2269 dubio
387 2208 466 2268 circa
482 2207 679 2296 collationem,
692 2217 722 2267 et
732 2208 914 2269 validitatem
936 2207 1095 2286 baptismi?
1107 2214 1163 2268 Re·

145 2283 517 2375 spondemus3s1dubium
530 2297 661 2372 prudens
677 2303 708 2357 et
724 2297 898 2359 rationabile
913 2297 959 2372 sit,
974 2297 1015 2358 ita
1028 2303 1070 2371 44,
1084 2313 1162 2356 sum·

146 2403 195 2448 ma
204 2387 335 2448 adhibita
347 2385 508 2462 diligentia,
523 2403 629 2462 parum
647 2386 684 2446 44
697 2386 845 2462 baptismi
849 2386 944 2447 444444Ι
925 2395 1016 2461 tione,
1031 2393 1079 2446 aut
1091 2385 1160 2445 vali·

147 2474 238 2536 ditate
259 2481 386 2548 constet,
400 2474 566 2551 baptismus
586 2483 632 2535 est
651 2475 759 2535 iterum
776 2477 975 2536 conferendus
994 2476 1049 2536 sub
1063 2475 1159 2536 44444-

148 2563 246 2623 tione:
262 2561 296 2624 Si
308 2563 473 2640 baptizatus
488 2580 527 2637 44,
542 2580 604 2622 non
619 2573 645 2624 tc
659 2563 789 2639 baptiza·
803 2565 830 2623 st
847 2565 982 2624 condunt
1001 2565 1158 2640 4444444444

147 2667 186 2722 44,
202 2652 261 2727 444
277 2659 303 2712 44
324 2652 437 2728 baptizo
458 2653 491 2711 t‘n
510 2652 630 2712 aomina
650 2653 750 2712 Putris
765 2657 816 2726 tl),
832 2659 891 2714 eto.
906 2658 1001 2725 Quare
1013 2651 1063 2712 uhi
1076 2652 1159 2712 dubia

146 2739 278 2799 adhibita
291 2739 475 2814 cimeteria,
487 2745 538 2799 aut
550 2740 656 2815 forma,
671 2747 722 2800 aut
732 2739 865 2814 intentio,
876 2740 1041 2816 baptismus
1052 2745 1094 2800 est
1106 2740 1157 2800 sub

143 2827 314 2889 conditione
325 2828 468 2903 praedicta
478 2828 679 2904 repetendus:
696 2844 793 2904 neque
807 2836 966 2905 propterea
980 2827 1155 2904 rebaptizans

146 2916 245 2993 aliqua
257 2916 364 2992 ligatur
384 2917 609 2992 irregularitate,
623 2924 674 2977 aut
686 2918 805 2976 macula
822 2919 936 2992 peccati
954 2924 1079 2990 notatur,
1092 2931 1154 2976 cum

145 3005 265 3066 hicnon
278 3005 454 3066 interveniat
465 3005 616 3066 temeritas
629 3005 879 3083 praesumptionis
894 3006 944 3066 ubi
958 3013 1005 3067 est
1018 3005 1153 3082 diligentia

147 3094 274 3170 pietatis,
288 3101 322 3154 ut
346 3093 386 3154 ait
407 3093 549 3154 Pontifex.
565 3094 657 3155 Debet
679 3093 791 3155 idcirco
808 3095 959 3155 Parochns
976 3095 1014 3154 ab
1029 3093 1151 3155 omnibus

144 3182 175 3244 in
189 3183 366 3244 necessitate
379 3181 594 3258 baptizantibus
608 3182 829 3259 diligentissime
843 3183 1011 3260 exquirere,
1021 3200 1058 3242 44
1070 3182 1097 3242 in
1107 3201 1152 3243 ca-

146 3288 181 3331 44
195 3271 328 3349 practico
343 3269 441 3332 debita
454 3270 587 3346 materia,
602 3272 708 3346 torma,
723 3277 753 3331 et
766 3271 890 3332 intentio
902 3271 1031 3332 adhibita
1040 3269 1089 3331 sit:
1103 3269 1149 3329 de-

145 3359 197 3420 444
210 3360 274 3420 haec
286 3359 351 3436 ipsa
365 3360 476 3421 scutari
487 3360 651 3438 Episcopus
664 3361 702 3420 ab
716 3360 781 3433 illis,
798 3359 849 3436 qui
862 3359 995 3419 acastris
1009 3358 1148 3419 haeretico-

146 3465 214 3510 rum
226 3443 349 3510 veniunt
361 3451 399 3511 ad
413 3450 556 3512 unitatem
570 3450 707 3512 Ecclesiae
722 3449 893 3534 catholicae:
912 3447 1021 3508 namsi
1036 3447 1065 3508 in
1075 3451 1146 3506 utro-

147 3555 205 3614 que
220 3555 293 3600 casu
313 3545 429 3626 certunt
443 3539 490 3615 sit,
507 3538 685 3617 baptismum
704 3537 801 3600 valide
823 3537 964 3614 collatino
982 3536 1077 3619 tuisse,
1092 3551 1143 3596 non
