2432 4078
482 199 638 258 -313-

91 319 123 384 (l)
142 319 261 371 Societas
286 317 375 372 differt
394 333 411 372 a
433 323 618 374 communione
641 321 794 384 bonorum
816 335 878 374 narn
901 323 1015 376 societas
1037 328 1079 377 ast

67 394 217 450 contractus,
227 396 254 442 et
268 393 419 444 communio
432 394 564 445 bonorum
574 394 651 458 quasi
663 396 823 446 contractus.
839 395 954 460 Insuper
962 395 1077 448 societas

65 461 89 512 lt
100 475 238 526 consensu,
253 465 279 514 at
297 463 325 514 in
347 464 561 516 communionem
581 464 713 517 honorum
728 465 789 530 quis
805 465 902 528 incidit
916 465 996 516 etiam
1009 467 1076 518 invi·

66 535 145 592 luant
160 533 185 585 si
199 547 283 584 unum
297 534 489 599 patrimonium
502 535 626 600 pluribus
639 535 806 601 relinquatur
818 535 982 588 haeredibus.

92 737 150 794 637.
170 739 204 794 ln
217 734 277 796 hoc
290 740 445 796 contractu
459 735 530 796 illud
544 737 673 813 speciale
693 743 748 809 est,
771 737 852 814 quod
874 737 1001 800 societas
1015 738 1076 798 dis·

63 823 177 882 solvitur
188 830 284 884 morie
297 823 467 884 alterutrius
480 842 519 885 ex
532 825 638 901 sociis,
655 827 781 888 societas
796 827 876 887 enim
890 827 929 886 ad
941 827 1077 888 haeredes

62 928 114 970 non
126 912 246 985 transit3
260 920 290 974 at
304 913 385 990 quod
402 911 496 990 possit
510 914 630 976 dissolvi
643 922 747 974 mutuo
761 915 908 990 dissensu,
922 915 991 976 licet
1000 916 1077 992 jure

59 999 178 1074 jurando
192 1001 280 1062 luerit
293 1003 469 1062 confirmata
489 1007 538 1074 (t).
563 1009 607 1064 an
630 1020 703 1063 vero
726 1004 821 1080 possit
835 1003 956 1064 dissolvi
969 1005 1076 1064 voluu-

61 1093 113 1148 late
125 1087 224 1162 unius,
239 1092 296 1151 alio
311 1093 360 1152 vel
387 1090 455 1150 aliis¹
464 1091 574 1165 invitis,
589 1093 656 1152 duee
671 1099 742 1153 sunt
755 1093 917 1153 sententiae.
939 1093 993 1164 Qui
1006 1093 1076 1155 scri·

60 1175 125 1237 hunt
147 1179 185 1238 aid
209 1179 341 1240 tramites
357 1181 432 1256 juria
454 1179 577 1240 Romani
601 1181 720 1254 docent,
747 1199 836 1259 posse
851 1181 973 1242 dissolvi
986 1180 1075 1242 etiam

60 1267 204 1328 voluntate
217 1269 315 1343 unius,
328 1268 510 1343 eliminatis,
526 1270 581 1330 etsi
600 1286 742 1346 expresse
754 1271 792 1330 ab
806 1270 889 1330 initio
902 1271 986 1332 aliter
1000 1286 1073 1330 con-

60 1361 173 1414 ventum
185 1357 284 1432 luerit,
299 1358 369 1434 quia
382 1375 470 1431 nemo
486 1357 602 1434 cogitur
612 1375 734 1419 manere
747 1359 778 1417 in
792 1358 944 1433 societate,
957 1376 1024 1434 quae
1036 1358 1075 1418 di·

60 1441 127 1502 citur
139 1443 356 1506 dlacordiaru'm
369 1461 473 1520 mater,
499 1447 589 1508 modo
612 1453 712 1507 tamen
733 1447 764 1508 id
789 1455 893 1508 contre
906 1449 1072 1522 absentem,

59 1538 104 1590 aut
114 1531 330 1609 intempestive,
346 1542 397 1596 aut
409 1537 611 1597 fraudulenter
620 1553 681 1597 non
695 1537 748 1608 fiat
757 1540 808 1609 (Ξ).
824 1537 880 1596 Sed
893 1542 922 1598 S.
937 1543 979 1598 De
994 1537 1075 1613 Ligo

58 1619 98 1679 n'o
109 1621 205 1695 docet,
222 1623 396 1684 societatem
409 1626 450 1686 ita
463 1643 525 1686 non
539 1642 630 1701 posse
643 1625 775 1700 dissolvi,
790 1625 847 1686 nisi
861 1626 891 1685 id
902 1626 954 1686 ssat
967 1626 1005 1685 ad
1019 1626 1074 1685 bo-

58 1723 123 1768 num
135 1711 298 1786 publicum,
312 1714 359 1773 vel
379 1714 456 1774 absit
479 1731 549 1791 spes
569 1713 723 1776 obtinendi
742 1714 892 1776 societatis
905 1716 1006 1788 finem,
1025 1715 1074 1775 vel

57 1797 124 1858 alter
144 1815 207 1860 non
225 1807 324 1862 servet
346 1809 442 1878 pacta,
467 1809 519 1864 aut
540 1821 631 1880 grave
651 1804 794 1864 damnum
809 1799 944 1866 societati
957 1805 1072 1879 efferat,

58 1885 119 1960 quia
133 1904 221 1948 secus
234 1907 251 1948 a
267 1890 409 1952 societate
422 1890 578 1953 discedens
595 1893 633 1952 ad
646 1892 791 1955 interesse
804 1911 876 1971 erge
887 1893 960 1956 alios
974 1892 1074 1954 socios

58 1978 202 2037 teneratur
217 1981 268 2051 (3).

83 2141 189 2208 (ildep.
201 2144 226 2195 2.
237 2143 271 2196 de
285 2144 404 2210 sponsal.
425 2173 456 2185 ·-
468 2145 503 2212 (2)
522 2144 659 2212 Zallinger
671 2145 706 2198 ad
720 2146 768 2198 lib.
784 2145 807 2198 3.
824 2147 930 2200 Deerat.
942 2147 955 2212 ξ
965 2146 1021 2199 213.
1036 2171 1068 2186 -

56 2211 87 2278 (3)
99 2213 136 2266 De
151 2218 279 2270 contract.
294 2230 322 2269 n.
339 2217 393 2270 907.

86 2429 145 2487 638.
166 2428 290 2500 Quintus
298 2429 419 2489 demum
430 2434 602 2490 contractus
613 2427 817 2488 consensualis
827 2432 873 2488 est
884 2427 1070 2503 mandatum,

57 2515 129 2588 quod
144 2516 295 2592 definitur,
314 2525 481 2578 corctroctas
500 2517 711 2588 consecretalis,
735 2534 791 2593 qao
811 2517 960 2593 capotium
980 2517 1069 2578 hone-

55 2609 128 2664 stom
141 2605 177 2665 ab
191 2605 251 2666 alio
273 2623 309 2667 erc
329 2607 439 2682 fiducia
458 2607 649 2668 commemora
669 2607 762 2682 protis
782 2605 1067 2677 administrandum,

55 2695 261 2770 parendumque
274 2696 435 2771 suscipitur
457 2701 510 2769 (t).
532 2695 660 2755 Dicimus
673 2695 825 2775 capotium
838 2698 890 2768 (i),
905 2695 943 2754 ad
958 2693 1069 2770 signifi-

55 2783 176 2842 candum
198 2783 247 2843 hio
268 2800 329 2843 non
350 2784 397 2860 agi
418 2785 457 2844 de
479 2784 619 2843 mandato
633 2783 671 2843 ad
685 2782 760 2857 lites,
776 2785 823 2842 vel
844 2781 1069 2859 adjecticiam

55 2884 107 2943 quo
129 2872 205 2932 inira
227 2872 392 2948 specialiter
415 2878 587 2932 tractamus.
611 2875 643 2932 ln
665 2871 767 2943 multis
788 2871 868 2932 enim
891 2869 1070 2932 conveniunt

55 2960 220 3021 mandatum
233 2960 272 3020 ad
290 2961 452 3038 negotium,
469 2966 499 3021 et
516 2960 690 3021 mandatum
710 2961 748 3020 ad
767 2960 930 3036 judicium3
951 2961 1005 3021 sed
1025 2966 1071 3021 est

52 3044 186 3117 judicium
209 3049 362 3126 negotium
384 3049 522 3126 speciale,
547 3048 628 3124 quod
652 3048 746 3108 multa
772 3047 912 3124 specialia
934 3048 1069 3126 requirit.

54 3133 173 3196 Dicimus
190 3153 230 3197 ex
249 3137 369 3212 deludo,
384 3136 453 3213 quia
466 3136 611 3197 mandans
625 3151 685 3194 non
699 3136 836 3212 imperat,
850 3137 904 3197 scd
918 3137 1071 3212 negotium

54 3224 201 3284 committit
219 3224 360 3298 interiori,
377 3232 428 3284 aut
449 3223 538 3284 etiam
558 3221 704 3298 superiori
724 3223 815 3284 veluti
828 3225 936 3299 amico,
953 3223 1004 3301 qui
1018 3223 1070 3282 ad-

54 3305 106 3369 huc
119 3329 178 3372 non
192 3313 348 3390 obligatur,
364 3313 420 3373 nisi
439 3311 612 3372 mandatum
630 3316 776 3387 acceptet.
799 3311 928 3372 Dicimus
942 3310 1071 3386 denique

53 3401 146 3471 potu,
159 3402 231 3461 alias
244 3403 416 3463 mandatum
430 3401 460 3461 iu
472 3405 659 3460 contractum
669 3397 825 3460 locationis
837 3415 1008 3477 operarum,
1019 3405 1070 3458 aut

53 3480 79 3540 iu
92 3497 276 3552 contractum
295 3490 512 3550 innominatum
534 3488 802 3550 transformaretur.
824 3491 875 3548 llic
901 3493 1070 3548 contractus

56 3570 228 3640 laudatoria
242 3579 394 3642 notissima
406 3580 509 3656 regula
519 3577 612 3656 juris:
629 3574 686 3647 Oui
699 3595 753 3655 per
764 3578 861 3639 oliam
872 3577 955 3654 fucit
968 3592 1023 3654 per
1037 3591 1067 3636 ro

154 3679 191 3733 ll.
928 3676 959 3728 ts
