2426 4070
496 85 601 162 ..159
620 53 656 128 ..’

52 215 97 272 aaa
110 204 165 272 aie,
179 209 239 259 eto.
255 208 306 261 Die
317 210 409 260 temen
424 209 574 262 nativitatis
588 211 620 262 D.
636 209 672 262 N.
682 209 707 262 i.
727 209 757 262 G.
772 212 829 262 tras
845 210 937 262 misem
958 214 1083 276 possunt,

54 277 188 338 celebrari,
200 280 277 332 salvo
294 279 460 332 infirmitatis
474 295 548 334 casu.
561 281 590 332 S.
599 282 698 346 congr.
709 284 778 334 teste
792 281 903 333 Gireloo
917 281 949 334 ad
967 296 1025 348 cap.
1035 279 1081 344 ²30,

55 348 82 400 de
93 350 185 414 privil.
200 353 268 402 sect
284 349 338 402 ast.
352 351 379 404 t·
390 347 456 404 Sine
469 365 635 418 quocumque
643 353 755 418 jnriam
766 352 968 418 parochialium
980 354 1081 420 preja-

55 417 126 484 aaa,
143 433 208 487 quae
223 421 346 474 clausula
356 423 499 488 significat,
510 423 538 473 in
552 423 669 475 oratorio
682 424 787 489 privato
805 437 859 475 non
872 438 953 488 posse
966 425 1082 477 admini-

57 491 128 542 strari
140 493 293 544 solemnem
315 493 490 557 baptismum,
505 494 722 546 benedictionem
743 495 904 560 nuptialem,
915 498 1082 549 communio·

57 575 113 613 nem
124 563 293 628 paschalem,
306 578 397 630 neque
411 569 581 616 sacramenta
590 565 779 629 Eucharistiae,
793 571 821 617 et
834 567 1005 618 Poenitentiae
1019 569 1082 620 abs-

59 645 104 697 que
117 634 227 686 licentia
239 635 369 701 Episcopi
384 649 417 686 ex
431 636 586 686 rationabili
603 649 685 688 causa
702 650 838 688 concessa.
853 638 878 688 5·
888 635 922 690 Ia
936 640 984 690 tua
994 651 1026 690 oo
1038 637 1083 703 sa·

62 704 133 758 maie
144 709 198 758 tum
209 704 365 772 prasentia,
380 719 442 772 quta
455 706 554 766 innuit,
578 720 633 758 non
648 720 728 772 posse
747 708 858 759 missam
873 709 1014 768 celebrari,
1029 710 1084 761 nisi

62 776 114 840 qnia
124 777 197 828 adsit
209 790 243 828 ex
257 777 421 828 indulteriis.
435 775 462 826 6·
479 772 611 841 Volumra,
620 779 652 830 at
665 777 819 840 familiares
831 778 951 832 servitiis
965 779 1019 832 tuis
1028 793 1084 832 noa

60 846 224 900 marii...
242 847 277 900 ab
292 847 452 913 oblipatioao
470 845 603 900 caiana
622 846 734 901 mirsam
749 848 781 900 ia
794 847 911 902 Ecclesia
926 850 1039 902 minima
1052 851 1084 902 a·-

63 916 111 968 lteri
124 921 293 971 censeamur.
307 919 349 970 Ila
362 919 415 970 hac
436 917 562 970 clausula
580 918 694 978 eruitur,
713 920 804 972 missae
833 925 968 987 praecepto
987 921 1084 974 diebus

62 987 128 1040 lestis
137 990 298 1042 satisfacere
312 989 482 1048 indultarios,
493 1003 588 1041 eorum
597 988 752 1054 designatos
762 990 841 1050 illios,
853 992 1078 1056 consanguineos,

66 1063 89 1110 et
104 1059 205 1122 affines,
226 1065 255 1112 et
267 1059 477 1112 indulteriorum
502 1061 627 1120 famulos,
644 1062 672 1112 in
686 1061 781 1113 eadem
797 1063 877 1114 domo
892 1062 1023 1122 viventes,
1037 1064 1085 1130 qui

65 1143 106 1194 pro
118 1132 235 1184 servitis
250 1134 373 1198 tempora
387 1132 478 1183 missa
491 1132 640 1184 necessarii
661 1137 732 1191 sunt,
747 1138 774 1184 et
786 1145 841 1184 non
856 1133 940 1192 elios;
954 1131 1018 1184 licet
1031 1134 1086 1184 sint

66 1201 195 1263 Doctores,
204 1202 251 1268 qui
261 1202 427 1254 contrarium
442 1203 585 1263 sustinent,
597 1216 665 1268 quos
679 1202 765 1254 solide
778 1203 897 1254 confutat
910 1203 1084 1262 Monacellus,

66 1275 127 1338 pert
140 1275 165 1333 i,
181 1278 200 1326 t.
208 1273 249 1340 33,
265 1271 366 1326 decret.
381 1273 500 1338 general.
515 1273 579 1325 ciro.
593 1273 670 1326 rubr.
685 1287 713 1324 n.
728 1273 766 1324 33.

97 1438 157 1494 lit.
172 1432 306 1509 lienique
328 1437 475 1508 superest,
494 1438 529 1492 ut
547 1432 586 1492 de
600 1432 752 1506 altaribus,
762 1449 830 1508 quae
843 1431 873 1490 in
887 1431 1035 1505 Ecclesiis,
1058 1437 1088 1492 et

72 1521 196 1582 oratoriis
208 1522 374 1597 eriguntur,
385 1537 481 1596 pauca
494 1521 699 1597 adiungamus.
715 1521 822 1592 altare,
839 1520 883 1580 sic
896 1521 1086 1596 appellatum,

71 1610 141 1686 quod
153 1609 192 1670 sit
205 1611 352 1683 eminens,
373 1608 437 1669 sive
455 1611 514 1668 alta
528 1625 591 1681 ara,
616 1615 661 1668 est
678 1625 793 1684 mensa,
816 1609 878 1668 sive
898 1610 997 1668 tabule
1013 1609 1088 1685 lapi-

71 1699 178 1773 dea(t),
193 1716 287 1776 supra
310 1715 401 1775 quam
420 1704 641 1760 sacramentum
661 1697 852 1758 Eucharistiae
870 1698 1038 1772 conficitur,
1058 1703 1089 1757 ct

72 1788 153 1848 tissa
174 1788 356 1848 sacrificium
376 1788 511 1848 offertur.
527 1787 558 1846 si
577 1787 643 1846 haec
659 1803 773 1859 mensa,
788 1789 837 1846 vel
849 1787 950 1846 tabula
963 1785 1004 1846 ita
1017 1787 1088 1846 aedi·

74 1875 132 1936 ficio
143 1877 304 1964 conjuncta
313 1875 361 1949 sit,
373 1881 408 1934 ut
420 1875 459 1934 ab
472 1891 510 1934 eo
523 1875 637 1950 absque
650 1875 796 1934 fractione
807 1875 939 1950 separari
950 1880 1088 1950 nequeat,

75 1964 154 2024 altae
170 1963 279 2024 dicitur
299 1963 413 2040 ficum
427 1979 487 2040 quo
501 1980 573 2022 casu
589 1967 687 2022 totum
700 1963 800 2024 altaris
813 1963 969 2024 edificium
984 1980 1090 2022 conse·

77 2060 163 2112 cretur
176 2070 185 2126 ;
201 2053 228 2112 si
240 2069 314 2114 vero
325 2051 365 2114 sit
384 2051 513 2125 mobilis,
534 2057 565 2112 et
587 2052 651 2112 sine
666 2051 811 2112 nacione
831 2053 870 2112 de
883 2069 943 2112 uno
957 2053 988 2110 in
1001 2051 1091 2112 alium

76 2140 161 2201 locum
173 2141 331 2202 uanslerri
347 2139 453 2217 possit,
468 2139 577 2200 dicitur
594 2141 687 2200 altare
700 2141 851 2210 viaticam,
872 2142 921 2201 vel
933 2140 1090 2216 portatile;

78 2245 126 2305 quo
136 2246 209 2289 caan
218 2235 412 2290 consecratur
426 2234 541 2288 tanturn
559 2245 653 2304 parva
665 2245 769 2289 mensa
782 2229 908 2304 lapidea,
928 2229 1046 2288 mobilis
1061 2235 1092 2288 et

78 2316 160 2391 plana,
175 2335 243 2394 quae
258 2317 365 2376 saltem
381 2333 478 2392 capax
495 2315 534 2376 eit
553 2317 725 2377 continendi
743 2318 881 2391 hostiam,
896 2324 927 2377 et
946 2320 1092 2394 majorem

79 2412 178 2479 palem
205 2405 319 2480 calicis,
339 2412 370 2466 et
389 2405 502 2466 idcirco
517 2423 578 2466 non
592 2406 689 2466 minor
711 2407 810 2482 palmo
826 2410 877 2480 (2),
898 2424 965 2482 quae
979 2423 1092 2466 mensae

79 2494 198 2572 ampliori
220 2494 311 2555 etiam
335 2495 442 2570 ligneae
459 2493 490 2554 in
511 2495 611 2554 medio
636 2495 848 2554 convenienter
872 2501 1000 2569 aptetur.
1023 2499 1092 2556 Haec

80 2585 252 2645 consecratio
263 2584 295 2642 iu
303 2589 432 2659 utroque
440 2583 525 2643 altari
538 2583 578 2642 ita
587 2589 633 2642 est
641 2583 819 2656 necessaria,
829 2588 862 2642 ut
871 2582 955 2642 aliter
965 2589 1093 2657 nequeat

80 2668 144 2732 licite
159 2673 191 2732 in
205 2689 244 2732 eo
257 2687 345 2731 sacru
356 2669 467 2741 mfieri3
483 2677 513 2730 et
523 2669 718 2730 consecratio
730 2669 796 2729 fleri
811 2676 926 2730 tantum
941 2675 1041 2746 potest
1055 2671 1093 2730 ab

81 2760 211 2837 Episcopo
221 2761 271 2822 rel
285 2760 323 2820 ab
335 2759 395 2820 alio
412 2759 540 2819 habente
556 2773 705 2818 asumma
721 2759 861 2819 Pontifice
876 2757 1092 2835 auctoritatem,

82 2845 126 2908 illis
141 2849 281 2910 omnibus
294 2847 443 2920 adhibitis,
457 2864 524 2923 quae
538 2865 557 2906 a
570 2846 734 2908 Pontifioali
753 2847 989 2923 praescribuntur
1003 2852 1013 2920 (
1035 2855 1056 2922 ).
1111 2896 1114 2900 .

108 2938 291 3000 consecratio
316 2936 455 3011 ambigua
482 2953 543 2994 non
568 2927 678 2995 sufficit
699 2939 751 3008 (t),
770 2942 800 2996 ct
821 2937 912 2996 semel
938 2937 995 2996 rite
1018 2938 1096 2997 facta

83 3027 208 3088 amittitur
233 3026 264 3086 in
288 3025 374 3086 altari
393 3027 467 3098 fixo,
495 3041 564 3084 cum
576 3041 681 3084 mensa
697 3023 875 3100 disjungitur
900 3027 938 3084 ab
965 3025 1097 3086 interiori

84 3119 225 3189 iunctura,
246 3114 296 3174 cui
319 3113 374 3175 fuit
395 3113 426 3172 in
452 3113 677 3172 consecratione
699 3113 869 3188 conjuncta.
887 3115 917 3175 Si
938 3131 1010 3175 vero
1034 3120 1098 3175 tota

85 3216 172 3264 nense
198 3205 279 3264 foret
305 3207 497 3276 consecrata,
525 3209 556 3262 et
576 3202 709 3262 inferiori
727 3208 883 3263 structurae
897 3221 958 3263 non
973 3203 1098 3278 conjun-

86 3295 131 3364 cta,
143 3293 268 3353 formam
280 3296 446 3351 assumeret
460 3291 562 3350 altaris
571 3291 728 3366 portatilis,
744 3291 835 3366 quod,
852 3293 930 3352 salva
944 3307 1098 3350 consecra·

89 3375 161 3454 tione,
174 3386 276 3458 potest
288 3379 327 3440 de
339 3381 407 3440 loco
421 3379 564 3438 inlocum
578 3379 743 3444 transferri.
759 3380 896 3440 Similiter
911 3377 1099 3438 consecratio

86 3467 211 3538 omittitur
223 3469 255 3542 in
265 3467 351 3529 altari
364 3466 427 3528 sive
440 3468 513 3548 fixo,
526 3467 589 3542 sive
601 3467 741 3552 portatili,
756 3483 826 3530 oum
844 3465 999 3526 enormem
1012 3464 1101 3524 subiit
