2432 4078
572 115 734 174 -ῃο-

125 241 185 294 erat
198 239 295 294 offerre
307 251 394 292 nom
402 237 502 305 spicas,
517 250 609 300 nram,
620 236 794 292 incensnmet
805 235 895 288 oleum
904 249 954 302 pro
964 233 1144 294 luminaribus,

124 305 1145 446 1111111111111111111111111111111111111

128 455 235 518 putant,
249 451 333 502 luisse
356 455 421 502 tunc
434 451 597 515 permissum
617 450 652 500 ed
667 449 753 500 altere
775 447 871 499 offerre
884 448 1040 514 pecuniam,
1056 461 1146 512 exque

123 526 208 574 ortam
221 521 305 572 fuisse
324 522 415 574 lerunt
427 522 573 573 missarum
585 521 791 584 eleemosynam.
815 519 977 570 Benedictus
993 519 1066 582 Papa
1077 517 1143 576 xlv,

125 591 159 644 de
172 591 270 656 Synod.
289 593 310 653 t,
323 593 347 656 5,
361 605 384 643 c.
400 593 425 652 8,
440 605 465 642 n.
484 594 511 651 l·,
527 605 623 643 verum
640 591 789 642 oblationes
808 603 863 640 non
886 589 1087 654 recipiebantur
1105 602 1144 638 eo-

126 675 195 723 rum,
209 663 256 728 qui
270 663 359 714 adbuc
374 665 491 714 arentin
506 662 616 726 publica
639 661 807 727 poenitentia,
823 659 870 726 qui
885 657 1145 710 excommunicationi

125 738 204 784 erant
216 733 437 799 demittentem
452 733 573 784 Ecclesia
583 733 762 790 dissidebant,
776 732 878 796 quique
892 730 1081 795 opprimebant
1089 744 1146 795 pau·

126 816 208 870 peres
222 803 300 856 card.
316 805 407 870 Soglia
420 805 486 860 luet.
499 805 556 868 jur.
569 805 637 869 priv.
648 804 708 866 173ς
721 803 786 854 item
798 816 851 854 non
865 801 1068 866 accipiebantur
1079 801 1146 853 obla·

126 875 213 926 tiones
225 874 260 926 ab
275 875 418 928 usurariis.
442 874 507 939 Gap.
523 875 550 939 3,
564 876 598 926 de
611 888 686 926 usur.
711 886 727 924 a
748 873 910 942 raptoribus.
926 871 991 938 Gap.
1007 872 1147 936 derepta

126 945 274 1010 sacrilegis.
289 945 354 997 Cen.
372 947 409 1009 17,
423 960 446 1006 o,
460 945 499 1006 n,
517 960 543 1012 q.
560 945 626 1006 l;a
646 944 763 1010 publicis
778 943 975 1005 meretricibus,
995 948 1057 1002 etc..
1073 943 1105 1008 (i)
1119 969 1145 980 -
1206 983 1207 1034 1

125 1015 182 1067 Sub
195 1015 238 1067 bis
250 1015 339 1068 tribus
352 1017 518 1069 oblationum
531 1015 677 1082 generibus
689 1015 953 1080 comprehenduntur
968 1027 1062 1066 omnes
1076 1013 1145 1065 obla·
1206 1051 1207 1064 ,

126 1088 215 1138 tiones
227 1087 320 1140 stricte
332 1093 454 1154 sumpte.
1206 1085 1207 1122 l

161 1249 224 1306 tae.
242 1245 410 1308 Oblationes
433 1263 476 1306 ex
494 1245 643 1322 primitiva
662 1245 846 1305 institutione
867 1248 951 1304 mant
971 1241 1145 1304 voluntarie.

127 1332 158 1392 in
169 1349 231 1410 quo
242 1333 384 1396 differunt
396 1352 417 1394 a
431 1334 554 1396 decimis
568 1341 599 1394 et
612 1333 760 1410 primitiis,
774 1350 840 1409 quae
849 1333 971 1392 luerunt
983 1337 1144 1408 precepta.

126 1426 159 1482 ln
172 1422 231 1481 boc
241 1428 321 1481 statu
331 1423 380 1482 diu
391 1430 621 1497 perseverarunt
631 1440 639 1495 3
651 1439 720 1482 uam
733 1421 895 1481 Coiacilium
907 1426 1103 1482 lateranense
1113 1424 1144 1478 lll
1206 1441 1207 1472 l

126 1510 184 1569 sub
195 1511 362 1570 Alexandro
377 1516 414 1572 lll
428 1510 589 1572 districtius
603 1509 764 1588 prohibuit,
778 1527 816 1569 ne
828 1526 882 1585 pro
892 1510 1061 1586 sepeliendis
1073 1524 1143 1566 ntor-
1206 1536 1207 1542 κ

128 1599 198 1670 tuis,
213 1615 265 1657 sea
279 1599 476 1660 benedicendis
490 1599 674 1670 nubentibus,
689 1615 742 1659 seu
755 1599 823 1659 aliis
842 1598 1043 1670 sacramentis
1058 1598 1143 1672 conse

127 1686 238 1756 rendis,
253 1693 307 1746 aut
322 1687 437 1747 collatis
450 1689 563 1764 aliquid
578 1689 714 1764 uebatur
729 1690 779 1760 (l).
795 1687 877 1747 idem
886 1687 917 1745 in
931 1684 1066 1761 sequenti
1080 1702 1142 1744 con·

129 1774 196 1833 cilio
211 1776 401 1835 lateranensi
415 1780 450 1836 lv
465 1777 522 1836 sub
540 1776 713 1836 innocentio
727 1779 764 1836 lll
782 1776 991 1835 confirmatum
1003 1773 1066 1846 luit,
1081 1773 1143 1834 dum
1206 1841 1207 1846 ἵ

129 1862 286 1939 superbis
308 1863 509 1923 oblationibus
525 1881 634 1942 pravas
649 1866 812 1924 cenationes
829 1863 896 1939 fieri
916 1863 1083 1940 probibuit3
1098 1861 1144 1920 sed
1206 1933 1207 1942 ἵ

128 1950 235 2010 eodem
250 1959 384 2026 tempore
395 1953 462 2028 piae
476 1953 699 2030 eonsuetudines
717 1953 827 2028 aliquid
843 1951 989 2012 offerendi
1009 1949 1144 2026 praecepit
1171 1970 1174 1976 ¹
1206 1983 1207 2011 1

126 2037 290 2114 observari,
309 2045 452 2114 statuens,
470 2049 505 2101 ut
520 2037 605 2102 iibere
626 2044 820 2117 conferantur
841 2039 1032 2100 ecclesiastiea
1045 2040 1143 2099 Sacra·
1206 2066 1207 2084 2

127 2133 238 2200 anania,
253 2133 283 2186 et
296 2132 329 2186 ut
344 2127 403 2186 loci
427 2125 601 2205 Episcopus,
618 2130 743 2190 veritate
767 2127 897 2205 cognite,
912 2145 965 2188 eos
980 2143 1142 2204 compesce·
1206 2194 1207 2198 η

127 2219 183 2284 rei,
200 2215 251 2290 qui
273 2215 419 2277 ntalitiose
436 2219 578 2278 nituntur
593 2217 771 2296 laudabilem
786 2217 1029 2278 consuetudinem
1042 2217 1141 2274 itanu
1206 2220 1207 2226 ’

130 2309 192 2362 tore
207 2305 259 2374 (2).
276 2307 400 2364 Domum
413 2305 615 2368 tridentinum
631 2305 785 2382 Episcopis
799 2301 962 2384 mandevit,
977 2310 1011 2364 ut
1033 2301 1142 2364 omnino
1206 2365 1207 2368 Ἴ

128 2389 322 2466 prohiberent
340 2392 420 2453 circe
445 2394 498 2454 hos
513 2394 678 2454 oblationes
701 2393 829 2469 cujusvis
849 2394 963 2470 uenerit
988 2391 1143 2452 mentuunt

129 2479 317 2556 conditiones,
330 2479 465 2558 putiau
479 2481 620 2564 quidquid
631 2499 686 2558 pro
700 2483 783 2542 nouis
797 2483 895 2542 anissis
908 2479 1142 2542 celebrandisda·
1206 2505 1207 2512 ,

129 2575 191 2643 tun,
206 2587 259 2630 aee
281 2587 342 2631 non
364 2573 561 2648 importunae,
585 2587 619 2630 aa
632 2570 790 2632 illiberales
814 2572 1065 2646 eleemosynarum
1081 2583 1140 2628 aaa·
1206 2567 1207 2570 ’

129 2659 237 2719 ottones
249 2662 346 2736 polius
362 2677 453 2738 quam
465 2660 686 2736 postulationes,
702 2661 771 2736 quia
784 2661 850 2720 haec
865 2677 886 2728 a,
896 2659 1058 2720 simoniaca
1073 2657 1139 2729 labe,

130 2747 178 2806 vel
193 2754 274 2810 certe
288 2766 306 2808 a
319 2746 400 2824 turpi
414 2756 529 2824 quaestu
543 2765 604 2808 non
617 2747 707 2824 longe
721 2748 829 2809 absum
844 2751 896 2824 (3).

162 2886 197 2950 (1)
211 2886 273 2950 Gap.
289 2885 316 2947 9·
330 2885 364 2936 de
381 2885 479 2938 11111011.
490 2912 525 2926 -·-
535 2887 572 2951 (2)
588 2885 654 2950 Gap.
674 2886 713 2950 tt,
728 2886 787 2939 eod.
802 2911 833 2929 -.··
846 2887 883 2952 (3)
896 2885 972 2946 Trid,
987 2899 1056 2940 sess·
1067 2885 1105 2943 tt,
1118 2881 1157 2932 in·

129 2955 229 3022 decret.
244 2955 278 3006 de
288 2956 395 3008 observ.
411 2959 438 3008 et
454 2958 517 3008 evit.
532 2959 584 3010 etc.
1206 3017 1207 3042 1

1206 3055 1207 3098 1

1206 3101 1207 3134 1

163 3134 226 3192 193.
250 3135 295 3190 lix
307 3131 354 3192 his
375 3133 451 3209 juris
472 3133 624 3212 principiis
645 3133 855 3196 deducendum
874 3149 942 3194 esse
956 3133 1082 3206 videtur,
1094 3128 1141 3188 illi·

128 3220 221 3282 citum
245 3237 312 3280 esse
336 3221 389 3280 hes
411 3222 575 3282 oblationes
599 3223 710 3300 enuere
730 3229 756 3282 et
778 3229 948 3298 intorquere
973 3227 1009 3280 ut
1025 3219 1141 3296 loquitur

125 3307 232 3372 citatus
258 3311 449 3370 innocentius
470 3315 548 3386 Papa
577 3316 629 3384 lll;
654 3311 708 3376 sed
734 3311 849 3374 licitum
877 3313 943 3370 esse
968 3301 1030 3378 'eas'
1048 3312 1141 3386 sponte

128 3399 401 3475 oblatasaaceptare
426 3395 453 3460 e't
478 3401 742 3474 etiampostulare‚
765 3399 930 3460 dividetur
956 3393 1141 3459 innuerelri·

127 3473 291 3561 (lentinum
308 3487 428 3563 quondo
452 3493 552 3548 umen
577 3489 663 3547 adest
687 3489 737 3563 pie
763 3495 798 3548 et.
808 3483 965 3548 laudabilis
992 3488 1139 3547 consueu-
