2560 4080
525 188 684 246 ..503-

99 313 190 362 contra
203 323 232 362 se
248 310 388 362 veritatem
401 310 481 368 dicat,
497 314 524 362 et
534 312 719 376 jurameutum
733 311 865 376 praestare
874 321 929 360 non
939 311 1053 372 tenetur,
1063 309 1116 360 nisi
1139 305 1141 312 ’

100 382 163 432 velit
176 381 308 448 deponere
323 385 416 432 contra
429 381 514 434 elios:
528 382 599 433 unde
621 381 680 432 baec
698 394 758 432 esse
779 381 847 431 solet
870 381 956 431 torma
973 380 1121 446 juramenti

100 453 138 504 rei
150 453 314 504 constitutit:
338 452 457 504 monitus
480 451 589 517 benigne
607 449 695 518 quood
708 464 734 502 se
750 450 787 502 od
810 450 952 506 vamtatem
970 449 1120 510 dicendam,

98 523 141 575 ati
154 537 216 576 vero
229 524 302 577 tertis
311 523 342 574 in
355 523 422 574 otios
436 523 560 576 veritatis
573 521 691 574 dicanda
707 523 896 587 juramentum
915 522 1010 576 emisit.
1028 524 1056 574 Si
1072 537 1121 573 eu-

100 599 152 645 tem
167 601 260 646 contra
281 594 483 661 dispositionem
503 595 576 645 citati
592 594 699 645 concilii
714 594 828 644 Romani
842 593 927 658 judex
949 595 1125 660 imposuisset

99 663 144 717 r'eo
157 669 341 732 jurameutum
356 667 383 715 in
398 671 478 731 caput
492 679 580 728 suum,
592 668 619 716 et
631 679 693 716 reus
704 666 833 730 jurasset,
850 665 956 716 nullum
972 671 1032 718 erat
1049 659 1125 719 cons·

98 736 223 799 titutum;
239 737 287 788 sed
300 738 366 788 Pius
379 737 440 798 Vll,
454 736 482 786 in
498 736 554 787 bul.
570 735 632 788 Post
652 735 798 790 dictantes
813 737 891 802 2119,
906 736 1062 798 declaravit,
1075 738 1127 791 hoc

94 808 280 871 juramentum
295 807 428 860 caliditati
438 811 559 886 actorum
575 822 630 859 non
644 807 748 860 obesse.

130 1017 193 1074 895.
214 1018 248 1074 ln
257 1013 418 1075 constituto
431 1029 502 1074 reus
513 1031 531 1073 a
542 1013 643 1090 judice
651 1029 722 1074 cum
737 1017 911 1075 promotore
922 1015 1017 1076 fiscali
1028 1016 1119 1077 inter-

96 1109 219 1178 rogatur
242 1103 373 1179 primum
396 1102 476 1162 circa
494 1101 644 1178 generalia
664 1102 702 1164 de
726 1103 856 1177 nomine,
877 1103 997 1179 familia,
1016 1104 1122 1181 patria,

96 1197 193 1265 aetate,
210 1199 299 1264 statu,
316 1198 385 1265 etc.;
409 1191 517 1251 deinde
541 1190 626 1251 circa.
640 1191 781 1268 specialia
802 1193 840 1252 de
863 1193 960 1267 lactis,
975 1192 1122 1269 personis,

94 1280 324 1342 circumstantiis
338 1280 447 1354 delicti,
466 1287 523 1341 etc.
540 1285 591 1354 (l).
606 1281 707 1341 sedin
727 1282 773 1342 bis
790 1281 988 1357 instituendis,
1004 1290 1034 1343 et
1047 1283 1118 1342 sub-

96 1369 271 1430 ordinandis
294 1369 575 1445 interrogationibus
596 1371 730 1430 maxima
744 1377 790 1431 est
811 1370 980 1431 adhibenda
993 1371 1122 1445 solertia,

95 1456 138 1518 ite
150 1465 252 1520 tamen
265 1466 300 1519 ut
313 1475 475 1534 numquam
487 1457 596 1518 liceant
616 1458 867 1536 interrogationes
883 1460 1057 1529 mendaces,
1071 1459 1126 1519 de·

95 1549 249 1624 ceptoriae,
265 1554 296 1609 et
307 1546 486 1623 sophisticae,
502 1564 571 1622 quae
584 1548 721 1607 fraudem
737 1555 825 1624 atque
845 1547 948 1608 dolum
960 1548 1123 1608 continent.

97 1642 198 1698 Potest
212 1638 334 1715 quidem
348 1654 419 1698 reus
433 1653 472 1696 ex
485 1635 729 1696 antecedentibus
743 1637 804 1696 suis
826 1637 982 1712 responsis
1003 1637 1125 1697 menda·

95 1725 132 1786 cii
144 1726 302 1802 redargui;
316 1732 346 1787 et
360 1725 385 1785 si
397 1726 426 1786 in
436 1724 576 1802 negativa
587 1725 736 1800 persistat,
748 1732 850 1802 potest
859 1725 900 1786 illi
911 1726 1023 1802 opponi
1033 1725 1126 1786 Curiae
1221 1797 1225 1804 ⁴

93 1814 277 1890 informatio,
292 1814 473 1891 testiumque
487 1813 646 1890 depositio,
661 1821 692 1874 et
706 1815 904 1876 confrontatio
917 1816 967 1886 (Ξ).

123 1951 156 2016 (ll
172 1951 253 2003 Circa
277 1949 388 2001 modum
411 1947 568 2000 instituendi
594 1947 661 1999 istas
682 1948 908 2013 interrogationes
929 1949 1037 2001 videndi
1060 1952 1123 2001 sunt

92 2023 224 2075 Doctores
240 2022 273 2073 de
285 2020 403 2086 juridice
415 2020 493 2087 praxi
515 2023 634 2083 egentes,
649 2021 676 2070 et
688 2020 759 2071 inter
774 2019 842 2072 alios
857 2019 943 2072 videri
957 2024 1046 2085 potest
1059 2021 1122 2072 Pel·
1225 2026 1227 2034 '

92 2093 214 2158 legrinus
229 2097 301 2159 part.
315 2093 339 2147 3.
355 2094 418 2144 sect.
433 2092 457 2150 9,
473 2106 500 2145 u.
515 2093 554 2143 58.
571 2119 601 2128 -
615 2091 651 2156 (i)
665 2091 730 2142 Cum
743 2093 833 2143 tamen
855 2090 998 2156 benignior
1014 2105 1123 2156 semper

91 2164 127 2216 sit
140 2178 226 2216 causa
242 2163 290 2222 rei,
304 2166 364 2229 ejus
387 2163 565 2226 exceptiones,
584 2165 611 2212 et
628 2161 814 2226 replicationes
834 2165 1022 2222 santamente,
1040 2167 1067 2213 et
1081 2163 1120 2213 ta-

90 2235 141 2288 cila
156 2234 343 2288 admittendas.
358 2233 424 2299 cap.
439 2233 478 2292 tt,
490 2233 524 2285 de
539 2235 658 2285 accusat.
1132 2249 1134 2254 ·

125 2399 191 2456 896.
207 2393 340 2455 Testium
354 2379 552 2452 couiroutatio
567 2398 612 2452 est
625 2392 807 2467 comparatio
820 2392 938 2453 testium
952 2391 1123 2468 singillatim

89 2485 170 2544 iacta
184 2499 257 2544 cum
272 2481 338 2558 ipso
354 2499 417 2555 reo,
436 2487 597 2557 postquam
618 2481 811 2541 constitutum
830 2479 920 2542 subiit
934 2486 984 2554 (t).
1001 2486 1064 2542 lloc
1077 2488 1123 2542 est

42 2645 45 2652 ¹
89 2573 260 2633 remedium
286 2569 558 2630 extraordinarium
581 2569 617 2629 ad
641 2569 797 2630 veritatem
816 2569 1023 2646 detegendam,
1040 2571 1121 2646 qaod

91 2668 164 2722 tunc
190 2665 293 2738 potest
320 2658 465 2733 adbiberi,
488 2676 556 2720 cum
582 2676 652 2719 reus
678 2666 767 2734 negat
791 2659 925 2720 absolute
949 2661 1120 2734 inclamet

89 2758 184 2812 testes
210 2750 383 2809 affirmant:
403 2765 462 2823 quo
478 2765 550 2808 casu
564 2753 654 2807 testes
678 2749 785 2808 iterum
808 2748 915 2808 eodem
939 2749 1029 2809 modo
1050 2757 1119 2812 sunt

89 2838 296 2911 examinandi,
311 2855 348 2896 ec
361 2837 386 2896 si
402 2837 502 2896 adbuc
513 2836 672 2897 examinati
684 2855 744 2897 non
753 2845 862 2912 esseut,
872 2844 902 2898 et
914 2839 1037 2915 insuper
1049 2855 1120 2900 reus

85 2931 136 3006 jus
151 2928 245 2989 babet
263 2932 354 2986 testes
375 2924 576 3002 interrogandi
597 2931 648 3000 (t).
671 2927 728 2987 Sed
744 2932 886 2988 Doctores
902 2935 1025 2988 mouent
1037 2946 1116 3001 raro,

89 3027 119 3079 ct
133 3016 270 3078 maxima
279 3014 546 3091 circumspectione
557 3016 615 3075 hoc
625 3017 861 3076 extraordinario
872 3019 1005 3079 remedio
1020 3019 1059 3079 ob
1071 3018 1121 3079 dii-

90 3108 245 3168 iicultates
255 3105 313 3180 ipsi
326 3103 501 3164 intrinsecas
515 3104 677 3178 utendum,
692 3104 783 3164 immo
796 3105 827 3165 in
840 3106 927 3182 praxi
940 3125 1000 3166 non
1014 3107 1120 3168 obser-

87 3203 191 3271 vatur,
205 3211 275 3254 cum
288 3193 319 3252 in
330 3195 397 3268 jnre
411 3192 449 3252 ad
464 3194 603 3253 eumdem
614 3195 753 3253 ellectum
766 3194 853 3255 detur
863 3197 1028 3257 remedium
1036 3197 1116 3257 ordi·

89 3285 224 3357 narium,
239 3282 352 3342 scilieet
365 3282 485 3342 testium
496 3281 641 3359 repetitio,
657 3281 738 3359 quod
748 3284 819 3344 fitia
828 3285 963 3362 sequenti
973 3303 1116 3362 processu

88 3370 219 3446 publico
234 3365 378 3428 offensivo
393 3373 423 3427 et
436 3366 611 3439 defensivo(
632 3374 652 3441 ).
695 3419 697 3422 .

120 3521 160 3587 (l)
175 3518 251 3571 Fieri
265 3519 346 3570 etiam
355 3521 443 3584 potest
458 3518 518 3571 baec
530 3520 692 3584 comparatio
701 3534 762 3574 cum
775 3483 856 3574 sociis
869 3522 1020 3574 criminum.
1033 3521 1113 3575 Pelle·

88 3593 190 3659 grinus
204 3589 255 3644 loc.
268 3591 313 3642 cit.
328 3604 355 3642 n.
368 3589 408 3642 ts.
422 3617 453 3630 -
467 3591 502 3656 (2)
516 3591 682 3644 (lonironteri
694 3596 784 3646 tamen
793 3597 947 3660 nonpotest
960 3599 1038 3659 pater
1049 3609 1111 3648 cum
