2410 4068
556 195 717 251 ...ffl-

37 313 39 318 ’
127 323 222 379 tntum
246 323 364 393 tempus
387 325 494 376 contra
514 315 776 392 praesentationem
799 315 937 391 afferant,
961 331 1141 392 quaecumque

126 408 337 468 suainteressc
350 405 521 482 putaverint
537 409 547 477 (
568 411 588 478 ).

158 561 195 625 (1)
208 561 273 627 Gap.
287 562 327 619 to.
342 561 376 613 de
389 563 482 628 iurep.
496 589 528 600 —
541 562 577 627 (li
596 561 637 612 lte
656 573 722 614 sane
741 561 892 626 reperimus
906 561 1041 612 sancitum
1053 561 1078 613 in
1092 573 1140 612 ean.

55 695 58 701 ¹
127 633 166 692 30,
181 647 205 684 c.
226 634 264 694 16,
281 647 308 698 q.
323 633 338 684 'l
351 633 399 684 ubi
414 634 534 698 legitur:
550 632 715 698 Quicumque
728 633 816 698 fideles
834 632 973 686 devotione
996 632 1101 698 proprio
1116 632 1141 682 de

127 703 304 770 facultalibus
319 703 374 755 suis
389 705 500 756 ecclesie
514 703 620 768 aliquid
641 703 814 766 contulerint,
836 703 860 756 εἰ
875 703 946 766 sorte
965 703 1028 767 epti,
1042 707 1086 756 eet
1099 702 1142 767 filli

127 787 221 827 eorem
243 773 350 827 redacti
372 773 477 838 fuerint
502 777 538 826 ed
557 773 691 838 inoptam,
714 774 746 826 ee
767 773 861 826 eadem
878 773 985 826 ecclesie
998 774 1142 840 euprepium

126 845 189 898 ellat
203 857 253 910 pro
268 845 396 910 temperis
410 845 708 912 cooperimentum
723 846 897 897 confirmatur
908 847 935 896 in
951 846 995 896 cit.
1009 859 1065 910 cap.
1076 845 1103 896 tt
1114 845 1142 895 de

124 919 218 982 jurep.
232 941 263 954 -
277 917 312 980 (3)
328 919 463 976 Attamen,
478 922 508 968 ut
526 929 584 968 rent
605 916 831 967 animadvertenti
850 920 932 982 patet,
950 917 1000 968 hoc
1014 919 1068 980 jus,
1081 915 1141 980 qued

128 1001 286 1038 concessum
302 993 343 1040 est
356 994 469 1054 petrono
484 1003 515 1038 ex
528 988 644 1052 justitia,
661 993 774 1054 ejusque
791 989 862 1047 liliis,
877 993 904 1040 et
919 988 1141 1046 descendentibus.

127 1073 181 1110 non
198 1062 308 1124 prodest
322 1063 435 1124 petrono
451 1073 483 1109 ex
498 1060 594 1124 gretia,
610 1061 656 1123 qui
672 1059 739 1108 nihil
754 1059 879 1118 contulit,
893 1073 982 1124 neque
997 1061 1020 1110 ei
1035 1059 1061 1108 in
1073 1073 1143 1122 quem

125 1132 330 1196 juspatrenatus
343 1131 504 1181 translatum
525 1131 585 1180 suit.
606 1130 684 1180 Card.
700 1131 781 1180 Petra
799 1129 826 1180 in
843 1136 927 1180 const.
941 1130 956 1180 ‘l
971 1129 1087 1194 Gregorii
1098 1129 1142 1191 lX,

129 1215 155 1252 n.
171 1203 196 1252 9.
210 1202 264 1252 Sed
278 1203 306 1252 in
318 1202 395 1266 praxi
410 1201 565 1266 hujusmodi
581 1201 780 1263 retributiones
793 1201 822 1250 ni
834 1201 888 1252 sint
903 1201 931 1250 in
945 1202 1094 1252 fundatione
1107 1213 1141 1250 re·

128 1277 251 1336 servatae,
266 1273 379 1324 nimium
392 1285 461 1324 raras
476 1277 548 1333 sunt,
562 1271 626 1338 qnia
639 1271 748 1338 patroni
761 1272 855 1335 inopes
872 1274 1048 1336 pauperiores
1067 1270 1142 1322 eccle·

129 1345 195 1408 sias,
210 1351 238 1395 et
252 1343 375 1396 ecclesiae
393 1344 490 1395 divites
507 1343 619 1394 ditiores
639 1343 727 1394 solent
748 1342 849 1394 haltere
873 1347 1008 1410 patronos.
1025 1343 1061 1394 De
1080 1343 1143 1392 Luce

129 1416 179 1466 loc.
196 1417 241 1466 cit.
254 1415 281 1464 in
297 1415 372 1465 Sum.
385 1429 412 1464 n.
430 1415 483 1465 tet.
496 1442 523 1451 -
541 1414 575 1478 (i)
590 1415 708 1478 Tempus
722 1413 755 1464 ad
768 1415 987 1478 praesentandum
1000 1426 1142 1466 concessum

129 1487 171 1536 est
184 1499 230 1536 sex
245 1487 379 1536 mensium
392 1485 420 1534 in
430 1487 638 1550 jurepatronaiu
653 1485 846 1542 ecclesiastico,
858 1489 885 1536 et
895 1490 1011 1552 quatuor
1024 1483 1141 1536 mensium

130 1557 158 1607 in
166 1559 374 1621 inrepatronatn
388 1554 486 1617 laicali,
509 1555 583 1619 qued
601 1559 709 1619 ternpus
726 1555 822 1621 incipit
841 1555 986 1606 decurrere
1003 1570 1019 1606 a
1035 1555 1082 1612 die,
1095 1566 1141 1618 qua

129 1632 259 1692 patronus
273 1626 433 1676 beneficium
447 1639 543 1676 vacere
556 1628 688 1691 cognovit,
699 1627 741 1678 vel
756 1639 772 1676 e
794 1626 847 1684 die,
866 1640 920 1691 que
935 1629 1023 1692 poluit
1036 1638 1141 1691 presen-

129 1703 195 1750 tare.
207 1696 359 1761 Ventriglia
373 1696 406 1748 de
417 1698 509 1762 jurep.
525 1697 537 1760 ἕ
551 1698 575 1755 3,
591 1711 617 1766 n.
635 1696 674 1747 tt.
686 1723 718 1736 -·
734 1698 768 1762 (5)
783 1697 896 1761 Pirhing
911 1697 1046 1763 dejurep.
1058 1711 1081 1747 n.
1094 1696 1138 1745 lll.

129 1795 160 1807 —
171 1769 206 1833 (6)
219 1767 376 1819 Praescntuli
390 1769 524 1818 tamenab
539 1769 631 1834 eliqua
641 1769 815 1828 universitate
830 1769 981 1820 studiorum
997 1767 1140 1834 regulariter

131 1853 185 1891 nen
194 1846 307 1904 possunt
316 1839 475 1897 examinari.
486 1839 551 1904 quie
561 1843 766 1906 praesumuntur
777 1839 875 1891 idonei,
884 1839 960 1891 Trid.
971 1854 1037 1892 sess.
1047 1841 1070 1902 l,
1079 1853 1099 1888 c.
1109 1837 1138 1894 13,

132 1911 165 1962 de
178 1910 227 1962 ref.

166 2083 230 2138 eet.
250 2081 397 2136 Patronus
417 2081 515 2152 petest
536 2084 720 2154 praesentare
746 2078 906 2154 quemlibet
927 2077 1067 2138 clericum
1086 2076 1139 2134 ido-

132 2183 223 2227 neum
238 2165 327 2226 etiam
341 2167 475 2240 fratrem,
486 2171 516 2226 et
531 2167 624 2226 filium
640 2183 739 2240 suum,
751 2173 810 2226 nen
822 2183 895 2226 vero
909 2167 1140 2242 semetipsumne

132 2273 186 2332 per
200 2263 428 2332 procuratorem
441 2255 561 2332 quidem
579 2275 585 2313 :
608 2255 676 2331 qnia
696 2256 774 2315 inter
788 2257 908 2315 dautem
921 2263 951 2314 et
964 2255 1141 2330 accipientem

132 2344 231 2420 aliqua
245 2361 365 2420 semper
379 2345 467 2404 debet
481 2361 548 2404 esse
563 2344 712 2404 distinctio
726 2349 777 2417 (t).
793 2344 987 2404 Nihilominus
1008 2345 1069 2420 ipse
1084 2347 1139 2416 pet-

132 2441 178 2494 est
191 2433 282 2494 aiium
297 2440 526 2509 compatronurn
545 2431 711 2506 nominare,
735 2440 765 2492 et
790 2433 1022 2492 nominationem
1042 2427 1140 2490 abaliis

132 2521 337 2598 compatrenie
349 2523 387 2581 de
401 2522 556 2580 selectam
570 2527 739 2597 acceptare,
754 2524 802 2582 vel
822 2521 1011 2582 collationem
1024 2518 1141 2593 recipere

133 2604 172 2662 ab
186 2603 335 2679 Episcopo
355 2602 456 2661 datam
479 2607 549 2676 pest
567 2601 685 2677 lapsum
704 2602 848 2678 temperis
865 2602 903 2660 ad
918 2598 1141 2677 presentandum

134 2707 289 2764 concesso,
309 2689 460 2750 ueletiam
478 2689 558 2748 intra
571 2689 630 2748 hec
643 2695 773 2766 tempus,
788 2691 813 2750 si
836 2691 1015 2750 beneficium
1032 2688 1141 2748 liberem

133 2779 304 2840 dimittatin
326 2777 465 2838 manibus
490 2777 645 2854 ordinarii,
673 2795 763 2856 quem
776 2797 838 2840 non
853 2779 1138 2856 pmhibeturmgare

133 2875 166 2928 ut
178 2869 260 2928 mem
272 2867 328 2928 sibi
341 2866 520 2926 benefldum
535 2868 671 2928 conferre
685 2869 823 2944 dignetur
837 2873 847 2936 (
867 2873 888 2942 ).

163 3023 200 3088 (l)
215 3023 278 3090 (lap.
293 3022 333 3087 26,
348 3021 382 3074 da
396 3023 483 3088 iurep.
494 3051 524 3062 -
534 3023 570 3090 (t)
579 3025 607 3075 Si
621 3027 712 3078 tamen
725 3029 854 3092 patronus
865 3027 900 3078 sil
912 3026 1009 3086 minor,
1021 3023 1142 3090 disputant

133 3097 272 3156 Doctores,
287 3106 322 3145 an
334 3093 456 3158 minoris,
468 3096 511 3147 vel
526 3098 624 3148 tutoris
637 3097 672 3149 sit
683 3098 850 3150 admittenda
860 3099 1048 3164 praesenteti03
1062 3105 1142 3145 verum

134 3165 302 3233 probabilior
323 3170 365 3216 est
386 3179 478 3216 eornm
503 3169 647 3232 sententia,
663 3169 709 3233 qui
731 3169 828 3220 docent
848 3169 947 3235 pupilli
968 3169 1011 3220 sui
1029 3161 1142 3232 compotis

132 3237 370 3306 presentationem
384 3251 444 3290 esse
459 3238 666 3302 praeferendam,
677 3239 757 3291 modo
770 3240 882 3302 fraudis,
894 3243 941 3290 aut
955 3236 1142 3292 circumventio·

131 3310 175 3366 nis
186 3310 306 3376 auspicia
323 3309 405 3372 absit,
422 3310 487 3373 qnia
500 3309 560 3374 ipse
574 3324 637 3363 vere
655 3311 781 3364 dominus
796 3316 846 3364 est.
865 3312 906 3364 De
922 3313 996 3365 Luca
1016 3311 1049 3362 de
1064 3309 1141 3374 jttrel‘·

134 3381 200 3437 diso·
213 3381 241 3432 tt
257 3387 286 3434 et
298 3381 327 3433 in
344 3393 414 3432 sum.
430 3393 456 3430 n.
473 3379 511 3431 91.

168 3570 231 3628 558.
250 3567 365 3627 Nedum
378 3573 522 3644 patronus
544 3568 641 3629 valide
663 3575 833 3644 praesentat,
855 3567 905 3647 qni
925 3568 1015 3628 habet
1028 3561 1139 3630 titulum,
