2410 4068
470 123 633 184 -id'l-

61 243 171 323 instituit,
184 249 213 308 in
229 263 289 324 quo
301 246 362 308 loci
375 245 547 308 ordinarius
560 245 715 308 instituere
728 243 1022 324 pariterpotuisset(
1040 248 1062 318 ).

60 345 164 398 ltnune
190 337 237 396 his
257 337 375 396 duobus
401 337 575 398 conferendi
594 337 693 396 modis
711 353 797 408 raro,
828 341 879 395 aut
901 349 1065 411 numquam

59 425 143 486 summi
151 426 308 485 Pontifices
322 432 462 486 utuntur:
480 433 543 485 tum
556 424 626 501 quia
637 423 827 486 incommoda
841 423 953 501 oppido
967 425 1062 484 multa

58 515 198 587 involvunt,
214 521 276 572 tum
292 514 363 590 quia
380 515 500 574 obstant
514 513 709 586 concordata,
731 519 795 573 tum
812 511 881 589 quia
898 507 1006 574 iisdem
1018 509 1063 568 vi-

59 603 144 662 dentur
156 603 245 662 inisse
257 601 426 662 substitutae
440 603 657 664 beneficiorum
676 600 861 675 allectioneS,
879 606 910 659 et
924 614 1062 659 reserva-

58 692 132 752 tiones
144 697 191 766 (t).
204 698 275 751 ture
283 691 482 751 desolationis
490 708 625 751 summus
633 690 768 750 Pontifex
777 689 922 750 beneficia
932 687 1059 760 confert,

59 797 110 838 cum
118 781 188 839 intra
201 785 349 854 tempusa
362 781 428 854 lege
443 779 597 840 delinitum
609 796 669 838 non
678 780 798 840 luerunt
807 794 862 854 per
874 775 1061 838 ordinarium

57 869 149 940 collata,
159 876 211 928 aut
223 869 347 928 luerunt
359 869 437 928 male
452 869 571 941 collata,
581 869 661 945 quod
672 866 867 929 constitutum
880 871 938 939 est,
949 882 986 925 ne
995 865 1062 924 diu·

57 961 124 1015 torna
135 957 347 1018 beneficiorum
366 956 487 1016 uacatio
507 964 631 1034 propter
644 955 855 1032 negligentiam
877 961 929 1013 aut
942 955 1061 1028 culpam

45 1046 224 1104 l‘raelatorum
245 1044 386 1104 Ecclesiis
412 1045 618 1120 praejudicium
644 1046 757 1104 aflerat.
773 1049 901 1116 Tempus
923 1049 1062 1100 autema

52 1131 105 1204 jure
115 1134 266 1208 praefixum
281 1141 326 1194 est
348 1133 439 1193 trium
460 1134 617 1206 mensium,
641 1131 665 1192 si
679 1133 717 1192 de
734 1129 901 1208 praelaturis
915 1127 1061 1188 Ecclesia·

54 1236 106 1278 rom
126 1212 350 1294 cathedralium,
374 1227 426 1280 aut
447 1221 672 1297 collegiatarum
691 1227 754 1280 tum
774 1218 972 1290 saecularium,
995 1224 1060 1277 tum

54 1310 211 1384 regularium
226 1316 342 1385 agatur,
358 1315 388 1370 et
407 1326 463 1370 sex
483 1309 641 1383 mensium,
656 1309 682 1368 si
696 1313 800 1384 agatur
814 1307 851 1366 de
865 1305 929 1364 aliis
947 1305 1062 1364 benefl-

55 1398 95 1456 ciis
106 1397 263 1458 minoribus
282 1401 334 1469 (3).
357 1398 510 1458 Devolutio
523 1396 670 1474 gradatim
682 1399 715 1456 iit
728 1414 768 1456 ex
781 1394 975 1471 dispositione
986 1393 1062 1470 juris

55 1485 197 1545 communis
211 1487 250 1544 ab
264 1485 403 1546 inferiore
417 1485 455 1546 ad
467 1486 652 1561 superiorem
664 1484 848 1556 collatorem,
863 1483 901 1541 ab
912 1483 1059 1558 Episcopo

54 1573 81 1632 ad
90 1575 352 1650 antiepiscopum,
367 1580 398 1634 et
412 1575 450 1634 ab
473 1573 703 1650 archiepiscopo
718 1573 757 1632 ad
774 1588 925 1632 summum
939 1569 1059 1631 Pontifi-

55 1677 113 1735 cem,
122 1663 157 1722 ita
166 1670 199 1722 ut
216 1663 339 1722 inferior
348 1664 474 1722 collator
483 1663 514 1722 in
527 1662 680 1722 beneflciis
693 1661 859 1721 minoribus
871 1667 990 1736 tempus
1003 1675 1059 1718 sex

54 1752 177 1812 mensium
193 1751 233 1810 ad
254 1752 470 1812 conferendum
484 1751 600 1810 habeat.
621 1757 657 1810 nt
683 1767 764 1809 nunc
777 1750 808 1809 in
831 1747 917 1825 praxi
934 1748 1059 1808 devolu-

57 1838 86 1896 lio
97 1857 149 1899 non
162 1841 194 1900 tit
208 1841 336 1916 amplius
351 1841 390 1899 ab
404 1840 551 1915 Episcopo
561 1839 599 1898 ad
612 1838 886 1914 archiepiscopum,
897 1836 951 1894 sed
962 1837 1059 1894 solum

56 1926 236 1988 adsummum
251 1927 433 2000 Pontificem,
446 1927 516 2003 quia
530 1929 570 1986 ita
582 1925 637 1986 fuit
659 1931 717 1986 aS.
735 1921 971 2000 congregatione
993 1921 1061 1997 Epi·

56 2030 192 2090 scopomm
203 2015 360 2076 definitum
375 2020 425 2088 (l).
440 2021 476 2076 st
490 2015 539 2074 uhi
554 2015 612 2076 hoc
628 2021 744 2090 tempus
757 2014 829 2074 utile
838 2015 900 2089 jam
914 2011 1061 2086 praeterla-

57 2119 125 2176 psum
135 2105 179 2179 sit,
195 2111 227 2165 et
239 2103 375 2164 beneficii
389 2104 509 2164 collatio
524 2103 561 2162 ab
575 2103 715 2164 inferiore
730 2103 873 2162 collatore
884 2101 983 2161 adhuc
996 2100 1059 2172 liat,

57 2191 99 2250 erit
111 2195 198 2266 nulla,
211 2192 236 2252 si
249 2192 308 2251 alia
321 2190 404 2266 prius
417 2191 495 2250 lacta
504 2191 592 2250 luerit
601 2209 619 2250 a
628 2190 797 2266 superiore,
808 2189 865 2248 erit
877 2185 1065 2259 revocabilis,

57 2279 218 2358 sisoperior,
233 2297 288 2356 per
302 2279 481 2340 sententiam
496 2280 566 2339 velit
579 2295 646 2339 eam
658 2277 811 2339 declarare
822 2277 935 2336 irritam
946 2292 953 2349 3
964 2282 994 2336 et
1004 2275 1060 2336 erit

57 2365 129 2443 lima,
144 2370 168 2429 si
182 2369 321 2446 superior
336 2365 517 2443 acquiescat,
534 2373 564 2427 et
577 2383 666 2428 nemo
684 2384 718 2428 se
731 2371 884 2444 opponat:
905 2382 965 2441 quo
987 2379 1057 2424 casu

56 2451 339 2517 itademisen'cordia
360 2457 505 2516 toleratur
524 2457 653 2531 collatio,
675 2462 709 2532 ut
735 2453 875 2533 provisus
887 2457 1007 2514 maneat
1028 2451 1059 2511 iu

57 2545 212 2606 conscientia
225 2550 309 2606 tutus
321 2548 373 2619 (5).

77 2724 102 2790 (l)
112 2727 186 2778 Hanc
197 2728 358 2791 potestatem
367 2739 473 2778 summo
483 2725 607 2778 Poutltlci
618 2728 770 2794 competere
780 2726 946 2779 inficiabitur
954 2739 1033 2780 nemo
1045 2747 1051 2780 z

57 2805 101 2844 nau
108 2804 221 2862 potestas
236 2797 386 2850 ordinariis
398 2797 502 2851 tributa
514 2797 548 2848 ab
558 2798 617 2862 ipso
627 2798 755 2850 Ecclesia
766 2797 854 2864 capite
864 2798 992 2857 dimanat,
1004 2812 1058 2864 qua

58 2875 77 2940 ,⁵⁸
87 2874 146 2921 reru
159 2884 212 2920 non
236 2869 362 2934 privavit,
378 2868 444 2919 dum
458 2869 515 2920 suis
533 2869 664 2921 membris
678 2883 739 2922 eam
755 2871 896 2922 concessit.
913 2871 979 2922 Cum
993 2883 1058 2922 vero

57 2941 254 3004 inactnpractico
268 2945 349 3004 queat
363 2940 519 3004 contingere
529 2953 618 3002 casus,
629 2955 682 3006 quo
696 2941 1055 2994 idambenaticiumduobus

57 3009 193 3074 moleretur,
210 3011 257 3062 uni
273 3011 377 3062 scilicet
388 3023 438 3078 per
452 3024 587 3062 summum
605 3012 773 3076 Pontificem,
788 3014 903 3064 etalteri
918 3027 967 3080 per
982 3013 1059 3068 Ordi-

57 3079 148 3146 unum,
157 3082 215 3132 haec
230 3084 409 3132 suntstatutae
424 3081 545 3146 regulae:
559 3083 582 3132 si
594 3082 811 3134 beneficiumuni
825 3084 910 3148 prius,
923 3084 1001 3137 alteri
1013 3096 1060 3150 po-

57 3149 134 3202 sterius
141 3154 175 3203 sit
187 3153 324 3212 collatum,
339 3153 427 3218 prima
440 3152 530 3202 valida
540 3157 581 3203 est
595 3153 712 3216 collatio,
727 3154 791 3218 quia
804 3155 880 3220 prior
890 3155 922 3205 -in
937 3159 1058 3220 tempora

58 3220 172 3276 latiores
184 3225 286 3287 injure
302 3243 309 3285 ;
326 3224 349 3274 si
364 3229 454 3274 sutem
469 3223 576 3275 collatio
598 3225 692 3276 eodem
711 3225 756 3276 dic
773 3225 882 3292 utrique
896 3226 967 3277 lacta
980 3223 1057 3276 exhi·

58 3285 141 3355 latur,
150 3295 292 3360 praefertur
305 3295 338 3352 is,
351 3294 398 3359 qui
410 3298 506 3345 nactus
525 3300 567 3346 est
582 3295 707 3346 beneficii
724 3297 933 3360 possessionem.
948 3295 1012 3360 quia
1026 3292 1055 3343 in

60 3356 217 3433 lubiomelior
230 3371 272 3416 ast
286 3363 403 3416 conditio
419 3365 584 3430 possidentis
593 3385 600 3427 ·,
609 3369 636 3417 et
646 3367 669 3417 si
679 3380 758 3418 nemo
773 3368 809 3418 sit
823 3369 850 3417 in
860 3364 1058 3430 possessionem

60 3432 179 3499 lamissus,
191 3435 336 3500 praefertur
349 3438 382 3498 is,
397 3435 443 3500 qui
465 3435 627 3488 beneficium
642 3451 659 3486 a
679 3451 783 3488 summo
798 3436 929 3488 Pontittce
941 3433 1058 3485 obtinuit

60 3497 84 3548 th
93 3507 286 3576 prerogativam
296 3506 445 3576 dignitatis.
453 3533 484 3544 -
491 3507 528 3574 (t)
538 3507 577 3560 De
587 3507 630 3560 his
641 3509 748 3578 agimus
757 3508 786 3560 iu
795 3505 919 3578 sequenti
930 3501 1016 3558 titulo.
1026 3527 1057 3540 -
