2524 4080
513 952 550 998 nit
562 952 715 998 consolans

104 1133 244 1192 susumus
255 1153 262 1186 r
276 1140 330 1192 itt.
341 1139 397 1200 Quis
410 1140 439 1192 sit
449 1139 540 1206 juderi
551 1168 582 1179 -
593 1141 648 1192 ito.
662 1140 817 1207 impariumin
830 1154 875 1206 quo
887 1140 1014 1194 consistat?
1026 1168 1057 1178 —
1068 1139 1125 1194 ili.
1138 1143 1142 1154 ’
1212 1181 1214 1184 .

133 1209 257 1277 iluotuplsx
268 1212 299 1264 sit
307 1211 451 1278 jurisdictio?
464 1239 495 1250 -
512 1213 566 1264 lin.
586 1211 646 1274 Quot
659 1213 705 1264 sirm
714 1213 815 1280 judicum
829 1213 932 1279 specim?
943 1238 974 1249 -
985 1211 1039 1262 ms.
1058 1214 1122 1272 Quo·

132 1282 199 1334 modo
210 1283 281 1348 luder
291 1282 427 1348 ordinarius,
441 1288 464 1335 ct
476 1282 590 1348 laegatus
603 1289 687 1348 queant
695 1283 875 1350 jurisdictionum
884 1297 949 1334 suam
965 1281 1123 1348 delegaret-

133 1347 184 1404 ilt.
208 1353 270 1414 Quas
286 1353 316 1406 cb
331 1367 410 1406 causes
430 1360 497 1421 quont
512 1359 606 1419 uterque
621 1359 735 1419 umquam
751 1359 870 1420 suspectus
890 1353 1007 1406 resumsit
1024 1381 1049 1391 --
1065 1353 1121 1406 ll5.

131 1421 251 1482 Quomodo
263 1425 375 1477 recusatio
388 1425 418 1478 sit
430 1425 597 1491 proponenda?
612 1455 639 1466 -
654 1427 708 1477 llo.
723 1427 781 1486 (luit
793 1425 967 1484 observantium,
981 1423 1070 1492 quando
1081 1425 1125 1476 tle·

130 1493 210 1560 matio
227 1495 329 1562 pluribus
347 1497 407 1548 luctu
425 1496 484 1548 iuit‘l
499 1524 526 1536 -
547 1497 600 1549 lii.
617 1497 677 1560 Quot
697 1497 772 1550 modis
792 1500 865 1550 cesset
876 1497 986 1550 'cilicium
1010 1495 1124 1562 dulcescit

129 1591 159 1606 -
173 1567 228 1676 lig.
245 1567 310 1628 Quis,
325 1571 348 1622 st
367 1568 487 1635 quotuplex
505 1568 535 1622 sit
553 1567 651 1622 arbiter?
667 1595 699 1608 -
715 1569 769 1622 tol.
793 1568 848 1630 Qua
867 1569 898 1622 sit
918 1567 1054 1620 arbitrorum
1077 1580 1120 1636 po·

128 1641 199 1692 tostas
213 1677 219 1690 .

131 1819 193 1876 ⁵139.
213 1816 311 1876 ludex
323 1816 364 1875 ita
375 1820 500 1876 vocatus
516 1815 601 1892 quasi
611 1816 665 1892 jus
683 1817 780 1878 diacos
798 1822 897 1894 potest
916 1815 1043 1890 deliniri,
1055 1830 1121 1892 occ

96 1919 168 1965 socc
182 1905 324 1981 luciliano,
337 1911 363 1964 et
376 1905 422 1964 vir
436 1903 527 1964 bonos
536 1905 617 1986 ituris
634 1913 660 1965 et
679 1907 755 1982 aqui
772 1907 885 1983 peritus
901 1905 934 1976 dc
948 1905 1079 1980 coquito,
1095 1910 1123 1963 et

96 1993 299 2054 controuersiis
327 1991 509 2068 litigatorum
540 1995 734 2069 cognoscendi,
759 2001 785 2054 ct
812 1993 961 2054 duodenni
983 1998 1122 2068 potestate

94 2084 244 2159 cruditos.
261 2082 373 2144 Dicitur
390 2099 517 2158 porsoco
535 2081 664 2158 tonitium
682 2083 750 2159 quia
768 2083 856 2143 <lebet
875 2099 942 2142 esse
960 2097 1121 2158 personas

94 2171 208 2248 legibus
234 2171 361 2250 probata
377 2189 384 2230 :
402 2173 469 2230 'non
496 2171 576 2231 euim
602 2187 707 2232 omncs
738 2177 850 2247 queunt
871 2171 986 2246 iudicis
1017 2169 1116 2230 cilicio

94 2259 213 2338 defungi
224 2280 236 2342 :⁴
244 2259 440 2336 prohibentur
453 2275 525 2318 sone
537 2258 660 2320 infames
674 2263 725 2332 (l),
738 2257 989 2320 excommunicati
1003 2259 1117 2318 vitandi

93 2353 142 2423 lt),
155 2350 290 2428 minores
303 2347 389 2408 annis
401 2351 483 2406 livill
492 2350 543 2421 (3),
551 2345 617 2406 laici
630 2347 661 2405 in
675 2364 765 2408 cansa
774 2347 917 2424 spirituali
926 2351 978 2421 (ll,
990 2358 1019 2407 et
1033 2363 1119 2421 regu·

91 2435 191 2500 laritcr
204 2437 336 2498 ioeminae
350 2440 401 2508 (5).
415 2435 527 2496 Dicitur
540 2436 586 2496 vir
599 2436 700 2507 bonor,
713 2436 743 2496 id
757 2443 803 2496 est
816 2436 961 2512 prudens,
976 2453 1014 2496 ne
1028 2435 1120 2496 nimie

90 2535 210 2589 notetur
222 2525 380 2588 severitate
394 2530 444 2584 aut
459 2525 625 2600 clementia,
640 2531 791 2600 constans,
808 2542 854 2584 ne¹
865 2525 1014 2585 scelerum
1026 2524 1117 2600 turpi·

90 2617 202 2692 tudine,
217 2622 269 2676 aut
282 2613 523 2676 calamitosorum
536 2614 666 2674 lacrimis
680 2619 846 2686 moveatur,
861 2619 891 2674 ct
909 2612 1111 2690 incorruptus,

89 2721 126 2766 uc
140 2707 223 2778 odio,
238 2707 289 2765 aut
302 2702 441 2778 amicitia,
456 2709 507 2763 aut
524 2703 697 2764 muneribus
707 2702 853 2779 judicium
866 2703 941 2762 ierat
961 2705 1012 2775 (6).
1036 2700 1114 2761 llici-

88 2799 136 2854 tnr
155 2794 285 2870 denique
305 2792 491 2868 ccccccccodi
508 2799 534 2851 ct
553 2791 702 2852 democriti
724 2797 863 2868 potcstctc
882 2791 1034 2867 praeditus,
1056 2789 1114 2850 sub

88 2899 146 2960 qens
160 2883 353 2946 continentur
365 2881 525 2958 imperinm
538 2887 565 2941 ct
571 2881 762 2958 jurisdictio(
781 2883 802 2952 ).

119 3033 153 3098 tt)
168 3033 235 3085 Gsn.
252 3031 273 3092 i,
288 3045 312 3083 c.
326 3030 349 3096 3,
364 3045 390 3098 q.
403 3032 427 3084 7.
445 3056 476 3067 -
486 3029 522 3094 (t)
535 3028 599 3096 (lep.
613 3028 654 3092 tl,
665 3028 699 3080 de
713 3041 742 3080 rc
752 3027 837 3093 judic.
850 3055 881 3066 -
893 3027 928 3094 (3)
944 3027 1008 3096 Gap.
1024 3029 1063 3080 41.
1076 3029 1111 3080 ds
1208 3023 1210 3029 ’

88 3103 154 3156 offic.
171 3103 259 3168 dclag.
271 3128 303 3140 -
318 3102 351 3168 li)
365 3104 429 3168 cap.
447 3101 471 3163 2,
493 3100 527 3152 de
541 3099 624 3166 judic.
641 3099 793 3152 Novissime
815 3099 842 3152 S.
858 3099 1035 3166 congregatio
1058 3099 1110 3150 Im·

87 3173 228 3226 munitatis
240 3173 282 3225 die
296 3172 310 3225 3
324 3174 423 3224 octobr.
436 3171 667 3234 183i,nuctoronte
679 3181 783 3221 summo
793 3168 1119 3234 Pontificc,dciiuivit,nc·

87 3245 189 3296 minem
204 3244 312 3308 laicum,
325 3243 368 3295 vai
388 3243 517 3295 clericum
537 3243 718 3307 conjugatum,
733 3253 812 3306 posse
826 3254 969 3306 processus
983 3240 1113 3292 criminu-

86 3313 127 3367 les
138 3318 235 3368 contra
248 3315 360 3367 clericos
374 3317 528 3366 construere
542 3313 593 3364 sub
608 3312 740 3364 nullitotis
750 3325 838 3377 poeue,
854 3312 918 3364 licet
933 3312 961 3362 id
970 3311 1017 3362 liat
1028 3310 1116 3362 solum

87 3397 174 3452 usque
191 3387 227 3438 cd
245 3386 415 3448 seutentiam,
430 3399 480 3438 nec
496 3387 578 3436 etium
591 3397 672 3449 posse
685 3388 768 3436 tcstss
783 3383 962 3436 cxsmiuarin
980 3380 1116 3434 cancella-

86 3457 127 3509 rio
138 3457 228 3520 laico;
243 3457 353 3524 quodsi
368 3457 414 3508 fiet
434 3460 567 3522 praetcxtu
579 3456 772 3520 cujuscumque
787 3453 991 3506 consuetudinis
1006 3451 1117 3504 nullum

87 3526 381 3593 declaratur,etsolum
394 3527 551 3586 remedium,
561 3525 632 3593 qnod
642 3530 735 3585 restat,
745 3527 788 3577 ast
796 3537 923 3576 recursus
930 3523 964 3574 cd
975 3536 1113 3575 summum

86 3596 247 3654 Pontificum
263 3599 466 3666 prosecutione
482 3611 633 3666 processus,
648 3601 675 3651 ct
692 3611 740 3664 pro
754 3595 924 3650 obsolutione
946 3607 963 3648 c
982 3595 1114 3650 censoris.
