2524 4080
123 359 183 420 lii.
198 353 368 418 lmbsdietio
385 355 525 420 dividitur
544 357 575 418 in
596 355 800 420 ooiuoiou'om
824 364 855 420 et
878 359 1099 424 meamne.

89 444 253 508 lobmtaria
262 444 340 508 inter
352 445 487 506 somnies
499 445 563 508 sine
577 445 702 522 strepitu
713 446 817 522 judieii
829 447 920 510 etiam
933 458 1015 510 extra
1030 465 1102 524 pro·

89 531 185 607 litium
206 532 385 598 territorium
409 539 581 608 exercetnr3
606 535 792 598 eontenuosa
811 552 884 600 vero
904 537 981 598 luter
993 536 1102 599 inritos

57 695 65 718 .
88 633 154 684 enm
166 635 263 686 musae
275 623 456 699 cognitione,
475 623 528 684 sed
542 629 657 684 tantum
674 624 705 686 in
719 623 842 700 proprio
855 624 1015 688 territorio.¹
1028 626 1108 690 ltine

87 708 191 786 ubique
210 711 275 772 fleri
288 713 416 789 ajndice
429 718 528 788 potest
542 712 673 789 adoptio,
687 720 717 774 et
730 714 868 776 benefloii
891 715 1029 788 oollatios
1050 713 1104 776 sed

86 802 197 860 bntnm
208 800 239 862 in
251 801 399 862 territorio
412 807 539 878 possunt
551 808 652 878 partes
664 801 812 878 litigantes
825 801 931 877 audiri,
945 809 1111 868 ettennon.

86 886 124 946 tia
134 889 279 964 proferri:
295 889 364 966 quia
377 889 418 950 illi
431 895 517 950 actus
529 891 569 950 ad
580 889 786 963 voluntariam,
796 891 827 950 bi
839 907 912 951 vero
926 892 964 951 ad
978 897 1104 952 eonten-

86 973 188 1037 lionam
200 977 438 1054 iurisdietionem
450 979 630 1054 referuntur,
641 979 679 1038 de
693 997 751 1056 qna
761 979 863 1039 ultima
875 979 1018 1040 habemus
1028 979 1105 1056 juris

89 1065 218 1126 effanrm:
230 1067 327 1128 lintre
340 1067 524 1128 territorium
527 1067 581 1146 joa
591 1068 702 1130 dimoti
714 1067 834 1146 impone
847 1085 909 1128 ooo
918 1075 1042 1145 paretur
1052 1071 1106 1140 (i).

114 1211 149 1278 (i)
160 1211 318 1268 iurisdictio
333 1214 444 1282 insuper
453 1214 507 1266 elia
520 1217 562 1266 est
572 1213 724 1274 ordinatio
738 1217 766 1268 et
781 1215 834 1268 elia
848 1213 976 1280 deiopeia.
992 1215 1046 1266 llla
1056 1214 1104 1266 da·

88 1284 188 1336 soendit
201 1299 236 1338 ex
247 1284 315 1352 lege,
330 1290 357 1337 et
369 1286 496 1350 competit
506 1285 592 1350 judici
607 1285 742 1352 ordinario
753 1287 856 1338 ratione
869 1285 967 1348 officii;
978 1286 1106 1337 baeevero

87 1357 206 1418 provenit
221 1370 255 1410 ex
268 1356 385 1416 bomine,
400 1360 447 1409 eut
461 1370 479 1408 a
497 1359 560 1423 jure
574 1357 675 1410 ratione
689 1356 885 1410 commissionis
898 1357 933 1408 ab
946 1355 1065 1421 bomine,
1074 1359 1105 1407 ut

86 1427 156 1489 patet
166 1441 199 1480 aa
211 1441 325 1480 numero
342 1427 476 1494 sequenti.

118 1607 179 1664 lit.
194 1605 293 1665 iudex
306 1605 416 1682 triplex
430 1612 485 1678 est,
500 1619 609 1682 nempe
621 1603 804 1678 mainerius,
819 1608 870 1664 aut
883 1603 1041 1679 deleantur,
1056 1610 1108 1664 aut

86 1690 202 1752 arbiter.
220 1693 394 1753 ordinarius
416 1693 526 1754 dieitrnr
545 1692 605 1766 ille,
621 1693 671 1768 qui
693 1694 723 1753 in
746 1709 801 1751 sno
822 1691 970 1752 territorio
992 1692 1108 1752 ratione

84 1781 181 1852 offleii,
196 1788 249 1844 ant
266 1783 467 1858 magistratus,
486 1785 553 1858 jure
567 1782 622 1842 sibi
636 1782 759 1859 proprio
773 1783 902 1858 exlege,
916 1784 963 1842 vel
981 1798 1108 1842 eonsue-

85 1869 186 1931 tudine
203 1870 442 1948 jurisdictionem
462 1872 562 1945 babet,
579 1878 614 1932 ut
631 1878 678 1931 est
694 1871 866 1948 Episcopus,
881 1872 1005 1947 ejusque
1025 1871 1109 1930 vioe·

84 1957 146 2019 risis
165 1959 327 2036 generalis,
349 1961 515 2036 capitulum
536 1960 716 2034 cathedrale,
730 1960 802 2020 sede
822 1967 958 2034 vaeante,
984 1961 1109 2036 ejusque

85 2046 216 2108 Viearius
231 2049 413 2124 capitularis,
428 2055 459 2109 et
476 2048 598 2109 inferior
617 2051 758 2110 Praelatus
771 2049 897 2123 nullius,
912 2049 963 2125 qui
978 2048 1009 2108 in
1023 2047 1109 2108 terri-

89 2135 164 2196 torio
185 2144 327 2214 separato
346 2138 550 2213 jurisdictione
568 2137 653 2214 qnasi
666 2137 827 2214 episeopeli
839 2137 946 2198 irruitur
960 2141 1001 2210 (i)
1014 2138 1110 2197 ludex

86 2223 243 2302 delegatus
266 2233 322 2300 est,
338 2226 389 2302 qui
408 2222 503 2288 aliem
520 2226 726 2304 jurisdictione
749 2227 850 2296 utitur,
866 2233 896 2286 et
915 2227 1004 2287 babet
1023 2233 1110 2302 pote·

85 2319 193 2376 statem
204 2315 360 2392 judicandi
371 2315 402 2374 in
416 2316 515 2376 cauma
535 2314 590 2375 sibi
612 2315 778 2390 specialiter
791 2314 966 2376 commissis
980 2315 1111 2375 Dicimus

83 2405 347 2478 spedolitemam
366 2405 392 2464 si
413 2404 452 2464 sit
473 2405 627 2480 delegatus
649 2404 688 2464 ed
709 2403 933 2464 universitatem
954 2419 1111 2462 causarum

85 2492 173 2554 etiem
187 2493 444 2568 alianJusgeneris
458 2500 573 2553 mnium
521 2509 646 2567 um,ex.
659 2509 704 2568 gr.
718 2491 986 2564 matrimonialium,
999 2492 1111 2551 antbe-

49 2645 52 2650 Δ
83 2580 277 2655 nelleialium,
291 2598 351 2641 non
365 2588 411 2641 est
425 2581 596 2657 simpliciter
609 2581 772 2656 delegatus
785 2581 839 2640 sed
853 2579 1111 2655 ordinariusque

84 2669 248 2743 ordinaria,
263 2677 315 2730 eut
327 2669 468 2730 mandata
480 2670 572 2730 utitur
589 2669 793 2746 jurisdictione
807 2673 859 2743 (Ξ),
875 2669 970 2728 iudex
984 2667 1112 2744 denique

84 2757 196 2818 arbiter
211 2765 259 2818 est
270 2758 329 2833 ille,
344 2757 395 2834 qni
408 2775 426 2818 a
439 2755 573 2833 partibus
584 2758 712 2834 eligitur,
720 2765 755 2818 ut
766 2759 803 2818 de
815 2773 850 2818 re
862 2755 939 2816 inter
951 2755 1032 2833 ipses
1042 2773 1111 2832 per-

84 2849 130 2904 ies
143 2853 343 2908 controversa
352 2846 499 2923 judicium
512 2848 605 2920 ierat3
622 2847 702 2924 quod
721 2846 747 2906 si
764 2846 816 2906 flat
836 2861 876 2905 ex
888 2844 962 2920 legis
972 2845 1110 2921 praesori·

83 2939 136 3008 pto
150 2935 267 2996 arbiter
278 2936 357 3012 iouis
372 2935 435 2996 sire
447 2937 628 2996 necessariis
646 2936 830 3012 appellatur;
845 2934 871 2993 si
884 2951 956 2995 vero
967 2951 1007 2994 ex
1016 2934 1111 2994 libero

86 3021 225 3098 ipsarum
238 3023 368 3100 partium
381 3039 531 3084 consensu
542 3024 603 3098 ilat,
616 3024 726 3084 arbiter
738 3023 926 3084 onirottnrius
937 3023 1044 3084 dieitur
1057 3027 1109 3095 (3).

115 3189 152 3256 (1)
165 3190 229 3242 Tot.
246 3189 286 3241 tit.
298 3188 410 3241 deoffie.
431 3189 489 3256 jud.
505 3189 564 3242 ond.
577 3215 608 3228 -
620 3188 657 3254 (l)
675 3187 734 3240 Tot.
748 3187 788 3240 tit.
804 3187 838 3242 de
856 3185 925 3240 oilie.
942 3187 1003 3255 jud.
1022 3186 1110 3253 deles.

86 3284 114 3297 -
127 3260 165 3326 (3)
179 3261 241 3313 Tot.
256 3261 297 3312 tit.
314 3259 347 3312 de
361 3261 454 3312 arbitr.
1118 3307 1122 3314 ,

120 3447 188 3506 743.
206 3446 303 3506 Index
316 3444 483 3506 ordinarius
496 3449 596 3522 potest
608 3459 670 3503 snae
680 3441 893 3520 jurisdictionis
909 3447 1035 3518 putem,
1050 3457 1112 3502 non

85 3540 191 3594 autem
204 3539 299 3594 totam
310 3532 545 3612 jurisdictionem
558 3533 696 3608 delegare
709 3537 767 3606 (t),
781 3531 848 3592 ideo
858 3548 930 3591 vero
943 3535 1069 3608 partem,
1082 3535 1113 3590 et

87 3637 152 3684 non
164 3627 273 3698 totam,
288 3623 357 3700 qma
369 3623 428 3687 boe
440 3621 597 3698 posteriori
606 3637 679 3684 easu
690 3621 780 3684 alium
790 3625 906 3682 crearet
916 3619 1049 3695 judicem
1061 3635 1111 3680 or-
