2524 4080
609 167 769 226 ..apg-

171 287 287 358 plunrin
295 287 445 342 moenibus
457 287 698 356 poenitentialibus,
712 290 778 342 etin
786 289 905 346 conabo
917 291 1044 345 Romaest
1055 289 1112 342 tnui
1123 288 1174 345 92³.

173 359 203 412 tn
217 373 270 428 quo
282 359 317 412 ad
329 357 439 424 longum
449 359 585 426 jejunium
599 359 719 412 damnati
731 361 842 414 luertmt
851 361 960 420 milites.
971 362 1019 430 qui
1030 360 1126 412 labello
1137 359 1175 410 iu-

170 433 246 498 justo
255 429 445 482 militaverant.
466 430 628 482 Benedictus
649 431 714 483 xlv
736 431 770 484 de
792 431 889 498 Synod.
907 432 924 484 l.
950 431 988 496 10,
1003 447 1028 485 c.
1042 433 1100 494 tl,u.
1114 431 1134 480 t.
1147 430 1177 480 lu

173 501 250 570 praxi
263 514 327 554 uero
349 501 415 553 dicti
436 507 513 554 actus
536 502 702 566 poeuiteutise
725 502 814 554 solent
834 505 975 568 praescribi
993 508 1082 557 contra
1101 500 1177 552 uelin-

173 577 288 638 quantes
299 572 413 624 clericos
425 571 454 624 in
466 572 606 624 exercitiis
620 573 809 637 spiritualibus
821 575 851 625 iu
873 574 963 641 aliqua
972 575 1097 641 religiosa
1111 571 1179 623 ioue

172 642 342 710 peragendis.
366 669 398 682 -
419 643 456 708 (t)
477 643 562 696 Posse
576 643 684 710 judicos
697 645 795 709 punire
814 657 876 698 reos
888 645 1051 698 verberibus
1068 643 1182 695 clarede

171 719 323 766 monstrant
336 714 416 787 plura
424 715 505 781 juris,
519 718 547 767 et
559 713 680 766 historias
695 715 762 768 loca.
774 715 880 768 Revera
893 717 921 770 S.
937 715 1082 782 Gregorius
1094 713 1180 766 lllde·

172 783 284 838 claravit
298 785 501 852 §.Augustino
515 799 596 852 wem
616 791 754 852 umquam
775 787 934 854 Apostolum
955 788 1069 840 miserat
1090 787 1115 838 iu
1132 786 1181 836 Au·
1251 840 1252 850 ,

172 854 264 922 gltam,
277 871 340 909 aum
353 869 433 924 posse
447 855 522 909 iures
540 857 700 908 verberibus
723 859 866 923 corrigere.
890 858 954 910 Can.
976 860 1015 918 lt,
1039 873 1064 910 c.
1079 857 1146 921 lto.
1158 856 1180 917 i,
1251 859 1252 912 i

172 927 252 980 modo
267 929 295 980 id
307 941 362 980 non
375 928 457 980 teniat
469 929 596 980 manibus
610 929 677 982 suis.
692 929 757 980 Gan.
773 929 813 992 25,
826 929 889 982 dist.
905 931 952 992 863
967 933 996 982 et
1010 929 1087 982 modo
1102 927 1126 980 tt
1135 939 1182 978 nou
1251 963 1252 990 3

174 999 261 1063 taust,
276 1005 307 1052 ut
319 1000 456 1064 timeatur,
469 1000 539 1052 sicut
553 1000 624 1052 idem
644 1001 768 1053 Pontifex
782 1002 878 1054 scribit
900 1002 1034 1069 Episcopo
1049 999 1180 1054 Constanti
1251 1041 1252 1070 ,

173 1069 339 1136 napolitano.
350 1071 415 1124 Can.
433 1069 455 1132 i,
469 1069 532 1122 dist.
548 1071 586 1124 ii.
602 1071 718 1138 Insuper
730 1073 873 1124 concilium
891 1073 1049 1139 Agathonos
1063 1069 1183 1124 edixitut
1251 1095 1252 1100 κ

174 1141 307 1202 Ιοηαοῐιί,
322 1155 390 1210 quoe
404 1141 546 1193 verborum
565 1143 713 1207 increpatio
724 1157 776 1194 nou
789 1143 982 1203 emendaverit,
999 1149 1107 1209 possent
1117 1142 1185 1193 elium

173 1213 333 1268 verberibus
357 1213 483 1264 coerceri.
503 1215 569 1264 Can.
584 1213 608 1274 3,
624 1227 646 1264 c.
668 1213 708 1275 20,
721 1227 746 1279 q.
761 1213 783 1266 i.
804 1215 917 1266 Demum
930 1213 957 1267 S.
975 1215 1139 1280 Augustinus
1157 1209 1186 1261 ad

173 1283 359 1337 Marcellinum
369 1285 478 1336 modum
491 1285 661 1336 coercitionis
669 1299 717 1349 per
725 1285 861 1351 virgarum
873 1287 987 1338 verbera
994 1284 1187 1353 probabimini

175 1356 234 1422 ipse
245 1357 352 1417 latetur,
364 1370 382 1408 o
395 1355 533 1421 mnpbtris
549 1355 654 1414 ortium
677 1355 840 1419 tiberalium,
859 1357 892 1409 uli
911 1357 977 1420 ipsis
994 1357 1155 1423 permittas,
1166 1355 1186 1404 et

174 1440 240 1491 sepe
252 1428 338 1480 etiam
349 1425 381 1477 ia
390 1425 505 1494 Juctieiis
517 1427 581 1480 solet
595 1425 629 1479 ab
644 1425 781 1494 Episcopis
794 1427 928 1480 adhiberi.
942 1431 1009 1480 Cen.
1027 1429 1049 1490 l,
1059 1443 1081 1478 c.
1090 1426 1125 1476 23.
1134 1425 1185 1490 q.5.

174 1497 308 1565 idipsum
323 1498 453 1562 probatur
473 1497 508 1548 eb
524 1497 652 1558 historie;
674 1513 738 1549 nam
757 1497 952 1551 verberationis
975 1513 1060 1565 poeua
1077 1496 1189 1550 utebatur

174 1569 202 1621 S.
216 1568 351 1621 Caesarius
359 1569 522 1620 Arelatensis
535 1569 696 1634 Episcopus,
706 1575 737 1620 ut
750 1573 826 1635 patet
835 1583 868 1621 ex
882 1572 942 1634 eius
954 1571 1026 1622 actis
1041 1582 1114 1620 asuc
1123 1567 1190 1618 discl-

174 1640 238 1704 pulo
255 1639 389 1704 Cypriane
402 1640 570 1705 conscriptis,
584 1640 731 1691 utebantur
745 1641 917 1706 Regularium
935 1641 1118 1702 institutores,
1127 1642 1155 1688 ut
1166 1636 1189 1686 iu

175 1707 423 1774 remissionom
442 1709 621 1773 Hispalensis,
647 1711 675 1762 S.
698 1711 818 1772 Macarii,
838 1714 866 1762 et
884 1711 912 1762 S.
935 1711 1085 1764 Benedicti.
1109 1708 1189 1761 Devcti

175 1781 242 1832 lust.
258 1779 324 1832 can.
340 1778 358 1830 l.
373 1779 397 1843 t,
411 1784 429 1830 t.
444 1780 485 1844 17,
499 1780 512 1844 ξ
531 1779 557 1842 i,
571 1781 601 1832 iu
616 1788 671 1834 net.
688 1781 754 1832 Haec
769 1795 850 1846 paena
864 1782 892 1833 in
905 1781 1031 1835 Ecclesia
1053 1779 1197 1834 adhibebo-1

173 1855 228 1912 tur,
244 1863 306 1902 cum
320 1849 400 1902 etiam
411 1850 438 1902 iu
453 1851 636 1902 tribunalibus
650 1851 780 1904 laicorum
791 1854 819 1904 in
832 1867 885 1906 usu
896 1858 955 1907 erat
968 1869 975 1904 ι
989 1867 1065 1906 nuno
1079 1851 1189 1910 dimissa,

175 1925 203 1974 et
216 1921 337 1974 absolata
348 1921 418 1972 lacta
436 1925 485 1974 est.
500 1947 531 1962 ·-
543 1923 580 1986 (5)
602 1923 723 1976 Ecclesia
747 1921 812 1976 olim
831 1937 879 1989 pre
903 1925 1063 1976 carceribus
1086 1922 1192 1976 habebat

173 1989 327 2051 Decanicos,
339 1992 381 2044 vel
391 1989 559 2052 Diaconum,
572 1992 600 2044 in
614 1998 657 2044 esi
671 1994 730 2046 lece
743 1995 880 2057 conclusa,
897 1995 924 2046 in
937 1995 1041 2060 quibus
1055 1992 1193 2046 ciericiin-

175 2063 310 2128 morigeri,
324 2061 408 2116 veluti
423 2063 451 2114 iu
470 2075 578 2116 carcere
594 2065 814 2116 asservabantur.
830 2066 925 2118 Devoti
940 2065 958 2116 l.
979 2066 1005 2128 ³,
1019 2071 1039 2116 t.
1063 2066 1086 2130 l,
1099 2066 1111 2129 fl
1123 2062 1193 2122 itin

176 2137 230 2186 not.
245 2133 375 2186 Gonzelez
386 2133 421 2185 ad
432 2147 489 2199 cap.
504 2133 534 2186 tl
550 2133 583 2186 de
597 2133 671 2186 verb.
688 2136 778 2200 siguli.
802 2135 869 2190 Inte
890 2135 918 2188 iu
933 2139 1132 2190 monasterium
1143 2134 1191 2186 loco

176 2203 394 2258 carcerisclerioi
408 2204 546 2256 criminosi
567 2205 789 2260 detmdebantur.
806 2207 886 2260 Ceuc.
911 2207 1071 2273 Agathense
1086 2221 1142 2258 cen.
1159 2203 1191 2262 ³⁰.

176 2275 248 2343 apud
264 2273 385 2328 Lebeum
399 2279 464 2326 tom.
478 2276 501 2326 5.
519 2275 671 2329 Posteriora
686 2284 776 2329 autem
795 2283 874 2330 aetate
888 2279 1019 2343 Episcopi
1033 2278 1149 2339 vincula,
1162 2274 1192 2327 si·

174 2361 207 2398 ve
221 2360 343 2400 carceres
356 2346 481 2414 proprios
494 2345 595 2398 habere
609 2352 768 2411 ooeperunt;
784 2348 856 2400 uude
870 2349 995 2400 Clemens
1009 2350 1054 2400 111
1072 2349 1192 2415 Episcopo

175 2417 325 2470 Parisiensi
337 2418 446 2484 scripsit
461 2429 467 2462 :
481 2415 534 2470 Pro
546 2416 592 2468 ilio
601 2417 716 2484 fatentia
726 2419 822 2472 elerico
835 2419 973 2485 scelerato,
989 2433 1071 2486 quam
1084 2418 1121 2471 nti
1129 2429 1193 2470 oute

175 2486 271 2541 dotum
283 2491 407 2542 nostrum
420 2487 482 2554 capi
497 2485 595 2554 secasti,
610 2487 658 2541 boc
674 2489 724 2542 tibi
739 2487 865 2542 dommac
878 2490 1083 2554 consulendam,
1101 2493 1131 2544 ut
1142 2501 1194 2540 mm

176 2557 380 2624 inperpetuum
393 2572 528 2611 carcerom
540 2557 578 2610 cd
590 2559 723 2624 agendam
736 2561 925 2625 penitentiam
936 2559 1064 2614 includes
1079 2574 1147 2626 pane
1158 2558 1193 2610 tic
1252 2579 1253 2634 p

175 2628 252 2695 toris,
268 2633 293 2682 et
306 2641 379 2696 aquo
393 2628 523 2696 onpustia
545 2630 760 2685 sustentantium.
775 2633 841 2698 cap.
857 2631 899 2688 at.
922 2631 956 2683 de
972 2633 1050 2692 verb,
1072 2631 1159 2698 signis.
1170 2631 1192 2680 et

176 2699 205 2751 Β.
221 2701 396 2764 Congregatie
410 2701 606 2767 Episcopus-um
620 2701 723 2766 pluries
737 2703 856 2764 modum,
870 2702 996 2755 stlocum
1006 2716 1145 2756 carcerum
1154 2701 1191 2752 de·
1252 2699 1253 2702 ’

177 2771 271 2822 linivit.
284 2770 455 2836 pellegrinus
465 2772 493 2824 in
506 2771 596 2824 Pract.
610 2773 687 2823 crim.
700 2779 770 2837 part.
784 2774 808 2838 l,
823 2779 887 2826 sect.
904 2774 930 2836 8,
945 2787 972 2824 n.
989 2773 1027 2824 37.
1044 2801 1078 2812 -
1087 2773 1121 2837 (6)
1129 2773 1192 2824 Gou-

176 2841 248 2892 zalez
262 2842 297 2893 ad
311 2856 370 2908 cap.
388 2844 411 2900 t.
435 2843 468 2894 de
482 2843 581 2894 calum.
596 2857 623 2893 n.
646 2843 683 2894 ll.
703 2845 766 2896 Can.
791 2845 815 2902 9,
830 2859 853 2896 c.
869 2846 893 2904 3,
907 2859 934 2910 q.
950 2847 964 2896 t
979 2849 1005 2896 et
1026 2858 1088 2896 can.
1104 2844 1127 2902 3,
1143 2842 1193 2909 api
1252 2887 1253 2910 ,

179 2916 208 3034 ὃ
219 2913 367 3034 οὲῳὶὲῑὴᾱο
380 2914 456 3034 clm
472 2913 532 2966 lale.
545 2941 573 2954 -
583 2913 619 2979 (i)
634 2913 697 2980 Cap.
713 2914 754 2980 27,
764 2913 798 2968 de
812 2916 887 2969 verb.
898 2916 989 2981 signif.
1003 2920 1030 2968 et
1045 2915 1119 2968 Trici.
1134 2927 1191 2968 sess.
1252 2921 1253 2980 l

211 3020 217 3047 ,
249 3017 255 3031 .
290 3021 297 3047 ,
332 2997 410 3035 ere.

213 3191 276 3246 tal.
291 3185 437 3248 iudicium
450 3188 494 3248 sio
507 3192 697 3266 appellatum,
714 3190 798 3268 quasi
816 3190 854 3250 sit
861 3191 915 3266 jos
929 3189 1040 3252 dotum
1053 3191 1113 3250 duc
1126 3202 1191 3264 prae·

180 3275 267 3352 cipue
281 3275 436 3352 significat,
452 3295 577 3356 nempe:
594 3269 771 3340 sententiam
784 3297 802 3338 a
817 3279 917 3356 judico
932 3281 1031 3353 laum,
1045 3286 1077 3339 et
1087 3277 1190 3338 matio
1252 3301 1253 3310 ¹

126 3412 129 3418 ,
180 3365 252 3424 dum
264 3365 394 3424 ferendae
407 3366 572 3440 sententiae,
588 3385 686 3444 quaea
702 3367 892 3445 pragmaticis
902 3367 978 3446 juris
992 3366 1086 3428 civilis
1099 3366 1191 3425 Proce-

181 3449 259 3510 duro
274 3458 407 3511 vocatur.
420 3457 489 3525 Nos,
505 3455 636 3529 seposita
651 3455 793 3518 edulium
807 3455 924 3517 titulum
936 3455 1039 3532 primae
1051 3451 1190 3534 signifiea-

180 3533 269 3597 bonis
289 3537 497 3616 explicatione,
509 3540 558 3600 hic
577 3542 616 3602 de
632 3546 766 3606 secunda
784 3551 900 3608 tantum
916 3543 1041 3622 agimus.
1055 3539 1190 3611 &dicium
