2432 4078
573 117 735 176 -atv-

147 237 336 311 revocatione,
356 238 578 300 venundatione
603 245 633 300 et
649 247 753 300 morte.
775 243 829 300 Per
846 238 1063 300 revocationem
1072 252 1143 296 man-

146 325 246 386 dentis
258 332 356 386 cessat
369 326 551 401 mandatum,
572 329 726 390 moderes
744 329 858 404 integra
872 327 927 400 sit;
943 327 969 388 si
983 328 1058 388 enim
1069 343 1145 401 nego·

146 413 219 474 uum
224 416 286 489 jam
295 414 467 476 inchoatum
480 414 593 491 iubset,
608 417 707 477 adbuc
718 418 890 477 mandatum
906 423 1009 492 posset
1022 415 1144 487 remeari,

145 502 199 562 sed
214 509 328 562 tantum
343 505 527 580 tempestive,
544 511 574 565 et
589 505 659 563 deta
673 505 858 564 mandatario
879 504 1036 564 sufficienti
1053 503 1146 562 indem-

146 590 247 667 nitate,
273 593 342 669 quia
369 600 472 669 posset
493 594 598 654 adesse
623 601 687 654 tum
711 595 852 653 damnum
874 610 1079 668 expensarum,
1097 598 1147 652 tum

144 681 230 740 famae
257 681 420 758 periculum
442 688 493 756 (t).
521 688 556 744 Ut
578 690 678 742 amen
700 683 851 743 revocatio
875 684 1013 742 effectum
1031 679 1147 764 mandeti

144 768 295 844 impediat,
317 771 405 832 debet
418 787 485 832 ease
499 771 557 848 ipsi
572 771 767 844 mandaterio,
793 778 822 832 et
836 772 978 832 interesse
992 771 1147 831 habentibus

145 857 332 935 significata,
354 861 417 934 sed,
435 866 468 920 ut
485 861 553 920 alibi
565 862 627 937 jam
649 860 881 934 observavimus,
902 860 1048 936 excipitur
1065 858 1147 920 metri-

144 949 288 1022 monium,
302 950 383 1026 quod
394 956 463 1026 post
471 948 693 1010 revocationem
702 950 834 1010 mandati
845 949 963 1010 nulliter
972 949 1146 1022 conbahitur,

144 1036 258 1097 etiamsi
271 1038 404 1098 mandeti
416 1037 568 1097 revocatio
582 1055 644 1097 nou
658 1037 820 1098 innotuerit
830 1042 881 1110 (i).

178 1129 234 1186 Per
258 1126 514 1188 renunciationem
540 1126 673 1186 similiter
701 1127 875 1187 mandatum
904 1132 1015 1200 cessat,
1041 1129 1148 1188 namot

141 1217 287 1276 mandans
299 1223 398 1293 potest
414 1215 587 1276 mandatum
606 1233 764 1289 revocare,
790 1217 833 1276 sic
853 1217 1054 1276 mandatarius
1067 1219 1148 1293 potest

142 1302 183 1363 illi
193 1306 383 1377 renunciare,
399 1305 453 1364 sed
468 1305 526 1364 hoo
543 1305 726 1380 tempestive,
740 1311 770 1365 et
783 1306 895 1382 absque
912 1305 1078 1365 mandentis
1091 1319 1148 1381 pra

138 1393 250 1469 judicio
263 1393 327 1452 fieri
343 1393 440 1453 debet.
461 1398 554 1452 Porro
573 1393 611 1454 ad
628 1393 707 1454 licite
719 1396 782 1472 jem
804 1400 943 1469 suscepto
962 1394 1097 1454 mandato
1109 1409 1147 1450 re-

144 1482 357 1556 nunciandum,
371 1481 556 1541 cuminvitus
569 1483 777 1555 comendam,
790 1483 888 1558 alique
897 1483 1076 1543 desideratur
1083 1483 1148 1558 justa
1206 1471 1207 1554 i

141 1587 240 1642 causa,
257 1569 326 1644 quia
340 1570 460 1630 omuino
474 1570 600 1630 liberum
613 1579 660 1630 est
674 1572 846 1630 mandatum
860 1569 1023 1645 suscipere,
1036 1569 1085 1628 sed
1099 1581 1146 1626 tion

141 1675 226 1734 aeque
238 1658 365 1718 liberum
378 1659 551 1719 mandatum
564 1657 714 1720 dimittere
725 1665 776 1733 (3).
793 1659 822 1720 si
835 1677 907 1720 vero
917 1658 1109 1718 mandatarius
1117 1653 1147 1714 ad

141 1747 295 1823 negotium
314 1746 383 1806 velit
397 1763 451 1824 per
465 1747 555 1807 adum
569 1765 669 1824 agere,
690 1755 789 1824 potest
806 1749 896 1808 alium
910 1747 966 1807 sibi
986 1745 1148 1822 quandoque

140 1836 318 1896 substituere
335 1839 386 1909 (t),
403 1842 529 1912 excepto
553 1836 752 1909 matrimonio,
772 1837 816 1896 ad·
832 1837 914 1912 quod
928 1835 1148 1896 contrahendum

140 1939 200 1984 non
216 1931 315 2001 potest
329 1923 420 1985 alium
437 1923 640 1986 mandatarius
654 1924 833 1986 substituere
845 1923 909 1986 sine
923 1941 1065 2000 expresso
1077 1919 1147 1982 adid

139 2014 285 2074 mandato
300 2018 351 2087 (5),
367 2014 459 2089 quod,
472 2019 507 2072 ut
525 2013 565 2072 ait
577 2014 679 2088 Engel,
695 2015 734 2073 ob
747 2013 904 2089 paritatem
917 2012 1038 2072 rationis
1050 2011 1085 2071 ed
1100 2009 1147 2069 elin

140 2101 242 2177 magni
260 2102 404 2162 momenti
425 2102 554 2178 negotia,
576 2109 605 2162 et
623 2102 798 2178 prasertim,
819 2110 852 2162 ut
869 2109 1018 2179 putamus,
1044 2098 1146 2177 quando

139 2193 235 2252 electa
259 2191 426 2268 specialiter
448 2198 573 2268 apparet
597 2189 743 2252 industria
764 2207 919 2268 personae,
943 2188 1145 2266 extendendum
1206 2227 1207 2232 κ

138 2279 255 2342 videtur
266 2284 319 2354 (6).
1071 2349 1074 2362 ‚

174 2375 229 2431 Per
242 2377 370 2432 mortem
383 2369 512 2446 denique
523 2373 620 2429 cessat
636 2369 824 2430 mandatum:
835 2374 865 2430 et
880 2368 1001 2445 quidem
1015 2385 1066 2445 per
1077 2381 1145 2426 mor·
1206 2447 1207 2452 ἵ

141 2464 199 2520 tem
213 2458 389 2520 mandatarii
400 2459 546 2532 absolute,
561 2457 701 2534 quiahoc
715 2458 845 2518 officium
858 2475 920 2518 non
931 2457 1035 2518 transit
1047 2457 1083 2516 ed
1092 2455 1141 2512 he·
1206 2457 1207 2524 ἶ

137 2548 239 2622 redes;
255 2565 309 2624 per
326 2554 455 2608 mortem
468 2563 544 2607 vero
562 2547 731 2608 mandantis
750 2554 848 2608 cessat
865 2548 1046 2619 mandatum,
1066 2543 1088 2604 si
1102 2557 1142 2602 res
1206 2586 1207 2596 ,

137 2635 176 2697 sit
188 2637 312 2712 integra,
327 2642 357 2696 et
369 2653 428 2696 noo
443 2642 549 2709 cessat,
565 2636 590 2695 si
603 2635 697 2712 gestio
715 2637 827 2711 negotii
840 2635 971 2712 incoepta
984 2636 1046 2711 jam
1058 2630 1138 2693 inerit.
1206 2662 1207 2690 2

138 2725 224 2796 Quod
237 2732 333 2786 cesset
346 2725 531 2798 mandatum,
547 2725 719 2800 reintegra,
733 2725 875 2786 limitatur
887 2727 919 2786 in
933 2727 1032 2786 causis
1044 2724 1102 2800 piis,
1114 2723 1140 2778 nt

138 2813 249 2888 siquis
275 2813 360 2873 alteri
387 2813 572 2874 mandaverit
593 2813 749 2890 pecuniam
771 2815 952 2891 pauperibus
972 2813 1139 2880 distribuere,

138 2918 228 2977 quam
242 2901 417 2961 distribuere
431 2909 529 2976 potest
543 2901 630 2962 etiam
651 2893 718 2978 p'ost
736 2904 904 2962 mandantis
920 2911 1057 2975 mortem,
1075 2895 1140 2976 quod
1206 2943 1207 2978 ᾗ

137 2991 168 3050 in
182 2989 245 3050 aliis
263 2989 360 3050 causis
377 2990 585 3052 favorabilibus
603 2992 787 3066 observetur,
802 2993 893 3053 veluti
911 2993 936 3052 si
956 2995 1021 3069 quis
1033 2989 1154 3052 menda·-

136 3078 212 3139 verit
224 3079 329 3154 pueliae
342 3080 443 3141 dotem
462 3081 549 3155 dare;
567 3080 708 3141 limitatur
722 3098 842 3158 quoque
860 3097 930 3141 oum
943 3081 1084 3142 mandans
1095 3092 1140 3153 pro
1206 3121 1207 3156 ,

136 3167 322 3228 mandatario
347 3168 533 3246 fidejusserit,
552 3169 601 3228 vel
615 3169 800 3230 satisdederit
818 3175 869 3244 (t).
886 3171 969 3242 Quod
986 3175 1139 3229 autemnon
1206 3219 1207 3245 ἶ

137 3263 234 3317 cesset
248 3258 430 3331 mandatum,
443 3257 468 3316 si
481 3257 589 3333 negotii
607 3257 702 3334 gestio
713 3261 774 3334 jem
787 3259 874 3318 tuerit
891 3259 1030 3335 incoepta,
1047 3255 1138 3318 limita·
1206 3325 1207 3333 ἵ

138 3351 187 3405 tur
201 3363 321 3423 quoque
338 3345 368 3406 in
392 3362 465 3404 casu
477 3347 608 3405 mandeti
632 3348 801 3423 apraeleto,
820 3348 869 3407 vel
889 3347 998 3408 elerico
1019 3347 1047 3406 in
1062 3355 1138 3404 muso
1206 3385 1207 3420 3

139 3435 283 3509 ecclesiae,
296 3435 345 3494 vel
360 3431 497 3494 beneficii
516 3435 625 3510 collati,
648 3451 716 3496 oum
739 3436 922 3512 mandatum,
945 3435 1033 3497 etiem
1044 3450 1074 3494 re
1086 3442 1137 3490 non
1206 3473 1207 3476 ,
