2426 4070
578 177 738 234 -lll—

136 303 168 358 ia
183 315 235 371 prro
254 301 363 368 deuant,
378 303 510 368 molemus
530 298 561 352 in
583 299 676 353 eodem
698 299 808 354 civitate
825 295 1034 352 matrimonium
1046 293 1154 348 contro-

137 375 213 429 hant.
235 374 313 426 Card.
337 374 427 438 Soglia
445 375 512 424 Inst.
530 375 588 438 jur.
610 373 678 437 priv.
694 373 706 436 ξ
724 371 774 423 191.
792 399 823 408 -
837 371 873 435 (i)
891 370 965 421 Inter
982 368 1032 420 hos
1045 381 1154 420 enume-

137 447 215 498 randi
234 452 308 496 sunt,
323 447 346 496 l⁰
365 445 526 497 carceribus
546 443 658 502 detenti,
679 444 726 508 qui
745 455 835 495 coram
855 441 972 507 parocho
986 440 1047 499 loci,
1060 440 1089 490 iu
1105 453 1156 506 quo

137 518 205 570 silus
219 524 260 568 est
269 530 369 575 carcer,
379 516 579 566 matrimonium
594 515 713 580 legitime
723 514 893 575 contrahunt,
905 513 926 562 si
935 524 1015 578 prena
1027 517 1156 576 perpetue

135 588 179 639 rel
191 587 226 638 ad
240 588 359 638 notabile
375 592 483 652 tempus
498 588 552 637 sint
566 586 695 647 damnati,
707 586 771 650 quia
783 585 821 636 ibi
836 585 980 650 acquirunt
993 582 1156 632 domicilium

135 661 340 719 necessarlum
356 671 434 710 secus
451 661 501 718 est,
515 658 538 708 si
553 657 724 708 detineantur
738 657 765 706 in
786 656 916 713 custodia.
932 658 959 705 et
975 653 1075 718 judicis
1096 665 1153 704 seu·

136 731 220 782 tentia
236 731 355 781 nondum
375 730 411 780 sit
430 729 553 794 prolata;
577 741 640 778 nam
662 733 771 779 servant
791 725 966 785 domicilium,
986 725 1058 790 quod
1082 724 1155 789 prius

135 801 297 859 habuerunt,
316 805 344 852 at
361 813 451 852 coram
467 799 540 850 illius
555 799 672 865 parocho
693 803 821 850 tenentur
834 796 1033 847 matrimonium
1050 799 1153 846 coutra-

135 871 209 922 here.
226 871 387 923 Benedictus
401 871 467 922 xlv
482 871 547 922 lust.
564 871 603 928 33,
618 883 644 920 n.
663 869 699 919 li.
714 871 741 920 2⁰
757 867 858 920 Puellae
877 869 905 917 in
919 867 1036 930 hospitio
1051 865 1153 930 spuria-

135 957 196 994 rum
213 945 327 1006 receptae
341 942 483 1007 proprium
497 942 599 991 habent
611 941 758 1005 parochum
770 940 843 990 illius
854 938 1001 1004 parochiae,
1013 937 1059 988 cui
1068 936 1154 1002 hospi·

134 1015 202 1065 tium
217 1014 370 1078 subjicitur.
385 1014 411 1064 S.
425 1013 508 1078 (long.
523 1013 550 1062 in
567 1010 706 1076 lirrpabina
719 1013 748 1062 ii
764 1011 866 1075 Aprilis
884 1009 951 1060 1651.
965 1009 1014 1059 Cli.
1030 1008 1090 1058 eod.
1107 1007 1153 1057 loc.

134 1099 162 1136 n.
182 1085 218 1136 ll.
236 1085 264 1136 si
278 1098 341 1136 vero
355 1085 398 1134 hae
410 1083 508 1148 puellae
525 1083 590 1134 alibi
605 1095 698 1133 aarum
712 1082 887 1142 domicilium,
900 1079 942 1131 vel
957 1077 1156 1151 quasi-domici·

134 1155 201 1208 lium
215 1159 423 1221 consequantur,
438 1160 468 1206 ut
481 1161 554 1218 puta,
573 1155 637 1220 quia
651 1154 685 1205 ab
699 1154 814 1220 hospilio
828 1152 911 1202 alium
925 1151 952 1202 iu
965 1151 1056 1201 locum
1069 1154 1154 1201 traus-

133 1227 258 1278 ieruntur
271 1226 432 1285 nutriendae,
446 1227 487 1278 vel
502 1233 533 1276 ut
548 1225 708 1276 famulatum
724 1226 876 1282 exerceant,
892 1222 929 1272 ibi
944 1223 1085 1288 proprium
1100 1234 1155 1272 sor-

134 1298 239 1349 tiuntur
259 1297 415 1362 parochum,
435 1297 497 1348 licet
515 1296 716 1347 Gubernatores
739 1295 851 1360 hospitii
874 1293 1008 1344 retineant
1029 1293 1058 1343 in
1074 1292 1155 1343 dictas

133 1369 241 1434 puellas
255 1368 429 1419 simulacrum
445 1367 579 1432 quoddam
594 1373 714 1430 paterna
732 1367 880 1430 potestatis,
897 1369 924 1416 et
939 1367 1000 1415 ante
1018 1364 1154 1414 matrimo-

132 1440 207 1490 nium
223 1439 339 1508 debeant
355 1451 404 1503 per
424 1439 527 1502 aliquot
544 1437 602 1488 dies
619 1438 653 1488 ad
674 1437 821 1500 hospitium
841 1435 946 1499 regredi
968 1435 1001 1485 ad
1023 1435 1154 1499 accipien-

134 1510 197 1561 dam
211 1510 309 1567 dotem.
328 1523 408 1574 quam
423 1509 568 1575 hospitium
582 1508 637 1558 illis
658 1509 763 1569 tribuit,
781 1512 811 1558 ut
833 1507 977 1557 novissime
995 1505 1118 1558 delinivit
1129 1503 1152 1554 S.

133 1581 310 1646 Congregatio
324 1580 351 1630 in
366 1577 521 1630 Florentino
537 1579 564 1629 li
577 1581 650 1643 Sept.
665 1579 724 1630 1856
738 1584 766 1629 at
782 1579 808 1628 iu
822 1573 953 1629 aramma
962 1577 993 1627 i‘l
1004 1579 1074 1628 Nov.
1090 1576 1152 1632 1856,

133 1665 201 1717 quas
216 1649 294 1701 alieri
310 1655 403 1702 auctor
420 1650 557 1700 Analectae
570 1651 626 1714 jur.
641 1651 718 1701 Pont.
735 1664 788 1701 ser.
804 1650 828 1707 i,
844 1661 906 1712 pag.
924 1649 985 1698 1882
999 1653 1028 1699 et
1040 1648 1117 1705 26953
1131 1649 1155 1696 et

133 1722 173 1774 sic
187 1721 315 1783 delinivit,
330 1721 392 1772 licet
407 1721 433 1770 in
447 1721 611 1772 contrarium
626 1721 734 1772 adesset
746 1719 967 1771 immemorabilis
982 1717 1153 1776 consuetudo,

132 1797 243 1858 propter
264 1791 335 1856 quod
353 1791 444 1842 omnia
465 1791 636 1841 matrimonia
656 1791 733 1854 prius
752 1791 823 1841 male
838 1793 984 1853 contracta,
999 1791 1154 1840 auctoritate

134 1862 305 1916 Sanctissimi
319 1862 424 1913 sanavit
437 1863 465 1911 in
481 1862 580 1912 radice.
598 1863 650 1912 Pro
663 1861 780 1926 hospitio
795 1865 886 1912 tamen
896 1860 1053 1912 Florentino
1067 1867 1155 1926 postea

115 1953 118 1959 ·
132 1935 227 1986 eadem
242 1933 417 1998 Congregatio
428 1932 545 1998 parocho
557 1933 667 1999 hospitii
680 1934 812 1998 speciales
825 1933 957 1983 concessit
966 1932 1155 1993 facultates‚ut

132 2010 224 2071 posset
245 2005 373 2055 assistere
394 2002 572 2054 matrimoniis
595 2005 704 2054 illarum
724 2003 876 2068 puellarum
891 2003 1084 2067 expositarum,
1098 2014 1155 2066 quae

133 2074 196 2127 licet
211 2074 276 2124 alibi
291 2074 466 2134 domicilium,
481 2073 523 2124 vel
536 2074 795 2138 quasi-domicilium
808 2075 1014 2130 contraxissent,
1026 2079 1088 2124 anta
1100 2085 1154 2123 ma·
1200 2083 1201 2092 ¹

132 2145 289 2196 trimonium
304 2145 451 2208 hospitium
467 2145 632 2208 repetebant.
649 2147 674 2196 3ο
688 2146 791 2196 Puella
806 2145 835 2195 in
849 2144 910 2196 aliis
924 2144 1051 2210 hospitiis
1064 2147 1154 2209 degen-

133 2222 184 2276 tes,
199 2217 227 2266 in
241 2217 341 2281 quibus
355 2214 475 2275 aluntur,
492 2219 518 2267 et
532 2230 548 2266 a
561 2217 661 2281 quihus
676 2217 764 2268 dotem
780 2217 923 2280 recipiunt,
944 2217 1097 2267 Perochum
1108 2215 1153 2266 ha·

131 2288 198 2340 trent
214 2287 301 2344 illum,
317 2288 344 2336 in
358 2289 436 2352 cujus
452 2287 585 2338 territorio
596 2289 677 2338 situm
692 2292 734 2338 est
745 2287 901 2351 hospitium.
912 2287 964 2337 Sed
978 2289 1088 2352 puellae,
1098 2298 1154 2352 quae

131 2359 232 2423 degunt
247 2358 276 2409 in
289 2359 470 2416 monasteriis,
486 2359 542 2410 sive
556 2358 764 2410 conservatoriis
778 2357 946 2408 educationis
958 2358 1154 2420 constudebant

130 2429 332 2480 matrimonium
350 2429 509 2480 contrahere
528 2443 618 2480 coram
631 2430 747 2494 parocho
762 2429 890 2480 domicilii
905 2431 1020 2494 paterni,
1034 2428 1152 2485 materni,

130 2501 173 2551 vel
188 2497 310 2559 fraterni,
325 2501 348 2551 si
361 2499 482 2561 habent;
498 2501 521 2550 si
535 2514 600 2552 vero
613 2515 667 2551 non
681 2501 808 2558 habeant,
821 2513 911 2550 coram
925 2500 1045 2564 parocho
1060 2499 1118 2561 laci,
1128 2499 1154 2548 in

130 2585 184 2636 quo
204 2571 443 2631 conservatorium,
460 2572 502 2623 vel
522 2573 714 2622 monasterium
733 2573 815 2623 situm
836 2577 886 2623 est.
909 2571 1073 2623 Benedictus
1093 2569 1154 2621 XIV

130 2641 190 2692 eod.
207 2642 256 2692 loc.
270 2655 297 2694 n.
312 2643 341 2692 li
358 2647 385 2694 et
396 2644 434 2693 16.
449 2645 480 2683 -'
490 2642 526 2708 (3)
538 2642 577 2693 ld.
593 2643 651 2694 eod.
666 2643 716 2694 loc.
737 2657 763 2692 n.
785 2643 809 2706 b,
825 2643 848 2703 7,
867 2643 895 2693 10
912 2646 939 2694 et
954 2643 991 2692 ll.
1010 2642 1064 2694 Sed
1078 2654 1152 2692 exce·

132 2711 188 2778 plia
204 2712 234 2762 iit
246 2713 274 2762 in
289 2713 394 2763 civibus
409 2711 607 2772 Geuuensihus,
620 2714 666 2778 qul
679 2713 766 2764 valide
782 2713 943 2764 contrahunt
956 2713 1154 2765 matrimonium

132 2795 224 2834 coram
238 2783 354 2846 parocho
371 2784 497 2834 villarum
511 2787 538 2834 et
551 2784 754 2845 suburbiorum,
765 2799 827 2849 quae
836 2785 932 2836 aestivo
946 2789 1067 2850 tempora
1081 2786 1152 2834 inco·

130 2853 186 2904 lere
200 2853 297 2916 solent,
316 2855 344 2904 in
359 2855 458 2919 quibus
473 2855 547 2905 aliud
566 2861 711 2908 censentur
731 2856 832 2907 hahere
853 2856 1027 2907 domicilium.
1041 2857 1100 2906 Hoc
1111 2859 1152 2905 ta-

129 2938 192 2975 men
205 2938 259 2975 non
273 2925 428 2976 extenditur
441 2926 478 2977 od
494 2939 545 2994 eor,
565 2926 613 2991 qui
627 2925 699 2978 bruci
721 2927 841 2980 transitu
857 2927 966 2992 nepulit,
987 2931 1035 2980 out
1058 2939 1151 2980 conuo-

128 2995 265 3058 moralia,
278 2995 318 3047 acl
335 2995 424 3048 animi
437 2997 538 3061 prolia,
553 2997 590 3048 od
606 2996 725 3050 alionum
738 2998 884 3062 paruolum
895 2998 1043 3052 divortunt.
1054 2997 1150 3064 synod.

129 3065 207 3119 dioec.
225 3065 345 3118 Ganuen.
360 3067 409 3119 ult.
421 3081 444 3118 c.
463 3068 499 3134 ll,
514 3081 540 3118 n.
553 3067 576 3119 9.
587 3095 619 3106 -
628 3069 663 3134 (l)
677 3069 750 3121 Trid.
762 3081 829 3121 sess.
841 3071 881 3130 tl,
896 3084 919 3121 c.
933 3071 957 3129 l,
968 3070 1001 3121 de
1012 3069 1061 3122 rei.
1074 3069 1149 3120 matr.

163 3281 227 3340 llo.
247 3284 406 3340 Decretum
420 3278 580 3340 tridentini
592 3296 682 3357 supra
693 3280 1150 3358 citatum‘exejusdempraescri·

128 3374 181 3446 pto
193 3385 279 3428 suam
292 3368 382 3428 habet
393 3369 454 3429 vim
468 3368 498 3427 in
514 3369 651 3429 omnihus
665 3371 826 3446 parochiis,
841 3371 871 3430 iu
895 3371 1001 3448 quibus
1020 3371 1075 3430 iuit
1097 3385 1149 3446 pu-

128 3457 281 3533 blicatum,
296 3463 348 3518 aut
368 3475 426 3518 usu
446 3465 601 3533 receptum
623 3459 721 3520 veluti.
733 3460 930 3537 publicatum
947 3478 1007 3520 nou
1026 3476 1098 3520 vero
1119 3456 1149 3514 in

128 3545 204 3622 allis,
217 3547 249 3606 iu
263 3547 380 3624 quibus,
396 3563 467 3608 cum
480 3548 520 3608 ob
532 3547 740 3642 publicationis
760 3549 962 3611 conditionem
979 3548 1050 3609 nihil
1063 3547 1146 3606 inuo-
