<?xml version="1.0" encoding="UTF-8"?>
<!DOCTYPE html PUBLIC "-//W3C//DTD XHTML 1.0 Transitional//EN"
    "http://www.w3.org/TR/xhtml1/DTD/xhtml1-transitional.dtd">
<html xmlns="http://www.w3.org/1999/xhtml" xml:lang="en" lang="en">
 <head>
  <title>
</title>
<meta http-equiv="Content-Type" content="text/html;charset=utf-8" />
  <meta name='ocr-system' content='tesseract 3.04.00' />
  <meta name='ocr-capabilities' content='ocr_page ocr_carea ocr_par ocr_line ocrx_word'/>
</head>
<body>
  <div class='ocr_page' id='page_1' title='image "./summainstitutio01ferrgoog_0357.png"; bbox 0 0 2432 4078; ppageno 0'>
   <div class='ocr_carea' id='block_1_1' title="bbox 177 169 1171 357">
    <p class='ocr_par' dir='ltr' id='par_1_1' title="bbox 177 169 1171 357">
     <span class='ocr_line' id='line_1_1' title="bbox 602 169 757 226; baseline -0.006 -16"><span class='ocrx_word' id='word_1_1' title='bbox 602 197 632 210; x_wconf 90' lang='grc'><strong>..</strong></span> <span class='ocrx_word' id='word_1_2' title='bbox 652 169 705 226; x_wconf 65' lang='grc'><strong>346</strong></span> <span class='ocrx_word' id='word_1_3' title='bbox 725 197 757 209; x_wconf 83' lang='grc'>-</span> 
     </span>
     <span class='ocr_line' id='line_1_2' title="bbox 177 285 1171 357; baseline -0.004 -13"><span class='ocrx_word' id='word_1_4' title='bbox 177 289 352 344; x_wconf 74' lang='lat' dir='ltr'><strong>nemansensi</strong></span> <span class='ocrx_word' id='word_1_5' title='bbox 364 289 493 344; x_wconf 72' lang='lat' dir='ltr'><strong>‘absolute</strong></span> <span class='ocrx_word' id='word_1_6' title='bbox 514 293 604 356; x_wconf 67' lang='lat' dir='ltr'><strong>uorat,</strong></span> <span class='ocrx_word' id='word_1_7' title='bbox 618 291 727 357; x_wconf 73' lang='lat' dir='ltr'><strong>qnmdo</strong></span> <span class='ocrx_word' id='word_1_8' title='bbox 747 291 836 356; x_wconf 76' lang='lat' dir='ltr'><strong>agitur</strong></span> <span class='ocrx_word' id='word_1_9' title='bbox 858 289 893 342; x_wconf 90' lang='lat' dir='ltr'><strong>de</strong></span> <span class='ocrx_word' id='word_1_10' title='bbox 914 285 1118 356; x_wconf 77' lang='lat' dir='ltr'><strong>dispositionibus</strong></span> <span class='ocrx_word' id='word_1_11' title='bbox 1141 288 1171 340; x_wconf 87' lang='lat' dir='ltr'><strong>ad</strong></span> 
     </span>
    </p>
   </div>
   <div class='ocr_carea' id='block_1_2' title="bbox 74 360 1171 436">
    <p class='ocr_par' dir='ltr' id='par_1_2' title="bbox 74 360 1171 436">
     <span class='ocr_line' id='line_1_3' title="bbox 74 360 1171 436; baseline -0.002 -22"><span class='ocrx_word' id='word_1_12' title='bbox 74 423 80 436; x_wconf 39' lang='grc'>,</span> <span class='ocrx_word' id='word_1_13' title='bbox 177 375 274 414; x_wconf 83' lang='lat' dir='ltr'><strong>causas</strong></span> <span class='ocrx_word' id='word_1_14' title='bbox 287 361 423 427; x_wconf 80' lang='lat' dir='ltr'><strong>profanes.</strong></span> <span class='ocrx_word' id='word_1_15' title='bbox 442 361 480 412; x_wconf 85' lang='lat' dir='ltr'><strong>De</strong></span> <span class='ocrx_word' id='word_1_16' title='bbox 494 363 601 414; x_wconf 88' lang='lat' dir='ltr'><strong>testam.</strong></span> <span class='ocrx_word' id='word_1_17' title='bbox 617 375 634 413; x_wconf 89' lang='lat' dir='ltr'><strong>a</strong></span> <span class='ocrx_word' id='word_1_18' title='bbox 647 375 675 412; x_wconf 90' lang='lat' dir='ltr'><strong>n.</strong></span> <span class='ocrx_word' id='word_1_19' title='bbox 695 363 742 414; x_wconf 81' lang='lat'><strong>335</strong></span> <span class='ocrx_word' id='word_1_20' title='bbox 755 382 762 425; x_wconf 85' lang='lat'>;</span> <span class='ocrx_word' id='word_1_21' title='bbox 774 362 821 414; x_wconf 87' lang='lat' dir='ltr'><strong>scd</strong></span> <span class='ocrx_word' id='word_1_22' title='bbox 834 361 960 414; x_wconf 86' lang='lat' dir='ltr'><strong>Giraldus</strong></span> <span class='ocrx_word' id='word_1_23' title='bbox 973 361 1069 414; x_wconf 78' lang='lat' dir='ltr'><strong>videtu</strong></span> <span class='ocrx_word' id='word_1_24' title='bbox 1079 360 1104 411; x_wconf 89' lang='lat' dir='ltr'><strong>id</strong></span> <span class='ocrx_word' id='word_1_25' title='bbox 1117 373 1171 426; x_wconf 89' lang='lat' dir='ltr'><strong>pro·</strong></span> 
     </span>
    </p>
   </div>
   <div class='ocr_carea' id='block_1_3' title="bbox 176 431 1176 926">
    <p class='ocr_par' dir='ltr' id='par_1_3' title="bbox 176 431 1176 926">
     <span class='ocr_line' id='line_1_4' title="bbox 176 431 1173 499; baseline -0.004 -13"><span class='ocrx_word' id='word_1_26' title='bbox 176 433 253 496; x_wconf 83' lang='lat' dir='ltr'><strong>bere,</strong></span> <span class='ocrx_word' id='word_1_27' title='bbox 269 447 331 485; x_wconf 87' lang='lat' dir='ltr'><strong>cunr</strong></span> <span class='ocrx_word' id='word_1_28' title='bbox 344 433 442 485; x_wconf 77' lang='lat' dir='ltr'><strong>referat</strong></span> <span class='ocrx_word' id='word_1_29' title='bbox 450 432 620 499; x_wconf 84' lang='lat' dir='ltr'><strong>potissimum</strong></span> <span class='ocrx_word' id='word_1_30' title='bbox 634 437 663 484; x_wconf 90' lang='lat' dir='ltr'><strong>in</strong></span> <span class='ocrx_word' id='word_1_31' title='bbox 676 433 765 485; x_wconf 88' lang='lat' dir='ltr'><strong>Gallia</strong></span> <span class='ocrx_word' id='word_1_32' title='bbox 776 434 857 486; x_wconf 85' lang='lat' dir='ltr'><strong>talem</strong></span> <span class='ocrx_word' id='word_1_33' title='bbox 867 433 1074 486; x_wconf 73' lang='lat' dir='ltr'><strong>consuetudinem</strong></span> <span class='ocrx_word' id='word_1_34' title='bbox 1082 431 1173 496; x_wconf 79' lang='lat' dir='ltr'><strong>vigere,</strong></span> 
     </span>
     <span class='ocr_line' id='line_1_5' title="bbox 176 503 1176 572; baseline -0.003 -16"><span class='ocrx_word' id='word_1_35' title='bbox 176 517 226 572; x_wconf 89' lang='lat' dir='ltr'><strong>per</strong></span> <span class='ocrx_word' id='word_1_36' title='bbox 241 517 323 570; x_wconf 82' lang='lat' dir='ltr'><strong>quam</strong></span> <span class='ocrx_word' id='word_1_37' title='bbox 345 504 482 570; x_wconf 75' lang='lat' dir='ltr'><strong>Episcopi,</strong></span> <span class='ocrx_word' id='word_1_38' title='bbox 505 508 533 556; x_wconf 90' lang='lat' dir='ltr'><strong>et</strong></span> <span class='ocrx_word' id='word_1_39' title='bbox 551 503 642 557; x_wconf 79' lang='lat' dir='ltr'><strong>caeteri</strong></span> <span class='ocrx_word' id='word_1_40' title='bbox 666 505 820 556; x_wconf 82' lang='lat' dir='ltr'><strong>heneticiati</strong></span> <span class='ocrx_word' id='word_1_41' title='bbox 840 508 895 556; x_wconf 87' lang='lat' dir='ltr'><strong>tarn</strong></span> <span class='ocrx_word' id='word_1_42' title='bbox 922 503 991 556; x_wconf 88' lang='lat' dir='ltr'><strong>luter</strong></span> <span class='ocrx_word' id='word_1_43' title='bbox 1014 504 1088 563; x_wconf 83' lang='lat' dir='ltr'><strong>uiros,</strong></span> <span class='ocrx_word' id='word_1_44' title='bbox 1107 516 1176 568; x_wconf 76' lang='lat' dir='ltr'><strong>uuam</strong></span> 
     </span>
     <span class='ocr_line' id='line_1_6' title="bbox 176 575 1172 640; baseline -0.004 -12"><span class='ocrx_word' id='word_1_45' title='bbox 176 587 260 628; x_wconf 85' lang='lat' dir='ltr'><strong>cause</strong></span> <span class='ocrx_word' id='word_1_46' title='bbox 267 576 361 628; x_wconf 87' lang='lat' dir='ltr'><strong>mortis</strong></span> <span class='ocrx_word' id='word_1_47' title='bbox 375 575 458 628; x_wconf 85' lang='lat' dir='ltr'><strong>libere</strong></span> <span class='ocrx_word' id='word_1_48' title='bbox 472 576 505 627; x_wconf 91' lang='lat' dir='ltr'><strong>de</strong></span> <span class='ocrx_word' id='word_1_49' title='bbox 518 575 597 628; x_wconf 89' lang='lat' dir='ltr'><strong>bonis</strong></span> <span class='ocrx_word' id='word_1_50' title='bbox 606 577 688 628; x_wconf 87' lang='lat' dir='ltr'><strong>etiem</strong></span> <span class='ocrx_word' id='word_1_51' title='bbox 698 575 798 628; x_wconf 90' lang='lat' dir='ltr'><strong>intuitu</strong></span> <span class='ocrx_word' id='word_1_52' title='bbox 808 575 937 628; x_wconf 81' lang='lat' dir='ltr'><strong>licclasiae</strong></span> <span class='ocrx_word' id='word_1_53' title='bbox 947 575 1079 640; x_wconf 79' lang='lat' dir='ltr'><strong>acquisitis</strong></span> <span class='ocrx_word' id='word_1_54' title='bbox 1089 577 1172 626; x_wconf 85' lang='lat' dir='ltr'><strong>testen-</strong></span> 
     </span>
     <span class='ocr_line' id='line_1_7' title="bbox 177 645 1173 712; baseline -0.003 -14"><span class='ocrx_word' id='word_1_55' title='bbox 177 649 232 710; x_wconf 87' lang='lat' dir='ltr'><strong>tur,</strong></span> <span class='ocrx_word' id='word_1_56' title='bbox 246 647 346 712; x_wconf 88' lang='lat' dir='ltr'><strong>quibus</strong></span> <span class='ocrx_word' id='word_1_57' title='bbox 366 647 426 700; x_wconf 88' lang='lat' dir='ltr'><strong>sine</strong></span> <span class='ocrx_word' id='word_1_58' title='bbox 447 648 608 699; x_wconf 86' lang='lat' dir='ltr'><strong>testamento</strong></span> <span class='ocrx_word' id='word_1_59' title='bbox 631 647 826 699; x_wconf 75' lang='lat' dir='ltr'><strong>decedentibus</strong></span> <span class='ocrx_word' id='word_1_60' title='bbox 840 645 988 710; x_wconf 74' lang='lat' dir='ltr'><strong>succedunt</strong></span> <span class='ocrx_word' id='word_1_61' title='bbox 1008 645 1118 697; x_wconf 83' lang='lat' dir='ltr'><strong>haeredes</strong></span> <span class='ocrx_word' id='word_1_62' title='bbox 1135 657 1173 695; x_wconf 88' lang='lat' dir='ltr'><strong>nc·</strong></span> 
     </span>
     <span class='ocr_line' id='line_1_8' title="bbox 177 713 1175 785; baseline -0.003 -15"><span class='ocrx_word' id='word_1_63' title='bbox 177 717 297 770; x_wconf 83' lang='lat' dir='ltr'><strong>cessarit.</strong></span> <span class='ocrx_word' id='word_1_64' title='bbox 312 717 355 770; x_wconf 83' lang='lat' dir='ltr'><strong>Ad</strong></span> <span class='ocrx_word' id='word_1_65' title='bbox 371 731 430 783; x_wconf 87' lang='lat' dir='ltr'><strong>cap.</strong></span> <span class='ocrx_word' id='word_1_66' title='bbox 446 717 468 779; x_wconf 89' lang='grc' dir='ltr'><strong>Ι,</strong></span> <span class='ocrx_word' id='word_1_67' title='bbox 482 718 516 772; x_wconf 88' lang='lat' dir='ltr'><strong>de</strong></span> <span class='ocrx_word' id='word_1_68' title='bbox 530 721 635 771; x_wconf 80' lang='lat' dir='ltr'><strong>testam.</strong></span> <span class='ocrx_word' id='word_1_69' title='bbox 651 713 707 785; x_wconf 78' lang='lat' dir='ltr'><strong>Ego</strong></span> <span class='ocrx_word' id='word_1_70' title='bbox 730 719 845 784; x_wconf 84' lang='lat' dir='ltr'><strong>primem</strong></span> <span class='ocrx_word' id='word_1_71' title='bbox 861 722 939 770; x_wconf 82' lang='lat' dir='ltr'><strong>tsneo</strong></span> <span class='ocrx_word' id='word_1_72' title='bbox 954 717 1113 780; x_wconf 85' lang='lat' dir='ltr'><strong>sententiam,</strong></span> <span class='ocrx_word' id='word_1_73' title='bbox 1125 715 1175 781; x_wconf 85' lang='lat' dir='ltr'><strong>quia</strong></span> 
     </span>
     <span class='ocr_line' id='line_1_9' title="bbox 177 787 1174 856; baseline -0.003 -16"><span class='ocrx_word' id='word_1_74' title='bbox 177 787 250 840; x_wconf 85' lang='lat' dir='ltr'><strong>hone</strong></span> <span class='ocrx_word' id='word_1_75' title='bbox 263 788 298 840; x_wconf 86' lang='lat' dir='ltr'><strong>ab</strong></span> <span class='ocrx_word' id='word_1_76' title='bbox 314 789 437 842; x_wconf 73' lang='lat' dir='ltr'><strong>Ecclesia</strong></span> <span class='ocrx_word' id='word_1_77' title='bbox 450 789 584 856; x_wconf 86' lang='lat' dir='ltr'><strong>acquisita</strong></span> <span class='ocrx_word' id='word_1_78' title='bbox 598 789 626 842; x_wconf 94' lang='lat' dir='ltr'><strong>in</strong></span> <span class='ocrx_word' id='word_1_79' title='bbox 644 789 784 843; x_wconf 81' lang='lat' dir='ltr'><strong>beneflciis</strong></span> <span class='ocrx_word' id='word_1_80' title='bbox 797 792 861 842; x_wconf 88' lang='lat' dir='ltr'><strong>sunt</strong></span> <span class='ocrx_word' id='word_1_81' title='bbox 881 789 954 842; x_wconf 87' lang='lat' dir='ltr'><strong>bona</strong></span> <span class='ocrx_word' id='word_1_82' title='bbox 973 788 1078 848; x_wconf 77' lang='lat' dir='ltr'><strong>christi,</strong></span> <span class='ocrx_word' id='word_1_83' title='bbox 1090 791 1174 852; x_wconf 88' lang='lat' dir='ltr'><strong>etpau·</strong></span> 
     </span>
     <span class='ocr_line' id='line_1_10' title="bbox 177 871 285 926; baseline -0.009 -13"><span class='ocrx_word' id='word_1_84' title='bbox 177 871 285 926; x_wconf 86' lang='lat' dir='ltr'><strong>perum.</strong></span> 
     </span>
    </p>
   </div>
   <div class='ocr_carea' id='block_1_4' title="bbox 179 1044 1180 1480">
    <p class='ocr_par' dir='ltr' id='par_1_4' title="bbox 179 1044 1180 1480">
     <span class='ocr_line' id='line_1_11' title="bbox 214 1044 1176 1122; baseline -0.006 -14"><span class='ocrx_word' id='word_1_85' title='bbox 214 1051 277 1108; x_wconf 78' lang='lat' dir='ltr'><strong>eta.</strong></span> <span class='ocrx_word' id='word_1_86' title='bbox 292 1045 443 1107; x_wconf 81' lang='lat' dir='ltr'><strong>Passiram</strong></span> <span class='ocrx_word' id='word_1_87' title='bbox 461 1061 533 1108; x_wconf 80' lang='lat' dir='ltr'><strong>raro</strong></span> <span class='ocrx_word' id='word_1_88' title='bbox 553 1046 723 1106; x_wconf 88' lang='lat' dir='ltr'><strong>testamenti</strong></span> <span class='ocrx_word' id='word_1_89' title='bbox 744 1045 912 1121; x_wconf 74' lang='lat' dir='ltr'><strong>factionem,</strong></span> <span class='ocrx_word' id='word_1_90' title='bbox 927 1046 991 1107; x_wconf 82' lang='lat' dir='ltr'><strong>sire</strong></span> <span class='ocrx_word' id='word_1_91' title='bbox 1010 1044 1176 1122; x_wconf 74' lang='lat' dir='ltr'><strong>capacitatem</strong></span> 
     </span>
     <span class='ocr_line' id='line_1_12' title="bbox 179 1134 1178 1214; baseline -0.004 -18"><span class='ocrx_word' id='word_1_92' title='bbox 179 1134 317 1214; x_wconf 82' lang='lat' dir='ltr'><strong>capiendi</strong></span> <span class='ocrx_word' id='word_1_93' title='bbox 330 1151 370 1195; x_wconf 83' lang='lat' dir='ltr'><strong>ex</strong></span> <span class='ocrx_word' id='word_1_94' title='bbox 382 1140 572 1210; x_wconf 86' lang='lat' dir='ltr'><strong>testamento,</strong></span> <span class='ocrx_word' id='word_1_95' title='bbox 591 1135 703 1196; x_wconf 87' lang='lat' dir='ltr'><strong>habeut</strong></span> <span class='ocrx_word' id='word_1_96' title='bbox 720 1151 827 1196; x_wconf 90' lang='lat' dir='ltr'><strong>omncs</strong></span> <span class='ocrx_word' id='word_1_97' title='bbox 846 1142 910 1195; x_wconf 85' lang='lat' dir='ltr'><strong>tem·</strong></span> <span class='ocrx_word' id='word_1_98' title='bbox 918 1135 1083 1211; x_wconf 79' lang='lat' dir='ltr'><strong>singulares</strong></span> <span class='ocrx_word' id='word_1_99' title='bbox 1095 1148 1178 1210; x_wconf 87' lang='lat' dir='ltr'><strong>perso-</strong></span> 
     </span>
     <span class='ocr_line' id='line_1_13' title="bbox 179 1222 1179 1302; baseline -0.006 -16"><span class='ocrx_word' id='word_1_100' title='bbox 179 1241 227 1286; x_wconf 78' lang='lat' dir='ltr'><strong>nae</strong></span> <span class='ocrx_word' id='word_1_101' title='bbox 247 1239 339 1302; x_wconf 76' lang='lat' dir='ltr'><strong>pram</strong></span> <span class='ocrx_word' id='word_1_102' title='bbox 361 1241 489 1302; x_wconf 87' lang='lat' dir='ltr'><strong>corpore</strong></span> <span class='ocrx_word' id='word_1_103' title='bbox 508 1224 642 1298; x_wconf 82' lang='lat' dir='ltr'><strong>moralia,</strong></span> <span class='ocrx_word' id='word_1_104' title='bbox 657 1225 715 1284; x_wconf 90' lang='lat' dir='ltr'><strong>nisi</strong></span> <span class='ocrx_word' id='word_1_105' title='bbox 736 1241 755 1284; x_wconf 94' lang='lat' dir='ltr'><strong>a</strong></span> <span class='ocrx_word' id='word_1_106' title='bbox 775 1227 841 1300; x_wconf 85' lang='lat' dir='ltr'><strong>jure</strong></span> <span class='ocrx_word' id='word_1_107' title='bbox 858 1225 1083 1302; x_wconf 82' lang='lat' dir='ltr'><strong>prohibeantur.</strong></span> <span class='ocrx_word' id='word_1_108' title='bbox 1102 1222 1179 1297; x_wconf 83' lang='lat' dir='ltr'><strong>ljme</strong></span> 
     </span>
     <span class='ocr_line' id='line_1_14' title="bbox 179 1311 1180 1390; baseline -0.005 -16"><span class='ocrx_word' id='word_1_109' title='bbox 179 1320 281 1375; x_wconf 87' lang='lat' dir='ltr'><strong>autem</strong></span> <span class='ocrx_word' id='word_1_110' title='bbox 297 1312 443 1374; x_wconf 88' lang='lat' dir='ltr'><strong>canonico</strong></span> <span class='ocrx_word' id='word_1_111' title='bbox 462 1311 630 1389; x_wconf 82' lang='lat' dir='ltr'><strong>specialiter</strong></span> <span class='ocrx_word' id='word_1_112' title='bbox 648 1313 865 1390; x_wconf 86' lang='lat' dir='ltr'><strong>prohibentur:</strong></span> <span class='ocrx_word' id='word_1_113' title='bbox 882 1318 913 1373; x_wconf 86' lang='lat' dir='ltr'><strong>l⁰</strong></span> <span class='ocrx_word' id='word_1_114' title='bbox 926 1311 1070 1386; x_wconf 85' lang='lat' dir='ltr'><strong>haerctici,</strong></span> <span class='ocrx_word' id='word_1_115' title='bbox 1084 1324 1180 1372; x_wconf 88' lang='lat' dir='ltr'><strong>eorum·</strong></span> 
     </span>
     <span class='ocr_line' id='line_1_15' title="bbox 180 1398 1179 1480; baseline -0.004 -17"><span class='ocrx_word' id='word_1_116' title='bbox 180 1419 240 1480; x_wconf 88' lang='lat' dir='ltr'><strong>que</strong></span> <span class='ocrx_word' id='word_1_117' title='bbox 251 1403 395 1476; x_wconf 81' lang='lat' dir='ltr'><strong>fautores,</strong></span> <span class='ocrx_word' id='word_1_118' title='bbox 408 1401 462 1462; x_wconf 89' lang='lat' dir='ltr'><strong>sed</strong></span> <span class='ocrx_word' id='word_1_119' title='bbox 478 1401 670 1477; x_wconf 87' lang='lat' dir='ltr'><strong>probabiliter</strong></span> <span class='ocrx_word' id='word_1_120' title='bbox 682 1407 798 1462; x_wconf 82' lang='lat' dir='ltr'><strong>tanturn</strong></span> <span class='ocrx_word' id='word_1_121' title='bbox 811 1409 881 1478; x_wconf 89' lang='lat' dir='ltr'><strong>post</strong></span> <span class='ocrx_word' id='word_1_122' title='bbox 895 1401 1006 1478; x_wconf 76' lang='lat' dir='ltr'><strong>iudicis</strong></span> <span class='ocrx_word' id='word_1_123' title='bbox 1019 1398 1179 1469; x_wconf 81' lang='lat' dir='ltr'><strong>sententian,</strong></span> 
     </span>
    </p>
   </div>
   <div class='ocr_carea' id='block_1_5' title="bbox 120 1488 1189 2895">
    <p class='ocr_par' dir='ltr' id='par_1_5' title="bbox 120 1488 1189 2895">
     <span class='ocr_line' id='line_1_16' title="bbox 180 1488 1181 1566; baseline -0.004 -15"><span class='ocrx_word' id='word_1_124' title='bbox 180 1497 210 1551; x_wconf 93' lang='lat' dir='ltr'><strong>et</strong></span> <span class='ocrx_word' id='word_1_125' title='bbox 222 1491 253 1550; x_wconf 90' lang='lat' dir='ltr'><strong>in</strong></span> <span class='ocrx_word' id='word_1_126' title='bbox 267 1491 326 1551; x_wconf 87' lang='lat' dir='ltr'><strong>hoc</strong></span> <span class='ocrx_word' id='word_1_127' title='bbox 339 1507 411 1552; x_wconf 83' lang='lat' dir='ltr'><strong>casu</strong></span> <span class='ocrx_word' id='word_1_128' title='bbox 430 1489 520 1550; x_wconf 88' lang='lat' dir='ltr'><strong>etiem</strong></span> <span class='ocrx_word' id='word_1_129' title='bbox 542 1490 642 1566; x_wconf 89' lang='lat' dir='ltr'><strong>quoad</strong></span> <span class='ocrx_word' id='word_1_130' title='bbox 662 1507 784 1551; x_wconf 88' lang='lat' dir='ltr'><strong>causam</strong></span> <span class='ocrx_word' id='word_1_131' title='bbox 806 1490 886 1566; x_wconf 88' lang='lat' dir='ltr'><strong>piam</strong></span> <span class='ocrx_word' id='word_1_132' title='bbox 904 1494 963 1564; x_wconf 75' lang='lat' dir='ltr'><strong>(l),</strong></span> <span class='ocrx_word' id='word_1_133' title='bbox 984 1496 1016 1550; x_wconf 88' lang='lat' dir='ltr'><strong>at</strong></span> <span class='ocrx_word' id='word_1_134' title='bbox 1033 1488 1181 1558; x_wconf 79' lang='lat' dir='ltr'><strong>notandum,</strong></span> 
     </span>
     <span class='ocr_line' id='line_1_17' title="bbox 180 1566 1181 1656; baseline -0.003 -17"><span class='ocrx_word' id='word_1_135' title='bbox 180 1579 262 1656; x_wconf 86' lang='lat' dir='ltr'><strong>quod</strong></span> <span class='ocrx_word' id='word_1_136' title='bbox 276 1579 377 1639; x_wconf 89' lang='lat' dir='ltr'><strong>clerici</strong></span> <span class='ocrx_word' id='word_1_137' title='bbox 389 1579 431 1638; x_wconf 90' lang='lat' dir='ltr'><strong>nil</strong></span> <span class='ocrx_word' id='word_1_138' title='bbox 444 1578 562 1655; x_wconf 85' lang='lat' dir='ltr'><strong>penitus</strong></span> <span class='ocrx_word' id='word_1_139' title='bbox 571 1577 739 1655; x_wconf 88' lang='lat' dir='ltr'><strong>relinquere</strong></span> <span class='ocrx_word' id='word_1_140' title='bbox 747 1585 873 1655; x_wconf 87' lang='lat' dir='ltr'><strong>possunt</strong></span> <span class='ocrx_word' id='word_1_141' title='bbox 884 1566 1181 1652; x_wconf 70' lang='lat' dir='ltr'><strong>necestuosiseumsi</strong></span> 
     </span>
     <span class='ocr_line' id='line_1_18' title="bbox 180 1665 1181 1744; baseline -0.002 -18"><span class='ocrx_word' id='word_1_142' title='bbox 180 1666 396 1743; x_wconf 82' lang='lat' dir='ltr'><strong>consanguinei</strong></span> <span class='ocrx_word' id='word_1_143' title='bbox 416 1666 474 1726; x_wconf 91' lang='lat' dir='ltr'><strong>illis</strong></span> <span class='ocrx_word' id='word_1_144' title='bbox 497 1666 566 1741; x_wconf 89' lang='lat' dir='ltr'><strong>sint,</strong></span> <span class='ocrx_word' id='word_1_145' title='bbox 581 1673 611 1727; x_wconf 90' lang='lat' dir='ltr'><strong>et</strong></span> <span class='ocrx_word' id='word_1_146' title='bbox 632 1666 714 1742; x_wconf 88' lang='lat' dir='ltr'><strong>quod</strong></span> <span class='ocrx_word' id='word_1_147' title='bbox 727 1665 753 1726; x_wconf 90' lang='lat' dir='ltr'><strong>si</strong></span> <span class='ocrx_word' id='word_1_148' title='bbox 766 1666 930 1744; x_wconf 84' lang='lat' dir='ltr'><strong>Episcopus</strong></span> <span class='ocrx_word' id='word_1_149' title='bbox 946 1667 1008 1728; x_wconf 91' lang='lat' dir='ltr'><strong>hoc</strong></span> <span class='ocrx_word' id='word_1_150' title='bbox 1019 1669 1111 1728; x_wconf 86' lang='lat' dir='ltr'><strong>iacere</strong></span> <span class='ocrx_word' id='word_1_151' title='bbox 1122 1678 1181 1740; x_wconf 82' lang='lat' dir='ltr'><strong>prae·</strong></span> 
     </span>
     <span class='ocr_line' id='line_1_19' title="bbox 180 1755 1182 1833; baseline -0.004 -15"><span class='ocrx_word' id='word_1_152' title='bbox 180 1756 350 1833; x_wconf 85' lang='lat' dir='ltr'><strong>sumpserit,</strong></span> <span class='ocrx_word' id='word_1_153' title='bbox 365 1755 472 1816; x_wconf 79' lang='lat' dir='ltr'><strong>sottum</strong></span> <span class='ocrx_word' id='word_1_154' title='bbox 492 1763 557 1832; x_wconf 85' lang='lat' dir='ltr'><strong>post</strong></span> <span class='ocrx_word' id='word_1_155' title='bbox 582 1763 710 1816; x_wconf 80' lang='lat' dir='ltr'><strong>mortem</strong></span> <span class='ocrx_word' id='word_1_156' title='bbox 733 1757 760 1816; x_wconf 84' lang='lat' dir='ltr'><strong>ei</strong></span> <span class='ocrx_word' id='word_1_157' title='bbox 783 1757 944 1816; x_wconf 76' lang='lat' dir='ltr'><strong>anathemo</strong></span> <span class='ocrx_word' id='word_1_158' title='bbox 968 1757 1094 1830; x_wconf 71' lang='lat' dir='ltr'><strong>dicatu,</strong></span> <span class='ocrx_word' id='word_1_159' title='bbox 1115 1761 1182 1828; x_wconf 71' lang='lat' dir='ltr'><strong>utque</strong></span> 
     </span>
     <span class='ocr_line' id='line_1_20' title="bbox 179 1843 1183 1923; baseline -0.006 -17"><span class='ocrx_word' id='word_1_160' title='bbox 179 1845 243 1923; x_wconf 76' lang='lat' dir='ltr'><strong>ejus</strong></span> <span class='ocrx_word' id='word_1_161' title='bbox 264 1861 373 1906; x_wconf 78' lang='lat' dir='ltr'><strong>uomere</strong></span> <span class='ocrx_word' id='word_1_162' title='bbox 390 1846 469 1906; x_wconf 82' lang='lat' dir='ltr'><strong>iuter</strong></span> <span class='ocrx_word' id='word_1_163' title='bbox 490 1845 543 1905; x_wconf 71' lang='lat' dir='ltr'><strong>nat</strong></span> <span class='ocrx_word' id='word_1_164' title='bbox 559 1846 719 1906; x_wconf 77' lang='lat' dir='ltr'><strong>sacerdotis</strong></span> <span class='ocrx_word' id='word_1_165' title='bbox 742 1845 827 1906; x_wconf 72' lang='lat' dir='ltr'><strong>acto</strong></span> <span class='ocrx_word' id='word_1_166' title='bbox 849 1846 934 1906; x_wconf 80' lang='lat' dir='ltr'><strong>modo</strong></span> <span class='ocrx_word' id='word_1_167' title='bbox 959 1847 1118 1918; x_wconf 69' lang='lat' dir='ltr'><strong>rccitcturt</strong></span> <span class='ocrx_word' id='word_1_168' title='bbox 1133 1843 1183 1915; x_wconf 63' lang='lat' dir='ltr'><strong>lit</strong></span> 
     </span>
     <span class='ocr_line' id='line_1_21' title="bbox 180 1933 1182 2012; baseline -0.008 -16"><span class='ocrx_word' id='word_1_169' title='bbox 180 1939 375 1996; x_wconf 86' lang='lat' dir='ltr'><strong>Percussores</strong></span> <span class='ocrx_word' id='word_1_170' title='bbox 387 1933 599 2009; x_wconf 84' lang='lat' dir='ltr'><strong>cardinalium,</strong></span> <span class='ocrx_word' id='word_1_171' title='bbox 614 1951 780 2012; x_wconf 85' lang='lat' dir='ltr'><strong>eorumque</strong></span> <span class='ocrx_word' id='word_1_172' title='bbox 794 1935 877 2008; x_wconf 85' lang='lat' dir='ltr'><strong>socii,</strong></span> <span class='ocrx_word' id='word_1_173' title='bbox 893 1941 984 2012; x_wconf 86' lang='lat' dir='ltr'><strong>atque</strong></span> <span class='ocrx_word' id='word_1_174' title='bbox 1006 1937 1128 1996; x_wconf 83' lang='lat' dir='ltr'><strong>fautores</strong></span> <span class='ocrx_word' id='word_1_175' title='bbox 1145 1933 1182 2002; x_wconf 81' lang='lat' dir='ltr'><strong>(i).</strong></span> 
     </span>
     <span class='ocr_line' id='line_1_22' title="bbox 120 2021 1184 2100; baseline -0.008 -12"><span class='ocrx_word' id='word_1_176' title='bbox 120 2083 122 2088; x_wconf 81' lang='grc'>,</span> <span class='ocrx_word' id='word_1_177' title='bbox 180 2021 317 2099; x_wconf 75' lang='lat' dir='ltr'><strong>Religioni</strong></span> <span class='ocrx_word' id='word_1_178' title='bbox 330 2027 359 2083; x_wconf 86' lang='lat' dir='ltr'><strong>s.</strong></span> <span class='ocrx_word' id='word_1_179' title='bbox 381 2021 540 2095; x_wconf 70' lang='lat' dir='ltr'><strong>Francisci</strong></span> <span class='ocrx_word' id='word_1_180' title='bbox 557 2023 707 2100; x_wconf 81' lang='lat' dir='ltr'><strong>capucini,</strong></span> <span class='ocrx_word' id='word_1_181' title='bbox 721 2023 847 2084; x_wconf 87' lang='lat' dir='ltr'><strong>llinoree</strong></span> <span class='ocrx_word' id='word_1_182' title='bbox 869 2023 912 2084; x_wconf 87' lang='lat' dir='ltr'><strong>de</strong></span> <span class='ocrx_word' id='word_1_183' title='bbox 928 2021 1127 2096; x_wconf 76' lang='lat' dir='ltr'><strong>observantie,</strong></span> <span class='ocrx_word' id='word_1_184' title='bbox 1146 2035 1184 2079; x_wconf 91' lang='lat' dir='ltr'><strong>eo·</strong></span> 
     </span>
     <span class='ocr_line' id='line_1_23' title="bbox 181 2111 1185 2189; baseline 0.002 -17"><span class='ocrx_word' id='word_1_185' title='bbox 181 2127 308 2188; x_wconf 87' lang='lat' dir='ltr'><strong>rumque</strong></span> <span class='ocrx_word' id='word_1_186' title='bbox 326 2111 516 2186; x_wconf 84' lang='lat' dir='ltr'><strong>monasteria,</strong></span> <span class='ocrx_word' id='word_1_187' title='bbox 538 2112 608 2187; x_wconf 83' lang='lat' dir='ltr'><strong>quia</strong></span> <span class='ocrx_word' id='word_1_188' title='bbox 631 2111 793 2172; x_wconf 86' lang='lat' dir='ltr'><strong>immobilia</strong></span> <span class='ocrx_word' id='word_1_189' title='bbox 816 2112 972 2188; x_wconf 87' lang='lat' dir='ltr'><strong>possidere</strong></span> <span class='ocrx_word' id='word_1_190' title='bbox 996 2130 1060 2174; x_wconf 90' lang='lat' dir='ltr'><strong>non</strong></span> <span class='ocrx_word' id='word_1_191' title='bbox 1082 2111 1185 2189; x_wconf 72' lang='lat' dir='ltr'><strong>pomuli</strong></span> 
     </span>
     <span class='ocr_line' id='line_1_24' title="bbox 182 2194 1186 2278; baseline -0.007 -17"><span class='ocrx_word' id='word_1_192' title='bbox 182 2217 222 2261; x_wconf 80' lang='lat' dir='ltr'><strong>ex</strong></span> <span class='ocrx_word' id='word_1_193' title='bbox 243 2199 438 2276; x_wconf 85' lang='lat' dir='ltr'><strong>dispositione</strong></span> <span class='ocrx_word' id='word_1_194' title='bbox 463 2199 582 2262; x_wconf 80' lang='lat' dir='ltr'><strong>concuti</strong></span> <span class='ocrx_word' id='word_1_195' title='bbox 607 2199 768 2261; x_wconf 73' lang='lat' dir='ltr'><strong>tridentini</strong></span> <span class='ocrx_word' id='word_1_196' title='bbox 783 2206 833 2274; x_wconf 78' lang='lat' dir='ltr'><strong>(l),</strong></span> <span class='ocrx_word' id='word_1_197' title='bbox 854 2218 953 2278; x_wconf 85' lang='lat' dir='ltr'><strong>neque</strong></span> <span class='ocrx_word' id='word_1_198' title='bbox 978 2201 1069 2263; x_wconf 85' lang='lat' dir='ltr'><strong>etiam</strong></span> <span class='ocrx_word' id='word_1_199' title='bbox 1089 2194 1186 2260; x_wconf 85' lang='lat' dir='ltr'><strong>mobilia</strong></span> 
     </span>
     <span class='ocr_line' id='line_1_25' title="bbox 182 2287 1187 2367; baseline -0.006 -17"><span class='ocrx_word' id='word_1_200' title='bbox 182 2295 293 2367; x_wconf 69' lang='lat' dir='ltr'><strong>prester</strong></span> <span class='ocrx_word' id='word_1_201' title='bbox 305 2295 495 2362; x_wconf 84' lang='lat' dir='ltr'><strong>conuentum,</strong></span> <span class='ocrx_word' id='word_1_202' title='bbox 517 2289 582 2365; x_wconf 74' lang='lat' dir='ltr'><strong>eius</strong></span> <span class='ocrx_word' id='word_1_203' title='bbox 596 2290 774 2362; x_wconf 85' lang='lat' dir='ltr'><strong>necessarie,</strong></span> <span class='ocrx_word' id='word_1_204' title='bbox 787 2307 952 2367; x_wconf 86' lang='lat' dir='ltr'><strong>eorumque</strong></span> <span class='ocrx_word' id='word_1_205' title='bbox 965 2291 1122 2367; x_wconf 77' lang='lat' dir='ltr'><strong>adiunctos</strong></span> <span class='ocrx_word' id='word_1_206' title='bbox 1132 2287 1187 2345; x_wconf 89' lang='lat' dir='ltr'><strong>hor·</strong></span> 
     </span>
     <span class='ocr_line' id='line_1_26' title="bbox 182 2373 1187 2456; baseline -0.007 -18"><span class='ocrx_word' id='word_1_207' title='bbox 182 2384 240 2452; x_wconf 87' lang='lat' dir='ltr'><strong>tos,</strong></span> <span class='ocrx_word' id='word_1_208' title='bbox 255 2379 303 2438; x_wconf 86' lang='lat' dir='ltr'><strong>vel</strong></span> <span class='ocrx_word' id='word_1_209' title='bbox 316 2395 402 2439; x_wconf 85' lang='lat' dir='ltr'><strong>areas</strong></span> <span class='ocrx_word' id='word_1_210' title='bbox 422 2395 461 2438; x_wconf 84' lang='lat' dir='ltr'><strong>ex</strong></span> <span class='ocrx_word' id='word_1_211' title='bbox 482 2377 677 2456; x_wconf 78' lang='lat' dir='ltr'><strong>dispositione</strong></span> <span class='ocrx_word' id='word_1_212' title='bbox 701 2378 858 2439; x_wconf 82' lang='lat' dir='ltr'><strong>Clementis</strong></span> <span class='ocrx_word' id='word_1_213' title='bbox 876 2384 908 2453; x_wconf 89' lang='lat' dir='ltr'><strong>V,</strong></span> <span class='ocrx_word' id='word_1_214' title='bbox 920 2379 951 2438; x_wconf 89' lang='lat' dir='ltr'><strong>in</strong></span> <span class='ocrx_word' id='word_1_215' title='bbox 973 2379 1101 2440; x_wconf 85' lang='lat' dir='ltr'><strong>concilio</strong></span> <span class='ocrx_word' id='word_1_216' title='bbox 1121 2373 1187 2436; x_wconf 85' lang='lat' dir='ltr'><strong>lien·</strong></span> 
     </span>
     <span class='ocr_line' id='line_1_27' title="bbox 184 2463 1189 2546; baseline -0.004 -18"><span class='ocrx_word' id='word_1_217' title='bbox 184 2467 286 2542; x_wconf 69' lang='lat' dir='ltr'><strong>nansi,</strong></span> <span class='ocrx_word' id='word_1_218' title='bbox 310 2467 501 2528; x_wconf 90' lang='lat' dir='ltr'><strong>nihilomiuus</strong></span> <span class='ocrx_word' id='word_1_219' title='bbox 515 2467 540 2526; x_wconf 90' lang='lat' dir='ltr'><strong>si</strong></span> <span class='ocrx_word' id='word_1_220' title='bbox 561 2467 643 2542; x_wconf 89' lang='lat' dir='ltr'><strong>quod</strong></span> <span class='ocrx_word' id='word_1_221' title='bbox 656 2467 843 2528; x_wconf 89' lang='lat' dir='ltr'><strong>moderatum</strong></span> <span class='ocrx_word' id='word_1_222' title='bbox 855 2466 962 2528; x_wconf 88' lang='lat' dir='ltr'><strong>iisdem</strong></span> <span class='ocrx_word' id='word_1_223' title='bbox 980 2463 1189 2546; x_wconf 62' lang='lat' dir='ltr'><strong>nonpossint</strong></span> 
     </span>
     <span class='ocr_line' id='line_1_28' title="bbox 183 2556 1188 2636; baseline -0.006 -18"><span class='ocrx_word' id='word_1_224' title='bbox 183 2556 372 2618; x_wconf 88' lang='lat' dir='ltr'><strong>monasteriis</strong></span> <span class='ocrx_word' id='word_1_225' title='bbox 394 2556 588 2631; x_wconf 86' lang='lat' dir='ltr'><strong>relinquatur,</strong></span> <span class='ocrx_word' id='word_1_226' title='bbox 604 2573 665 2631; x_wconf 86' lang='lat' dir='ltr'><strong>quc</strong></span> <span class='ocrx_word' id='word_1_227' title='bbox 686 2556 848 2633; x_wconf 82' lang='lat' dir='ltr'><strong>indigeant,</strong></span> <span class='ocrx_word' id='word_1_228' title='bbox 863 2564 990 2634; x_wconf 87' lang='lat' dir='ltr'><strong>possunt</strong></span> <span class='ocrx_word' id='word_1_229' title='bbox 1012 2575 1068 2636; x_wconf 87' lang='lat' dir='ltr'><strong>per</strong></span> <span class='ocrx_word' id='word_1_230' title='bbox 1088 2557 1188 2616; x_wconf 77' lang='lat' dir='ltr'><strong>monus</strong></span> 
     </span>
     <span class='ocr_line' id='line_1_29' title="bbox 128 2645 1188 2731; baseline -0.005 -26"><span class='ocrx_word' id='word_1_231' title='bbox 128 2720 133 2731; x_wconf 30' lang='grc' dir='ltr'>ι</span> <span class='ocrx_word' id='word_1_232' title='bbox 184 2661 330 2722; x_wconf 85' lang='lat' dir='ltr'><strong>personas</strong></span> <span class='ocrx_word' id='word_1_233' title='bbox 352 2645 526 2718; x_wconf 87' lang='lat' dir='ltr'><strong>distrahere,</strong></span> <span class='ocrx_word' id='word_1_234' title='bbox 546 2651 576 2705; x_wconf 91' lang='lat' dir='ltr'><strong>et</strong></span> <span class='ocrx_word' id='word_1_235' title='bbox 598 2645 757 2720; x_wconf 88' lang='lat' dir='ltr'><strong>pecuniam</strong></span> <span class='ocrx_word' id='word_1_236' title='bbox 780 2645 851 2706; x_wconf 87' lang='lat' dir='ltr'><strong>inde</strong></span> <span class='ocrx_word' id='word_1_237' title='bbox 871 2645 1028 2708; x_wconf 59' lang='lat' dir='ltr'><strong>mecum</strong></span> <span class='ocrx_word' id='word_1_238' title='bbox 1054 2646 1091 2707; x_wconf 88' lang='lat' dir='ltr'><strong>ad</strong></span> <span class='ocrx_word' id='word_1_239' title='bbox 1115 2645 1188 2704; x_wconf 84' lang='lat' dir='ltr'><strong>iustu</strong></span> 
     </span>
     <span class='ocr_line' id='line_1_30' title="bbox 185 2733 1188 2812; baseline -0.004 -17"><span class='ocrx_word' id='word_1_240' title='bbox 185 2736 384 2811; x_wconf 84' lang='lat' dir='ltr'><strong>eleemosynae</strong></span> <span class='ocrx_word' id='word_1_241' title='bbox 398 2733 545 2809; x_wconf 82' lang='lat' dir='ltr'><strong>accipere,</strong></span> <span class='ocrx_word' id='word_1_242' title='bbox 562 2735 643 2810; x_wconf 87' lang='lat' dir='ltr'><strong>quod</strong></span> <span class='ocrx_word' id='word_1_243' title='bbox 656 2741 729 2812; x_wconf 88' lang='lat' dir='ltr'><strong>post</strong></span> <span class='ocrx_word' id='word_1_244' title='bbox 738 2734 891 2796; x_wconf 78' lang='lat' dir='ltr'><strong>Nicolaum</strong></span> <span class='ocrx_word' id='word_1_245' title='bbox 903 2740 951 2811; x_wconf 87' lang='grc' dir='ltr'><strong>ΙΙΙ,</strong></span> <span class='ocrx_word' id='word_1_246' title='bbox 965 2735 1080 2796; x_wconf 87' lang='lat' dir='ltr'><strong>eisdem</strong></span> <span class='ocrx_word' id='word_1_247' title='bbox 1090 2745 1188 2796; x_wconf 75' lang='lat' dir='ltr'><strong>conces</strong></span> 
     </span>
     <span class='ocr_line' id='line_1_31' title="bbox 184 2821 570 2895; baseline 0.005 -15"><span class='ocrx_word' id='word_1_248' title='bbox 184 2821 222 2881; x_wconf 89' lang='lat' dir='ltr'><strong>sit</strong></span> <span class='ocrx_word' id='word_1_249' title='bbox 234 2821 315 2883; x_wconf 88' lang='lat' dir='ltr'><strong>idem</strong></span> <span class='ocrx_word' id='word_1_250' title='bbox 329 2822 467 2884; x_wconf 84' lang='lat' dir='ltr'><strong>Nicolaus</strong></span> <span class='ocrx_word' id='word_1_251' title='bbox 481 2827 504 2884; x_wconf 85' lang='lat' dir='ltr'>v</span> <span class='ocrx_word' id='word_1_252' title='bbox 518 2825 570 2895; x_wconf 83' lang='lat' dir='ltr'><strong>(tt).</strong></span> 
     </span>
    </p>
   </div>
   <div class='ocr_carea' id='block_1_6' title="bbox 185 2959 1210 3179">
    <p class='ocr_par' dir='ltr' id='par_1_6' title="bbox 185 2959 1210 3179">
     <span class='ocr_line' id='line_1_32' title="bbox 214 2959 1189 3036; baseline 0.01 -18"><span class='ocrx_word' id='word_1_253' title='bbox 214 2967 250 3032; x_wconf 82' lang='grc' dir='ltr'><strong>(Ι)</strong></span> <span class='ocrx_word' id='word_1_254' title='bbox 264 2968 327 3035; x_wconf 73' lang='lat' dir='ltr'><strong>cap.</strong></span> <span class='ocrx_word' id='word_1_255' title='bbox 348 2967 599 3034; x_wconf 62' lang='lat' dir='ltr'><strong>intersaepiendo</strong></span> <span class='ocrx_word' id='word_1_256' title='bbox 619 2969 713 3022; x_wconf 73' lang='lat' dir='ltr'><strong>naret.</strong></span> <span class='ocrx_word' id='word_1_257' title='bbox 729 2968 972 3036; x_wconf 62' lang='lat' dir='ltr'><strong>retransmeant.</strong></span> <span class='ocrx_word' id='word_1_258' title='bbox 989 2972 1043 3028; x_wconf 79' lang='lat'><strong>100.</strong></span> <span class='ocrx_word' id='word_1_259' title='bbox 1061 2970 1113 3024; x_wconf 77' lang='lat' dir='ltr'><strong>aar.</strong></span> <span class='ocrx_word' id='word_1_260' title='bbox 1127 2995 1150 3008; x_wconf 89' lang='lat'>-</span> <span class='ocrx_word' id='word_1_261' title='bbox 1163 2959 1189 3028; x_wconf 77' lang='lat' dir='ltr'><strong>(u</strong></span> 
     </span>
     <span class='ocr_line' id='line_1_33' title="bbox 186 3038 1189 3110; baseline -0.001 -20"><span class='ocrx_word' id='word_1_262' title='bbox 186 3038 251 3103; x_wconf 76' lang='lat' dir='ltr'><strong>(lep.</strong></span> <span class='ocrx_word' id='word_1_263' title='bbox 269 3039 283 3090; x_wconf 81' lang='grc'>5</span> <span class='ocrx_word' id='word_1_264' title='bbox 299 3042 326 3091; x_wconf 86' lang='lat' dir='ltr'><strong>et</strong></span> <span class='ocrx_word' id='word_1_265' title='bbox 338 3039 364 3104; x_wconf 88' lang='lat'><strong>6,</strong></span> <span class='ocrx_word' id='word_1_266' title='bbox 378 3040 412 3093; x_wconf 89' lang='lat' dir='ltr'><strong>do</strong></span> <span class='ocrx_word' id='word_1_267' title='bbox 426 3041 519 3095; x_wconf 82' lang='lat' dir='ltr'><strong>haeret.</strong></span> <span class='ocrx_word' id='word_1_268' title='bbox 537 3069 569 3080; x_wconf 88' lang='grc'><strong>-</strong></span> <span class='ocrx_word' id='word_1_269' title='bbox 583 3041 618 3108; x_wconf 85' lang='grc'><strong>(3)</strong></span> <span class='ocrx_word' id='word_1_270' title='bbox 632 3042 698 3108; x_wconf 85' lang='lat' dir='ltr'><strong>Cep.</strong></span> <span class='ocrx_word' id='word_1_271' title='bbox 714 3043 728 3092; x_wconf 86' lang='lat'><strong>5</strong></span> <span class='ocrx_word' id='word_1_272' title='bbox 742 3042 776 3095; x_wconf 92' lang='lat' dir='ltr'><strong>de</strong></span> <span class='ocrx_word' id='word_1_273' title='bbox 792 3056 865 3108; x_wconf 89' lang='lat' dir='ltr'><strong>poen.</strong></span> <span class='ocrx_word' id='word_1_274' title='bbox 885 3044 912 3094; x_wconf 92' lang='lat' dir='ltr'><strong>in</strong></span> <span class='ocrx_word' id='word_1_275' title='bbox 927 3045 949 3096; x_wconf 85' lang='grc'><strong>6.</strong></span> <span class='ocrx_word' id='word_1_276' title='bbox 971 3069 1005 3085; x_wconf 90' lang='lat'><strong>-·</strong></span> <span class='ocrx_word' id='word_1_277' title='bbox 1027 3045 1064 3110; x_wconf 83' lang='lat' dir='ltr'><strong>(i)</strong></span> <span class='ocrx_word' id='word_1_278' title='bbox 1079 3045 1144 3096; x_wconf 81' lang='lat' dir='ltr'><strong>sess.</strong></span> <span class='ocrx_word' id='word_1_279' title='bbox 1158 3039 1189 3098; x_wconf 80' lang='lat' dir='ltr'><strong>tt,</strong></span> 
     </span>
     <span class='ocr_line' id='line_1_34' title="bbox 185 3101 1210 3179; baseline 0.002 -18"><span class='ocrx_word' id='word_1_280' title='bbox 185 3122 208 3161; x_wconf 88' lang='lat' dir='ltr'><strong>c.</strong></span> <span class='ocrx_word' id='word_1_281' title='bbox 224 3110 248 3171; x_wconf 88' lang='grc'><strong>3,</strong></span> <span class='ocrx_word' id='word_1_282' title='bbox 263 3110 297 3163; x_wconf 82' lang='lat' dir='ltr'><strong>da</strong></span> <span class='ocrx_word' id='word_1_283' title='bbox 313 3111 400 3176; x_wconf 80' lang='lat' dir='ltr'><strong>regul.</strong></span> <span class='ocrx_word' id='word_1_284' title='bbox 416 3138 446 3152; x_wconf 92' lang='lat'>-</span> <span class='ocrx_word' id='word_1_285' title='bbox 461 3113 502 3178; x_wconf 75' lang='lat' dir='ltr'><strong>lt).</strong></span> <span class='ocrx_word' id='word_1_286' title='bbox 520 3114 584 3178; x_wconf 84' lang='lat' dir='ltr'><strong>Gap.</strong></span> <span class='ocrx_word' id='word_1_287' title='bbox 596 3114 621 3178; x_wconf 85' lang='lat'><strong>3,</strong></span> <span class='ocrx_word' id='word_1_288' title='bbox 635 3113 669 3166; x_wconf 88' lang='lat' dir='ltr'><strong>dc</strong></span> <span class='ocrx_word' id='word_1_289' title='bbox 682 3113 758 3166; x_wconf 83' lang='lat' dir='ltr'><strong>verli.</strong></span> <span class='ocrx_word' id='word_1_290' title='bbox 773 3113 861 3179; x_wconf 84' lang='lat' dir='ltr'><strong>siguli.</strong></span> <span class='ocrx_word' id='word_1_291' title='bbox 875 3119 903 3166; x_wconf 88' lang='lat' dir='ltr'><strong>et</strong></span> <span class='ocrx_word' id='word_1_292' title='bbox 913 3115 994 3168; x_wconf 85' lang='lat' dir='ltr'><strong>Glem.</strong></span> <span class='ocrx_word' id='word_1_293' title='bbox 1013 3114 1102 3178; x_wconf 75' lang='lat' dir='ltr'><strong>licini,</strong></span> <span class='ocrx_word' id='word_1_294' title='bbox 1116 3111 1165 3166; x_wconf 89' lang='lat' dir='ltr'><strong>eod.</strong></span> <span class='ocrx_word' id='word_1_295' title='bbox 1209 3101 1210 3158; x_wconf 78' lang='lat' dir='ltr'><strong>l</strong></span> 
     </span>
    </p>
   </div>
   <div class='ocr_carea' id='block_1_7' title="bbox 186 3289 1210 3642">
    <p class='ocr_par' dir='ltr' id='par_1_7' title="bbox 186 3289 1210 3642">
     <span class='ocr_line' id='line_1_35' title="bbox 221 3289 1210 3367; baseline -0.002 -19"><span class='ocrx_word' id='word_1_296' title='bbox 221 3291 284 3349; x_wconf 78' lang='lat' dir='ltr'><strong>eru.</strong></span> <span class='ocrx_word' id='word_1_297' title='bbox 302 3292 446 3349; x_wconf 81' lang='lat' dir='ltr'><strong>Caeterum</strong></span> <span class='ocrx_word' id='word_1_298' title='bbox 459 3289 490 3349; x_wconf 91' lang='lat' dir='ltr'><strong>in</strong></span> <span class='ocrx_word' id='word_1_299' title='bbox 504 3293 681 3352; x_wconf 87' lang='lat' dir='ltr'><strong>testamento</strong></span> <span class='ocrx_word' id='word_1_300' title='bbox 695 3291 745 3367; x_wconf 91' lang='lat' dir='ltr'><strong>pio</strong></span> <span class='ocrx_word' id='word_1_301' title='bbox 761 3305 898 3367; x_wconf 67' lang='lat' dir='ltr'><strong>personat</strong></span> <span class='ocrx_word' id='word_1_302' title='bbox 914 3291 1004 3354; x_wconf 89' lang='lat' dir='ltr'><strong>etiam</strong></span> <span class='ocrx_word' id='word_1_303' title='bbox 1020 3293 1138 3354; x_wconf 77' lang='lat' dir='ltr'><strong>incerta</strong></span> <span class='ocrx_word' id='word_1_304' title='bbox 1153 3303 1190 3346; x_wconf 90' lang='lat' dir='ltr'><strong>re·</strong></span> <span class='ocrx_word' id='word_1_305' title='bbox 1209 3329 1210 3334; x_wconf 19' lang='grc' dir='ltr'>η</span> 
     </span>
     <span class='ocr_line' id='line_1_36' title="bbox 188 3377 1190 3453; baseline -0.002 -13"><span class='ocrx_word' id='word_1_306' title='bbox 188 3385 236 3452; x_wconf 82' lang='lat' dir='ltr'><strong>cte</strong></span> <span class='ocrx_word' id='word_1_307' title='bbox 249 3377 452 3453; x_wconf 88' lang='lat' dir='ltr'><strong>instituuntur,</strong></span> <span class='ocrx_word' id='word_1_308' title='bbox 463 3385 493 3438; x_wconf 91' lang='lat' dir='ltr'><strong>et</strong></span> <span class='ocrx_word' id='word_1_309' title='bbox 507 3379 604 3442; x_wconf 85' lang='lat' dir='ltr'><strong>valide</strong></span> <span class='ocrx_word' id='word_1_310' title='bbox 617 3380 774 3440; x_wconf 83' lang='lat' dir='ltr'><strong>haereditas</strong></span> <span class='ocrx_word' id='word_1_311' title='bbox 790 3380 821 3438; x_wconf 90' lang='lat' dir='ltr'><strong>in</strong></span> <span class='ocrx_word' id='word_1_312' title='bbox 840 3381 916 3442; x_wconf 88' lang='lat' dir='ltr'><strong>tertii</strong></span> <span class='ocrx_word' id='word_1_313' title='bbox 934 3383 1055 3444; x_wconf 89' lang='lat' dir='ltr'><strong>arbitrio</strong></span> <span class='ocrx_word' id='word_1_314' title='bbox 1072 3377 1190 3441; x_wconf 77' lang='lat' dir='ltr'><strong>disnim-</strong></span> 
     </span>
     <span class='ocr_line' id='line_1_37' title="bbox 187 3461 1192 3546; baseline -0.003 -19"><span class='ocrx_word' id='word_1_315' title='bbox 187 3467 266 3528; x_wconf 88' lang='lat' dir='ltr'><strong>enda</strong></span> <span class='ocrx_word' id='word_1_316' title='bbox 275 3465 555 3541; x_wconf 85' lang='lat' dir='ltr'><strong>committitur,licet</strong></span> <span class='ocrx_word' id='word_1_317' title='bbox 565 3467 648 3528; x_wconf 89' lang='lat' dir='ltr'><strong>aliter</strong></span> <span class='ocrx_word' id='word_1_318' title='bbox 661 3468 793 3529; x_wconf 81' lang='lat' dir='ltr'><strong>obtineat</strong></span> <span class='ocrx_word' id='word_1_319' title='bbox 805 3469 844 3529; x_wconf 88' lang='lat' dir='ltr'><strong>dc</strong></span> <span class='ocrx_word' id='word_1_320' title='bbox 854 3471 922 3546; x_wconf 85' lang='lat' dir='ltr'><strong>jnrc</strong></span> <span class='ocrx_word' id='word_1_321' title='bbox 932 3469 1099 3532; x_wconf 81' lang='lat' dir='ltr'><strong>ciuililliuc</strong></span> <span class='ocrx_word' id='word_1_322' title='bbox 1109 3467 1131 3528; x_wconf 89' lang='lat' dir='ltr'><strong>si</strong></span> <span class='ocrx_word' id='word_1_323' title='bbox 1139 3461 1192 3542; x_wconf 81' lang='lat' dir='ltr'><strong>quis</strong></span> 
     </span>
     <span class='ocr_line' id='line_1_38' title="bbox 186 3553 1191 3642; baseline 0.006 -28"><span class='ocrx_word' id='word_1_324' title='bbox 186 3554 321 3616; x_wconf 87' lang='lat' dir='ltr'><strong>instituet</strong></span> <span class='ocrx_word' id='word_1_325' title='bbox 341 3569 489 3631; x_wconf 86' lang='lat' dir='ltr'><strong>pauperes</strong></span> <span class='ocrx_word' id='word_1_326' title='bbox 511 3553 541 3615; x_wconf 92' lang='lat' dir='ltr'><strong>iu</strong></span> <span class='ocrx_word' id='word_1_327' title='bbox 558 3571 678 3632; x_wconf 76' lang='lat' dir='ltr'><strong>genere,</strong></span> <span class='ocrx_word' id='word_1_328' title='bbox 693 3559 743 3618; x_wconf 83' lang='lat' dir='ltr'><strong>uel</strong></span> <span class='ocrx_word' id='word_1_329' title='bbox 756 3572 862 3642; x_wconf 83' lang='lat' dir='ltr'><strong>causas</strong></span> <span class='ocrx_word' id='word_1_330' title='bbox 880 3557 955 3636; x_wconf 88' lang='lat' dir='ltr'><strong>pias,</strong></span> <span class='ocrx_word' id='word_1_331' title='bbox 971 3577 1055 3638; x_wconf 88' lang='lat' dir='ltr'><strong>quos,</strong></span> <span class='ocrx_word' id='word_1_332' title='bbox 1069 3559 1116 3620; x_wconf 83' lang='lat' dir='ltr'><strong>val</strong></span> <span class='ocrx_word' id='word_1_333' title='bbox 1129 3565 1191 3632; x_wconf 68' lang='lat' dir='ltr'><strong>quis</strong></span> 
     </span>
    </p>
   </div>
   <div class='ocr_carea' id='block_1_8' title="bbox 0 0 1220 4064">
    <p class='ocr_par' dir='ltr' id='par_1_8' title="bbox 0 0 1220 4064">
     <span class='ocr_line' id='line_1_39' title="bbox 0 0 1220 4064; baseline 0 0"><span class='ocrx_word' id='word_1_334' title='bbox 0 0 1220 4064; x_wconf 95' lang='lat' dir='ltr'><strong>   </strong></span> 
     </span>
    </p>
   </div>
  </div>
 </body>
</html>
