2410 4068
48 311 99 372 riali
110 326 175 382 eum
189 311 368 388 allegatione
389 311 552 389 probabilis
576 312 660 386 tituli,
683 331 775 390 aquo
790 315 854 392 ipsa
868 318 1055 396 prescriptio

48 400 173 475 fulciatur,
186 417 258 462 cum
272 401 370 478 agitur
383 401 421 461 de
442 402 670 478 jurepatronatu
691 403 835 477 familiari,
860 413 890 464 et
910 406 1055 482 gentilitio

36 527 38 530 -
49 495 133 548 cantra
140 506 344 564 successores,
355 489 407 566 qui
415 491 453 550 ad
462 491 687 567 juspatronatus
696 490 931 568 independenter
944 513 962 554 a
974 495 1054 571 prio-

49 577 113 636 ribus
124 578 350 654 possessoribus
364 596 403 638 ea
422 579 546 656 propria
570 596 702 655 persona
719 581 859 656 veniunt,
884 583 958 644 alias
978 602 1056 662 prae-

50 665 149 742 scriptio
162 667 331 744 longissimi
356 667 499 744 temporis
522 669 684 742 sufficeret,
705 671 808 745 modo,
832 687 868 732 ea
890 672 1053 734 decurren-

50 761 79 827 te,
90 755 263 816 heneficium
276 757 382 816 saitem
393 756 439 815 bis
452 762 533 816 esset
546 757 640 816 libere
654 757 795 818 collatum
809 775 877 820 ctum
891 757 1055 822 intentione

50 843 245 919 prejudicandi
259 851 386 920 patrono
403 863 410 906 :
426 861 496 904 nam
509 847 534 905 si
548 844 713 920 Episcopus
726 845 771 904 bis
786 847 965 908 beneficium
984 866 1057 908 con-

50 931 118 1006 terat,
131 931 203 1008 quia
218 940 364 1008 patronus
387 937 505 1011 tempus
526 934 564 993 ad
587 934 828 1010 presentandum
853 936 931 996 elabi
953 953 1061 1012 passus

51 1026 152 1089 estant
164 1021 235 1097 quia
248 1021 303 1080 luit
315 1021 485 1097 impeditus,
496 1022 578 1084 nulla
591 1023 894 1099 oritanpraescriptio.
907 1024 1060 1100 Extingui-

50 1111 87 1166 tur
97 1109 318 1170 renunciatione
331 1110 459 1186 patroni,
474 1111 554 1186 quod
569 1109 683 1186 absque
696 1109 869 1172 limitatione
882 1113 1019 1188 procedit
1029 1113 1060 1172 in

50 1195 101 1271 ipso
112 1197 250 1258 beneficii
260 1199 436 1272 fundatore3
453 1198 483 1258 in
497 1199 701 1276 reliquisvero
712 1199 891 1275 haeredibus,
905 1207 936 1260 et
947 1217 1063 1262 succes·

50 1285 237 1346 sorihusillud
251 1293 298 1346 est
315 1287 547 1360 observandum,
573 1287 654 1364 qnod
678 1288 864 1348 renunciatio
888 1289 1062 1350 nonhabet

51 1375 172 1434 ellectum
194 1381 301 1434 contra
321 1379 380 1450 jus,
401 1382 430 1435 at
453 1376 649 1436 commodum
668 1375 856 1451 sequentium
874 1384 1059 1437 vocatorum.

51 1461 221 1539 intinguitur
229 1461 453 1539 delicto,utper
464 1463 611 1537 haeresim,
626 1465 815 1541 apostasiam,
826 1472 856 1526 et
869 1466 1019 1538 schisma(
1039 1469 1061 1540 l,

52 1567 94 1624 per
108 1550 301 1612 homicidium
327 1553 538 1627 voluntarium,
563 1559 614 1613 aut
637 1553 853 1613 mutilationem
874 1572 929 1631 per
951 1572 994 1628 se,
1014 1557 1063 1615 vcl

52 1655 94 1713 per
104 1639 176 1700 alios
190 1647 338 1716 patratam
352 1639 381 1700 in
397 1657 528 1716 persona
541 1642 669 1701 rectoris
681 1642 841 1703 alteriusve
853 1643 954 1704 clerici
966 1645 1064 1706 Ecclc

54 1727 94 1788 aiae
105 1737 269 1806 patronatae
284 1730 335 1804 (2),
351 1735 380 1789 et
395 1747 449 1806 per
460 1729 618 1790 simoniam
632 1732 822 1808 commissam
835 1731 865 1790 in
879 1733 1061 1808 venditione,

53 1818 102 1879 aive
110 1818 303 1880 translatione
314 1815 565 1894 jnrispatronatus
580 1825 620 1894 (3)
636 1839 645 1879 :
659 1821 767 1896 quibus
781 1821 810 1880 in
826 1822 945 1882 casibus
958 1824 1063 1900 praeju-

6 1977 7 1986 ἵ
54 1905 149 1968 dicium
162 1909 196 1968 itt
207 1907 265 1984 ipsi
277 1915 416 1984 patrono,
436 1909 559 1984 ejusque
577 1909 756 1984 haeredibus,
772 1927 832 1970 non
854 1928 927 1970 vero
941 1911 1064 1972 venien-

56 1995 120 2057 tibus
138 2015 177 2058 ex
190 1997 314 2076 propria
337 2013 467 2072 persona
487 1997 525 2056 ad
546 1997 797 2074 jurispatronatus
819 1999 1062 2060 successionem:

56 2085 137 2146 sedin
152 2104 224 2147 casu
238 2085 346 2145 luorum
358 2085 536 2146 delictorum
556 2087 632 2145 solet
646 2087 684 2146 ad
699 2089 845 2148 cautelam
860 2105 878 2148 a
895 2093 973 2164 Papa
987 2088 1064 2148 obti-

58 2175 110 2234 neri
120 2173 275 2251 derogatio
285 2173 541 2250 jurispatronatus
552 2177 603 2246 (l).
620 2175 806 2252 Extinguitur
820 2177 926 2252 abusu,
947 2177 984 2238 de
1004 2195 1065 2254 quo

57 2262 100 2322 tria
112 2265 188 2325 edita
201 2271 272 2324 sunt
285 2282 303 2323 a
316 2263 486 2324 Tridentino
500 2263 620 2323 decreta
635 2283 641 2322 :
656 2265 786 2342 primum
808 2273 863 2339 est,
880 2267 909 2325 in
925 2285 985 2342 qno
1009 2268 1065 2328 suh

57 2367 131 2424 poena
144 2353 319 2430 privationis
328 2352 580 2430 jurispatronatus
600 2351 784 2428 prohibetur,
800 2370 838 2412 ne
852 2360 995 2428 patronus
1009 2359 1066 2414 Ec·

58 2440 138 2501 etesia
154 2447 206 2502 au't
223 2440 360 2501 beneficii
372 2439 603 2514 iurisdictiones
614 2441 703 2514 bona,
716 2454 834 2514 censue,
847 2443 925 2517 jura,
939 2443 1065 2516 fructus,

57 2533 248 2604 emolumenta,
269 2548 323 2590 seu
345 2545 549 2606 quascumque
568 2529 764 2589 obventiones
783 2547 973 2606 utracumque
991 2538 1065 2604 arte,

58 2624 98 2676 aut
109 2634 293 2696 quocumque
307 2618 433 2695 qtuaesito
447 2619 558 2692 colore,
569 2634 729 2694 occupare,
745 2618 833 2676 autin
847 2617 986 2694 proprios
997 2635 1069 2678 usus

58 2715 215 2770 convertere
228 2714 328 2784 queat,
341 2713 392 2766 aut
405 2705 560 2782 impedire,
575 2721 614 2766 ne
628 2705 666 2764 ab
680 2705 726 2778 iis,
743 2705 781 2766 ad
796 2722 871 2782 quos
888 2707 957 2782 jure
976 2706 1069 2783 perti·

60 2803 127 2871 nent,
138 2796 341 2874 percipiantur
357 2801 415 2870 (ὣς
430 2795 597 2855 secundum
616 2801 671 2868 est,
686 2794 716 2854 in
742 2813 801 2872 quo
829 2792 1013 2872 prohibetur,
1032 2813 1072 2858 ne

60 2890 186 2955 patronus
199 2885 230 2944 in
249 2886 284 2944 iis
298 2874 331 2944 se
345 2885 471 2960 ingerat,
486 2899 553 2959 quae
567 2889 825 2942 sacramentorum
840 2884 1070 2946 administratio·

61 2986 125 3047 nem,
138 2973 338 3034 visitationem
349 2978 604 3044 ornamentorum,
619 2970 828 3032 autbonorum
837 2971 986 3033 stabilium
999 2992 1070 3049 pro-

61 3068 150 3121 ventus
162 3061 337 3139 respiciunt,
348 3061 404 3122 nisi
419 3066 565 3138 quatenus
580 3059 650 3118 idei
664 3077 702 3120 eu
726 3059 918 3136 institutione,
938 3070 990 3122 aut
1002 3065 1070 3122 fun-

62 3146 163 3211 datione
177 3156 329 3226 competat
344 3153 404 3222 (ti),
421 3149 540 3210 tertium
554 3153 609 3220 ost,
624 3147 654 3206 in
680 3165 739 3224 quo
757 3157 873 3229 ‚praeter
895 3148 1070 3228 prohibitio-

64 3239 268 3314 nemgestionis
280 3239 441 3309 fructuum,
456 3238 521 3298 haec
533 3236 654 3313 ponitur
676 3237 817 3312 clausula,
835 3246 994 3316 patronum
1012 3238 1070 3299 sci-

63 3321 126 3399 licet,
153 3329 336 3398 auliatenam,
362 3325 483 3388 nullove
504 3341 605 3400 causo,
632 3334 686 3386 aaut
708 3328 856 3388 occasione
879 3345 912 3388 se
932 3328 1070 3403 ingerere

64 3417 176 3483 possein
196 3417 387 3495 perceptione
399 3415 560 3489 fructuum,
577 3415 802 3490 obventionum,
817 3423 846 3476 el
858 3421 1069 3490 proventuum,

68 3515 115 3560 uon
131 3505 265 3566 obstante
279 3519 468 3582 quacumque
490 3502 707 3565 consuetudine
721 3508 761 3574 (7)
774 3521 781 3575 3
808 3520 847 3562 ex
869 3519 929 3577 qua
941 3503 1073 3562 clausula
