2524 4080
512 181 672 241 ...393-

114 305 172 362 730.
187 307 255 363 llaec
267 303 406 364 ccclesias
416 303 569 380 judicandi
582 302 715 382 potestas
729 303 946 364 coercitionem
959 316 1096 379 compre

82 389 193 450 hendit:
213 407 282 452 nam
298 393 374 454 foret
388 391 491 454 inutile
503 392 658 469 judicium,
675 393 700 452 si
717 393 811 470 judex
824 392 886 452 vim
899 408 960 452 non
974 391 1097 452 haberet

78 477 233 553 judicatum
255 481 435 558 exequendi.
459 485 555 545 ludex
573 488 674 544 autern
693 481 913 542 ecclesiasticus
932 479 1097 557 judicatum

80 570 516 646 suumexcqutturdeceruendo
526 587 632 647 poenas
643 571 754 631 nedum
763 570 941 646 spirituales,
949 569 1098 629 sedetiam

81 659 260 732 temporales,
277 666 307 719 et
329 661 519 735 corporales3
540 659 708 736 spirituales
721 658 852 736 quidem,
868 665 900 718 ut
914 663 959 718 est
973 673 1097 719 excom-

77 744 242 822 municatio,
263 748 432 824 suspensio,
446 749 648 822 interdictum,
670 747 838 808 inhabilitate
860 746 898 806 ad
921 745 1041 806 ordines
1067 752 1097 806 et

78 832 177 908 cilicia,
192 834 349 911 depositio,
365 844 395 896 et
408 835 580 912 degradatio
596 841 657 911 (l),
674 836 853 912 temporales
868 835 966 905 etiam,
982 839 1015 894 ut
1028 840 1097 894 sunt

78 923 188 982 mulctae
202 928 255 998 (t),
270 924 461 1000 privationes,
469 925 687 986 subtractioues
697 927 865 996 fructuum3
881 930 911 983 et
924 924 1097 998 corporales

77 1015 449 1090 quoquamsantjejunia,
461 1015 547 1074 etalii
558 1014 740 1090 poenilentiae
750 1019 835 1073 actus
848 1012 1033 1086 (3),verbera
1042 1014 1095 1086 (l),

77 1113 207 1161 carceres
225 1107 276 1176 (t),
298 1110 328 1162 et
348 1102 468 1164 exilium
489 1108 540 1177 (6).
556 1106 636 1165 Ultra
656 1120 718 1162 non
740 1101 932 1179 progreditur
952 1098 1095 1172 Ecclesia,

75 1203 166 1264 neque
183 1191 411 1266 mutilationem,
426 1202 477 1253 aut
489 1210 612 1270 poenam
632 1192 785 1268 sanguinis
801 1205 944 1267 umquam
962 1187 1094 1264 protulit,

76 1278 139 1352 quia
150 1281 256 1340 christi
268 1297 392 1342 servans
403 1281 554 1342 lenitatem
568 1281 608 1340 ita
617 1297 737 1356 semper
744 1279 899 1340 abhorruit
911 1296 928 1337 a
940 1275 1094 1351 sanguine,

72 1377 103 1424 ut
116 1383 175 1427 non
187 1370 276 1444 sinat,
296 1386 365 1430 eum
384 1371 420 1430 ad
436 1369 537 1430 altaris
550 1368 745 1430 ministerium
758 1366 861 1444 recipi,
878 1367 928 1444 qui
949 1380 1094 1442 quocum-

73 1471 127 1530 que
140 1459 232 1517 modc
245 1475 352 1518 manus
365 1459 509 1536 sauguine
523 1460 687 1519 maculatas
700 1458 816 1517 habeat.
841 1455 899 1516 Sed
913 1471 982 1515 cum
997 1451 1094 1512 fidelis

70 1540 97 1601 in
113 1547 294 1620 profundum
306 1547 468 1623 iniquitatis
490 1548 621 1622 dilapsus
640 1551 697 1620 est,
718 1563 788 1608 eum
806 1543 994 1621 derelinquit,
1013 1549 1043 1603 et
1064 1540 1094 1602 in

69 1631 149 1692 laicae
163 1634 320 1710 potcstatis
332 1652 439 1696 manus
456 1635 569 1710 tradit(
588 1640 610 1709 ).

97 1804 132 1870 (1)
145 1805 204 1858 Hoc
219 1805 379 1872 intelligitur
391 1819 440 1872 pro
454 1819 486 1858 ea
496 1809 582 1872 parta,
596 1817 651 1872 quc
662 1807 741 1858 dietae
755 1819 843 1872 poenac
856 1805 965 1871 privant
977 1807 1040 1872 jura
1051 1817 1094 1856 ec·

68 1872 218 1929 clesiastica
231 1879 383 1930 ministeria
393 1878 537 1930 exercendi
548 1897 554 1940 ;
568 1891 632 1928 nam
646 1892 695 1944 pro
708 1878 924 1945 adapertaque
939 1877 1031 1928 lideles
1042 1877 1093 1928 bc·

68 1945 108 1996 nis
122 1948 322 2014 temporalibus
335 1950 486 2014 privantur,
508 1953 554 1999 aut
565 1961 597 1998 ax
612 1949 802 2000 catholicorum
816 1947 928 2010 familie,
941 1949 985 1998 vel
1000 1948 1033 2000 de
1049 1962 1094 2000 eo-

68 2028 125 2068 rum
139 2020 228 2083 gradu
241 2019 416 2085 dejiciuutur,
430 2020 593 2084 temporales
607 2021 689 2071 etiam
703 2023 774 2070 sunt.
790 2045 821 2056 -
831 2019 868 2084 (i)
886 2018 1001 2070 Mulctas
1013 2033 1095 2083 pecu-

67 2086 166 2141 niarias
181 2094 270 2158 potest
280 2092 365 2156 judex
380 2091 580 2143 ecclesiasticus
595 2091 744 2156 imponere.
759 2092 784 2142 A
802 2091 898 2156 primis
915 2091 986 2140 enim
1001 2091 1093 2141 Eccle-

67 2159 113 2210 siae
127 2161 310 2228 temporibus,
324 2169 352 2213 et
363 2163 492 2226 deinceps
506 2175 593 2226 usque
607 2161 641 2212 ad
653 2161 715 2212 haec
730 2166 850 2228 tempora
865 2161 1017 2226 reperimus
1026 2161 1093 2214 tuis-

66 2241 94 2280 se
105 2233 223 2284 mulctas
237 2227 386 2298 impositas,
403 2237 430 2284 et
445 2233 495 2284 hoc
506 2235 554 2299 jus
568 2231 694 2298 probavit
706 2232 893 2284 Tridentiuum
904 2233 941 2282 ita
951 2235 1092 2284 statuens:

65 2295 152 2356 Liceat
165 2304 338 2370 (Episcopis),
353 2304 377 2356 st'
398 2303 522 2370 capedire
541 2301 687 2367 videbitur,
702 2305 733 2356 ic
755 2303 842 2357 causis
864 2302 986 2355 ciuilibus
1002 2303 1038 2354 ad
1051 2305 1093 2368 fo·

64 2384 127 2425 ram
140 2375 348 2428 cccbccsttenm
370 2374 561 2442 quomodolibet
584 2373 779 2440 pcrtinentibus
803 2377 898 2427 contra
916 2386 1093 2440 quoscumque

66 2443 148 2497 ettam
162 2447 248 2500 taicos
262 2461 311 2513 par
319 2449 435 2500 mulctas
450 2446 632 2512 pecuniarias,
647 2459 703 2514 quc
712 2445 766 2512 pits
777 2445 841 2498 locis
854 2445 895 2498 iti
907 2444 1091 2506 emittentibus,

65 2525 94 2565 cc
106 2515 165 2580 ipso
180 2517 253 2584 quod
267 2521 363 2572 cacata
376 2518 490 2583 fuerim.
503 2518 707 2583 asumuntur...
728 2517 878 2584 procedere.
895 2521 920 2570 el
935 2529 1030 2568 coctas
1044 2518 1091 2569 dc-

64 2584 243 2648 intrasses.
263 2591 303 2649 25,
317 2605 341 2641 c.
357 2591 380 2649 3,
396 2594 429 2640 de
446 2589 493 2640 rel.
511 2589 618 2641 Mulctae
634 2589 772 2652 tradendae
787 2597 849 2640 sunt
870 2588 1032 2638 muletarum
1047 2587 1094 2640 de-

65 2659 205 2720 positorio,
218 2665 246 2712 et
259 2661 288 2711 in
304 2661 413 2712 citatum
426 2673 505 2711 usum
518 2661 647 2713 citissime
661 2660 862 2728 expendendae;
878 2673 965 2724 neque
979 2657 1090 2724 Capitu-

66 2725 130 2791 lum,
145 2745 235 2796 neque
247 2731 380 2790 Vicarius,
395 2744 482 2796 neque
493 2732 576 2796 judex
587 2733 760 2798 quicumque,
772 2744 860 2796 neque
872 2730 931 2796 ipse
943 2729 1091 2795 Episcopus

64 2804 153 2860 potest
167 2815 214 2852 eas
229 2802 282 2853 sibi
296 2802 460 2864 adscribere,
482 2803 540 2852 uisi
559 2802 603 2854 hie
623 2803 735 2852 ultimus
753 2805 858 2852 tantum
875 2807 985 2866 propter
998 2813 1091 2852 veram

64 2872 256 2924 necessitatem
270 2874 463 2937 temporarium
477 2873 607 2924 habeata
627 2873 654 2924 S.
671 2873 740 2924 Sede
761 2872 902 2924 indultum.
929 2871 1090 2924 Benedictus

63 2938 127 2992 XIV
143 2943 179 2994 de
192 2944 293 3009 synod.
308 2945 327 2995 l.
344 2943 381 3003 10,
399 2957 422 2994 c.
438 2944 452 2994 a
475 2949 501 2994 et
519 2945 555 2996 10.
571 2944 666 2996 Devoti
680 2945 730 2995 loc.
751 2945 796 2995 cit.
812 2943 828 2996 l.
845 2945 869 3007 t,
881 2949 901 2994 t.
917 2944 954 2995 ll.
976 2942 1090 3005 Quando

64 3017 155 3066 autem
168 3017 255 3080 possit
268 3015 350 3080 J'udex
363 3029 471 3081 pteram
491 3017 676 3080 pecuniariam
698 3016 837 3080 imponere
857 3019 932 3067 notat
952 3015 1048 3067 Glossa
1061 3015 1090 3065 iu

63 3097 120 3150 cap.
138 3085 164 3148 3,
182 3086 215 3137 de
226 3100 298 3152 poen.
313 3087 356 3137 his
371 3086 480 3137 verbis:
497 3106 507 3134 a
526 3087 593 3138 Cum
605 3090 650 3152 jus
671 3087 765 3137 statuit
777 3100 885 3152 poenam
904 3087 1089 3152 pecuniariam

64 3172 74 3198 a
92 3155 279 3220 infligendam,
295 3158 457 3224 quicumque
472 3159 609 3221 cognoscit
618 3159 651 3208 de
668 3158 780 3208 crimine
794 3157 868 3208 illam
882 3161 970 3223 potest
983 3156 1087 3221 inflige·

65 3243 75 3271 a
93 3239 166 3288 rs...;
183 3229 205 3279 si
219 3241 283 3279 vero
293 3231 340 3290 jus
358 3229 443 3279 solam
457 3241 564 3294 poenam
576 3229 750 3294 spiritualem,
765 3229 807 3280 vel
824 3230 989 3294 corporalem
1006 3240 1089 3292 super

64 3314 75 3343 t
93 3297 210 3350 crimine
222 3300 326 3359 statuit,
338 3300 422 3364 judex
436 3313 489 3350 non
503 3302 599 3364 petest,
619 3313 669 3350 nec
684 3299 763 3352 debet
777 3299 853 3350 illam
872 3301 900 3350 in
916 3300 998 3351 aliam
1015 3311 1087 3348 com·

64 3386 74 3412 a
92 3372 232 3420 mutare...
249 3376 276 3422 st
291 3385 351 3422 cum
366 3370 399 3422 de
414 3383 496 3435 poena
510 3371 631 3422 criminis
654 3370 722 3420 nibil
735 3371 769 3422 de
784 3373 847 3436 jure
869 3373 976 3422 cautum
989 3374 1038 3426 est,
1052 3378 1088 3418 an

63 3455 76 3481 s
91 3442 278 3504 pecunariam,
293 3442 335 3492 vel
351 3441 432 3492 aliam
453 3441 555 3506 infligat
575 3441 676 3505 jndicis
690 3442 801 3494 arbitrio
823 3442 1005 3494 committitur.
1021 3441 1088 3491 Cum

62 3527 73 3555 a
87 3511 176 3574 judex
189 3523 274 3576 super
287 3513 400 3562 crimine
415 3513 573 3577 dispensare
594 3516 690 3578 potest,
705 3513 774 3565 bene
791 3515 881 3578 potest
893 3510 1014 3576 infligere
1028 3524 1087 3578 poe·

62 3597 74 3626 a
91 3593 158 3632 nam
177 3582 363 3648 pecuniariam
377 3583 523 3636 sataliam.
539 3600 551 3630 l
568 3610 599 3622 -
617 3584 650 3648 (3)
672 3583 811 3637 Habemus
832 3581 915 3647 hujus
938 3581 978 3634 roi
994 3593 1085 3636 erem·
