2494 4062
502 151 645 208 ..15-

46 269 365 333 comntemorctianrm
392 275 446 346 (l).
467 276 601 334 Attamen
628 273 721 335 verba
748 275 994 352 consecrationis,
1017 275 1081 354 qui·

47 363 100 422 bus
122 360 413 422 transubstantiatio
435 361 481 438 lit,
505 362 676 423 sacerdotes
700 380 761 424 non
781 365 936 441 proferunt
958 366 989 426 in
1011 383 1081 443 pro-

51 452 111 526 pria
131 465 285 526 persona,
301 450 356 510 sed
378 449 408 510 in
432 467 563 527 persona
583 451 698 512 christi.
714 452 842 514 Minister
858 470 941 530 vero,
956 455 1008 532 qui
1025 460 1083 516 Eu-

56 539 229 599 charistiam
243 538 410 614 dispensat,
426 546 471 599 ast
482 538 590 600 iterum
607 541 767 615 sacerdos,
782 552 813 602 at
826 544 1005 620 quandoque
1017 543 1084 604 llio·

62 643 143 688 conus
159 645 204 688 ex
234 625 449 687 commissione
467 629 646 704 Sacerdotis,
659 637 710 690 aut
733 631 763 690 in
783 632 957 692 necessitate
971 633 1008 691 ad
1023 631 1083 692 dis·

67 717 246 789 pusandum
261 716 322 774 boc
334 715 435 792 ipsum
458 724 677 779 sacramentum
694 719 867 791 admittitur,
882 727 915 780 ut
927 722 989 796 jam
1009 719 1084 780 vidi-

69 808 185 875 tumst).
201 804 266 864 Sed
286 803 408 864 nomine
423 804 591 865 Sacerdotis
612 805 810 882 dispensantis
831 824 892 867 non
914 806 1085 884 intelligitur

66 892 186 953 absolute
208 893 271 952 nisi
286 893 450 967 Perochus,
466 910 534 954 cum
550 893 598 954 alii
612 895 784 956 sacerdotes
796 895 945 972 simplices
957 895 1086 956 habeant

66 983 172 1056 quidem
186 981 375 1042 sacramenti
398 982 576 1042 conficiendi
596 989 785 1060 potestatem,
800 1001 861 1044 non
880 1001 952 1044 vero
967 999 1086 1061 semper

64 1071 246 1132 ministrandi
260 1071 481 1132 auctoritatem.
502 1077 595 1132 lmmo
609 1071 811 1133 ministrandae
825 1072 1015 1134 Eucharistiae
1029 1088 1086 1132 sae·

65 1160 209 1220 sularibus
222 1159 365 1236 personis
381 1159 589 1220 auctoritatem
607 1177 669 1219 non
688 1161 798 1220 habent
816 1161 976 1237 Regulares
993 1159 1024 1220 in
1038 1159 1086 1222 die
1105 1171 1106 1174 ’

65 1249 209 1308 Pascbalis
221 1265 282 1326 per
290 1249 360 1324 jura
374 1249 703 1324 allegataaBenedicto
715 1253 796 1320 lllV(
816 1252 836 1319 ).
1028 1248 1031 1254 '

98 1337 268 1412 subjectum
282 1337 475 1396 Eucharistiae
487 1342 533 1397 est
542 1336 638 1398 omnis
649 1337 838 1412 christianus,
850 1335 900 1414 qui
914 1335 995 1398 sitin
1009 1343 1087 1399 statu

65 1424 170 1500 gratiae,
183 1433 215 1485 et
225 1427 310 1502 juste
324 1425 539 1486 Eucharistiem
552 1432 650 1503 petat:
665 1425 777 1486 idcireo
791 1427 927 1503 neganda
940 1434 986 1487 est
996 1425 1088 1504 publi·

67 1513 104 1572 cis
121 1512 347 1590 peccatoribus,
363 1514 414 1589 qui
438 1514 486 1573 vel
505 1515 579 1573 tales
596 1514 716 1573 luerunt
729 1530 746 1572 a
757 1513 857 1590 judice
876 1512 1025 1588 declarati,
1040 1514 1089 1574 vel

67 1617 113 1676 per
137 1600 429 1675 evidentiamfacti,
445 1618 511 1677 quae
533 1602 613 1660 nulla
635 1600 730 1677 possit
742 1601 987 1678 tergiversatione
1000 1603 1089 1662 celari

67 1691 133 1750 tales
147 1690 273 1766 publice
291 1689 495 1770 habenturql)
508 1708 514 1748 :
528 1689 598 1749 item
612 1689 748 1766 neganda
758 1697 804 1750 est
817 1689 917 1766 pueris
929 1697 1089 1766 antequam

66 1778 99 1836 ad
121 1795 219 1838 annos
243 1776 434 1838 discretionis
460 1778 643 1852 devenerint,
667 1778 746 1854 quod
770 1778 942 1854 contingere
963 1780 1038 1838 solet
1051 1778 1090 1837 ab

67 1882 140 1926 anno
154 1867 255 1927 aetatis
267 1864 394 1942 septimo
409 1867 447 1926 ad
461 1866 610 1928 decimum
624 1874 771 1942 quartum,
784 1866 840 1926 nisi
850 1872 955 1944 agatur
967 1867 1005 1926 de
1015 1883 1090 1926 mor·

66 1954 100 2014 tis
112 1955 262 2031 periculo,
277 1955 307 2014 in
323 1973 382 2030 quo
406 1954 495 2016 etiam
516 1955 602 2033 pueri
623 1956 683 2017 doli
702 1963 802 2016 tamen
817 1972 942 2034 capaces
955 1961 1025 2016 sunt
1039 1959 1088 2016 ss.
1186 2023 1188 2028 ,

65 2042 173 2104 liatico
184 2043 343 2104 reficiendi
357 2046 407 2116 (5).

92 2210 127 2275 (1)
142 2209 210 2262 Luc.
226 2208 268 2260 22.
284 2236 315 2248 -
330 2209 364 2274 (i)
377 2209 444 2276 sup,
458 2223 485 2261 n.
501 2209 555 2262 lli.
570 2209 647 2276 -(3)
658 2211 696 2262 De
709 2209 807 2276 Synod.
822 2210 841 2261 l.
856 2210 880 2273 9,
895 2222 918 2261 c.
934 2209 971 2261 ld.
986 2207 1092 2262 Eucha-

67 2281 139 2333 n'stia
152 2281 183 2332 in
198 2280 374 2345 processione
387 2280 514 2346 Corporis
528 2281 627 2334 Christi
640 2281 784 2333 deserenda
797 2285 839 2332 est
856 2279 982 2332 manibus
996 2281 1092 2332 Sacar-

67 2349 132 2402 dotis
141 2351 319 2413 celebrantis,
329 2355 360 2401 ut
372 2351 526 2416 praeseribit
539 2352 730 2403 Gaeremoniale
744 2351 948 2417 Episcoporum,
960 2354 987 2401 et
1000 2351 1027 2400 S.
1043 2349 1091 2400 Ri-

66 2425 139 2474 toum
156 2421 348 2486 congregatio.
363 2422 485 2486 corresp.
502 2422 536 2474 de
553 2421 631 2473 Rom.
652 2435 695 2473 en.
712 2422 780 2480 1852,
795 2435 821 2487 p.
838 2422 893 2485 118,
907 2426 934 2471 et
945 2419 1093 2470 ministrari

67 2505 116 2543 non
127 2497 222 2558 potest
236 2493 266 2541 in
277 2491 409 2544 oratoriis
424 2492 547 2558 privatis,
562 2493 615 2543 nisi
629 2493 661 2544 de
677 2491 805 2558 Episcopi
818 2491 934 2542 licentia.
951 2491 983 2541 ld
1000 2489 1093 2541 Ponti-

68 2563 106 2613 lax
121 2565 150 2614 in
164 2563 226 2614 bul.
243 2561 350 2627 Moeno,
364 2568 391 2613 et
403 2562 435 2616 S„
444 2563 484 2614 De
498 2562 600 2629 Ligario
614 2562 631 2615 1.
646 2563 670 2626 6,
684 2577 712 2613 n.
727 2563 782 2621 359,
795 2575 883 2628 neque
893 2561 997 2613 inferia
1007 2564 1092 2624 sexta,

69 2638 92 2684 et
104 2635 222 2686 sabbato
239 2633 267 2684 in
283 2633 443 2693 Parasceve,
461 2633 513 2684 nisi
533 2647 583 2700 per
600 2635 709 2685 modum
722 2632 829 2685 Viatici.
845 2632 1006 2684 Benedictus
1017 2631 1092 2693 XlV,

69 2703 99 2755 tle
111 2719 168 2756 sac.
181 2704 261 2755 Miss.
277 2703 297 2754 l.
310 2703 334 2765 ³,
347 2719 370 2754 c.
386 2703 423 2762 18,
437 2705 450 2769 2
466 2705 548 2754 11-
570 2705 605 2770 tl)
628 2705 667 2756 De
689 2704 740 2754 hoc
763 2705 800 2754 ita
820 2703 936 2768 legimus
949 2703 977 2754 in
991 2700 1094 2753 Rituali

68 2774 189 2827 Romarm
204 2775 241 2827 de
254 2775 425 2840 Eucharistia
447 2793 458 2822 a
482 2775 600 2826 Arcendi
615 2783 705 2826 autem
719 2779 782 2826 sunt
795 2773 821 2838 (a
835 2775 1031 2838 communione)
1044 2786 1092 2840 pu·

70 2864 80 2892 ι
95 2847 169 2899 blice
184 2845 302 2912 indigni,
316 2845 411 2912 queles
425 2849 489 2897 sunt
502 2846 732 2904 excommunicati,
747 2845 891 2904 interdicti,
906 2845 1094 2908 manifestique

70 2935 83 2966 ι
99 2919 227 2978 infames,
241 2921 273 2968 ut
285 2917 451 2981 meretrices,
465 2917 659 2976 concubinarii,
674 2917 857 2975 soeneratores,
872 2917 952 2980 magi,
965 2915 1094 2980 sortilegi,

72 3008 82 3036 ι
99 2989 267 3055 blasphemi,
285 2991 311 3040 et
333 2987 379 3038 alii
397 2989 457 3053 ejus
476 2989 582 3052 generis
596 2987 697 3053 publici
712 2990 876 3053 peccatores,
890 2988 943 3039 nisi
957 2987 1096 3039 decorum

73 3077 84 3107 ι
100 3059 271 3127 prenitentia,
287 3061 314 3111 et
327 3059 512 3111 emendatione
527 3063 639 3124 constet,
654 3063 681 3110 et
694 3059 802 3123 publico
822 3058 947 3110 scandelo
962 3059 1038 3124 prius
1052 3070 1096 3107 sa·

73 3150 84 3179 ι
101 3131 262 3182 tislecerint.
274 3129 401 3182 Occultos
414 3144 478 3182 vero
491 3134 657 3195 peccatores,
669 3130 692 3180 si
709 3129 813 3180 occulte
827 3131 929 3194 petant,
942 3135 969 3180 et
982 3143 1035 3180 non
1050 3139 1096 3179 eos

72 3222 85 3246 ·
99 3201 259 3253 emendatos
281 3200 420 3266 agnoverit
442 3201 588 3265 (sacerdos)
608 3201 731 3266 repellit;
749 3213 804 3252 nou
824 3204 923 3258 eutem,
944 3200 967 3251 si
988 3197 1097 3264 publice

75 3291 86 3317 ι
102 3276 204 3338 petent,
224 3274 251 3323 et
263 3271 321 3323 sine
336 3271 463 3323 scandalo
480 3271 553 3338 ipsos
566 3272 705 3336 praeterire
724 3273 847 3338 nequeat.
865 3287 876 3316 a
892 3297 919 3308 -
933 3269 969 3335 (5)
982 3267 1096 3321 Benedi-

76 3345 130 3395 ctus
142 3343 219 3402 xlv,
233 3343 267 3394 de
282 3341 380 3408 Synod.
397 3341 415 3392 l.
430 3341 453 3401 7,
468 3354 490 3429 q.
509 3343 535 3393 11
552 3344 580 3394 et
595 3342 631 3393 li.

110 3537 378 3616 tta.,Eueharistia
388 3537 585 3613 conficienda,
604 3543 634 3600 et
647 3537 791 3600 sumenda
805 3539 980 3609 esttantum
998 3530 1037 3590 ab
1050 3529 1098 3606 iis,
