2432 4078
622 221 783 280 ..303-

198 345 265 425 quis
278 359 400 406 suenum
414 341 525 404 habitet
545 347 600 418 (3);
618 347 651 404 ³⁰
668 343 693 403 si
709 343 816 404 domus
830 343 928 404 locate
945 341 1056 404 ruinam
1066 341 1178 416 minetur,

198 436 246 495 vel
265 433 387 494 omnino
405 432 593 508 reparatione
614 439 709 508 egeat,
729 433 844 492 locator
868 439 964 508 potest
981 432 1136 508 inquilinum
1150 431 1179 490 ed

200 531 316 599 tempus
333 521 454 582 edomo
471 522 571 581 locata
586 519 705 596 ejicere,
719 527 753 580 ut
767 527 959 596 restauretur,
973 522 1086 582 remissa
1098 538 1143 596 pro
1153 538 1180 580 eo

197 619 331 688 tempore
349 609 594 686 correspondenti
607 610 758 678 mercede;
775 615 806 670 le
820 610 844 670 si
857 609 1015 687 inquilinus
1027 627 1145 686 peruerse
1157 610 1180 668 in

198 701 289 762 domo
306 700 402 759 locate
415 706 618 772 conversetur,
631 698 662 757 id
679 705 736 771 est,
750 697 775 757 si
790 699 912 759 domum
930 703 1015 776 culpa
1028 715 1077 758 sun
1091 697 1180 757 nonii·

197 789 264 868 liter
276 787 453 848 deteriorem
466 787 581 862 reddet,
602 788 651 848 uel
664 803 700 847 ea
720 793 819 846 utetur
841 795 947 848 contra
964 790 1056 849 bonos
1067 787 1181 847 moresin

197 896 234 940 ee
247 876 417 954 recipiendo
431 893 479 936 ex.
490 893 534 952 gr.
549 876 722 936 meretrices
733 881 784 936 aut
807 877 898 950 tures,
911 885 1009 952 potest
1020 878 1121 937 locator
1131 891 1181 935 curn

196 968 235 1027 de
254 966 345 1026 domo
366 965 535 1040 expellere,
556 970 588 1024 5⁰
605 965 630 1024 si
648 965 812 1026 conductor
833 982 888 1040 per
905 967 1055 1026 biennium
1071 972 1181 1026 statuum

196 1053 366 1117 mercedem
384 1070 446 1113 non
465 1052 595 1126 solverit,
622 1054 669 1113 rel
690 1052 780 1114 celeri
798 1055 997 1116 satisfactione
1019 1071 1122 1114 mamm
1138 1068 1182 1111 non
1208 1061 1209 1124 j

196 1141 377 1220 purgaverit,
388 1148 486 1218 potest
499 1157 568 1221 eurp
580 1143 696 1201 locator
709 1159 766 1202 usu
784 1142 828 1203 rei
842 1144 947 1203 locatee
965 1143 1097 1220 privare(
1114 1148 1131 1216 l.
1208 1127 1209 1212 l

227 1303 263 1368 (l)
277 1301 341 1368 Cap.
362 1301 377 1353 3
390 1301 424 1354 de
438 1302 514 1354 locet.
530 1328 562 1342 -
573 1301 608 1367 (i)
630 1301 707 1354 Circa
727 1301 981 1357 determinationem
1001 1303 1094 1363 damni.
1106 1304 1181 1354 utne·
1208 1295 1209 1334 ἒ

196 1389 279 1442 gnum
295 1374 348 1426 diei
362 1376 451 1440 queat,
466 1373 628 1424 dissentiunt
647 1373 794 1432 Doctores:
815 1375 862 1425 nlii
882 1375 984 1436 dicunt,
1004 1379 1065 1428 tunc
1077 1389 1128 1426 essa
1144 1387 1182 1422 ne·
1208 1415 1209 1421 ,

196 1459 289 1510 gnum,
309 1459 370 1496 cum
386 1445 505 1502 colonus.
522 1444 640 1495 detrecto
661 1446 771 1506 semine,
787 1449 814 1496 et
842 1446 984 1510 impensis,
1004 1459 1057 1498 non
1076 1445 1144 1496 hahet
1160 1455 1183 1494 er
1208 1475 1209 1510 3

196 1517 330 1570 fructibus
346 1516 480 1583 perceptis
494 1515 632 1566 dimidiam
641 1522 746 1580 perlem
761 1516 862 1568 salvam
879 1517 913 1568 nd
927 1517 1046 1569 debitam
1063 1515 1184 1568 mercedem

197 1588 401 1654 persolvendam
416 1606 422 1646 ;
437 1587 492 1644 elii,
507 1600 568 1637 eum
588 1599 642 1637 non
662 1586 742 1638 trehet
763 1587 852 1638 salves
869 1587 935 1640 dues
961 1589 1155 1654 tertiaspartes;
1166 1587 1185 1633 et
1208 1585 1209 1598 ¹

197 1658 253 1723 alii,
268 1672 328 1709 oum
342 1671 396 1708 uon
410 1657 529 1723 percepit
550 1657 719 1708 medietatem
740 1657 888 1722 fructuum,
912 1673 981 1724 quos
1003 1657 1126 1710 ordinerie
1140 1657 1181 1706 lun·
1208 1653 1209 1656 ’

197 1730 248 1782 dns
262 1729 394 1794 producit.
408 1728 550 1792 Sapienter
563 1731 652 1780 tomen
667 1727 713 1780 ille
726 1732 797 1792 eget,
813 1730 859 1794 qui
877 1729 948 1782 hene
968 1729 1185 1784 determinationem

196 1799 312 1864 ajudice
326 1803 408 1864 petet,
419 1799 465 1864 qui
475 1799 623 1850 secundum
633 1799 751 1850 locorum
766 1801 983 1864 consuetudines,
998 1806 1025 1854 et
1042 1802 1184 1854 circumstan-

196 1870 248 1922 tins
262 1883 319 1920 rem
340 1868 447 1931 melius,
466 1874 493 1919 et
513 1869 597 1919 tutius
617 1869 714 1932 poterit
730 1867 852 1932 delinire,
875 1871 976 1922 nedum
998 1872 1084 1938 quoad
1103 1881 1186 1922 causan
1208 1921 1209 1924 ,

196 1941 297 1999 demnl,
312 1939 454 1992 sedetiam
476 1939 564 2004 quoad
588 1939 765 2004 quantitatem
779 1942 946 1994 remissionis
964 1943 1094 1996 mercedis
1108 1944 1132 1992 in
1142 1943 1186 1995 toto.
1208 1953 1209 1958 ¹

195 2011 238 2064 uel
252 2012 280 2062 in
290 2015 375 2077 parte·
388 2011 530 2071 Ceterum,
545 2010 688 2062 sicolonus
703 2010 770 2062 nillil
793 2013 972 2078 percepisset,
993 2015 1063 2066 nihil
1078 2015 1185 2066 teneretur
1208 2009 1209 2048 1

196 2083 309 2140 solvere.
324 2083 355 2134 ut
367 2081 582 2133 declarattlloss.
599 2079 634 2132 ed
646 2083 690 2132 cit.
706 2095 764 2146 cap.
781 2083 804 2145 3,
827 2085 908 2136 verbo
925 2082 1004 2138 Vilio.
1018 2113 1049 2124 -
1067 2085 1099 2150 (3)
1112 2083 1186 2135 dosunt
1208 2100 1209 2136 ς

195 2153 364 2206 necessitatis
382 2153 508 2203 Doctores
522 2151 624 2214 dicunt,
641 2151 664 2203 si
678 2151 780 2204 locator
798 2153 907 2206 domum
921 2169 980 2208 suae
994 2152 1187 2208 hebitotlonisin·

195 2225 299 2287 cendio,
313 2224 355 2276 vel
370 2224 448 2274 ruine
458 2222 587 2280 emiserit,
598 2223 622 2274 si
633 2237 745 2275 uxorem
754 2224 870 2286 drrxerit,
881 2227 904 2276 si
912 2227 1155 2292 majoriramiliepro
1166 2235 1187 2272 ee
1208 2223 1209 2228 ’

196 2297 307 2361 suisque
320 2294 446 2359 indigeat,
459 2293 483 2344 si
493 2293 684 2344 habitationem
698 2294 762 2354 tilio,
776 2294 857 2359 petri,
872 2301 918 2346 eut
927 2298 1010 2348 matri
1025 2292 1187 2361 deheetprori·
1208 2309 1209 2315 ¹

195 2367 260 2420 dere
270 2384 278 2427 ;
287 2367 386 2433 quibus
400 2363 534 2416 consentit
547 2363 643 2414 Glossa
655 2363 704 2415 loc.
723 2365 767 2416 eit.
779 2366 851 2431 -(l)
862 2366 915 2418 Sed
924 2367 1006 2418 hodie
1018 2365 1186 2419 observandum

195 2442 246 2497 est,
260 2442 290 2489 ut
304 2436 440 2502 sapienter
453 2434 639 2487 animaduertit
655 2435 793 2496 Ginaldns,
818 2437 901 2488 etiem
920 2439 949 2490 in
969 2438 1143 2490 triounnlilrus
1153 2447 1186 2485 ee·
1208 2437 1209 2442 ’

196 2509 363 2570 elesiestieis,
377 2506 466 2574 quoad
474 2519 577 2559 moram
585 2506 698 2571 biennii,
708 2510 822 2573 ejusque
836 2510 1036 2575 purgationem,
1046 2525 1098 2562 rem
1107 2503 1188 2561 delniri

195 2582 229 2633 sd
244 2593 365 2632 normsm
378 2579 449 2644 juris
462 2577 557 2639 ciuilis,
571 2577 644 2643 quod
656 2578 784 2642 disponit,
796 2580 986 2644 conductorem
1006 2595 1060 2634 non
1069 2580 1189 2632 solventem

195 2652 345 2704 mercedem
358 2651 448 2702 stetim
457 2661 536 2714 posse
545 2661 579 2700 ex
591 2661 621 2700 re
631 2648 837 2716 loceteexpelli,
851 2655 879 2704 et
895 2653 998 2704 nullam
1017 2665 1098 2705 more
1109 2660 1188 2717 purga·
1208 2695 1209 2698 ,

195 2723 296 2776 tionem
307 2723 335 2773 in
349 2722 399 2773 hoc
412 2723 550 2772 contrecto
563 2733 623 2771 esse
637 2721 843 2772 concedendum.
856 2723 907 2778 Cit.
920 2735 977 2790 cop.
994 2725 1019 2786 3,
1034 2725 1067 2776 de
1076 2718 1189 2774 locatllie
1208 2735 1209 2750 ι

194 2798 327 2855 notemus,
343 2792 500 2844 locationem
514 2804 530 2841 e
542 2790 706 2842 beneficiato
717 2792 864 2846 laetamen
878 2795 938 2860 eius
952 2797 1058 2846 tantum
1069 2797 1141 2845 vitem
1152 2789 1188 2839 du·
1208 2835 1209 2840 ,

195 2878 265 2924 rare,
279 2863 322 2914 vel
337 2863 370 2914 ad
384 2875 517 2913 summum
530 2861 563 2912 ad
578 2873 678 2912 sunum
696 2868 756 2926 post
777 2865 836 2928 ejus
851 2871 972 2916 mortem.
990 2865 1068 2917 Gard.
1089 2865 1125 2916 De
1135 2862 1189 2912 Luce
1208 2869 1209 2930 l

193 2933 261 2986 disc.
274 2935 314 2996 25,
328 2933 361 2984 de
371 2933 459 2994 locat,
474 2933 536 2984 licet
550 2932 628 2984 aliter
646 2933 766 2984 obtinent
784 2935 811 2984 in
826 2935 1005 2988 locationibus
1023 2937 1057 2988 ab
1075 2931 1187 2988 Ecclesiis,
1208 2937 1209 2982 l

194 3005 300 3072 piisque
314 3003 379 3054 locis
391 3003 477 3067 lectis,
491 3017 553 3070 quae
562 3004 664 3055 ¹durent
675 3005 709 3056 ad
723 3008 830 3072 ternpus
850 3010 988 3058 statutum.
1013 3007 1085 3060 Illud
1103 3013 1186 3070 quoqm

193 3075 345 3140 adjicimus,
358 3075 429 3140 quod
446 3075 592 3128 locationes
605 3076 737 3128 honorum
760 3077 1003 3130 ecclesiasticorum
1016 3093 1067 3144 per
1081 3076 1188 3138 anticipa·

194 3149 236 3198 tas
247 3146 393 3198 solutiones
411 3147 495 3198 lectas
509 3147 537 3198 in
552 3147 740 3212 prejudicium
763 3161 952 3202 successorum
964 3163 1019 3203 non
1034 3150 1185 3204 sustinentur.

194 3217 267 3269 Trid.
284 3229 351 3270 sess.
367 3216 407 3279 25,
423 3231 445 3268 c.
462 3216 500 3283 ll,
511 3218 545 3270 de
559 3219 608 3272 rel.

228 3415 290 3472 632.
311 3408 423 3470 Tertius
445 3415 616 3472 contractus
638 3412 841 3474 consensualis
854 3418 901 3474 est
913 3412 1122 3492 emphyteusis,
1138 3423 1188 3487 qus

193 3498 341 3572 definitur,
352 3505 517 3558 contractus
529 3499 729 3560 consecretalis
742 3501 777 3562 de
789 3502 919 3563 dominio
931 3504 1001 3564 utili
1011 3510 1054 3578 (t)
1062 3499 1189 3579 pradilia

191 3594 374 3662 perpetuum,
388 3585 434 3648 cel
446 3586 486 3648 od
499 3593 612 3662 tempus
624 3604 686 3650 reon
698 3589 847 3652 nmduum
859 3589 948 3654 alteri
964 3590 1132 3656 monendo
1146 3597 1188 3664 titt
