2432 4078
555 240 715 296 ..330-

117 365 150 428 (3)
165 363 230 428 Gap.
245 361 298 416 let
312 363 336 426 3,
348 361 382 414 de
395 361 443 414 ini.
456 362 542 416 restit.
553 389 580 400 -
597 362 629 427 (t)
644 362 741 416 Plures
755 360 802 414 alii
816 365 879 414 suut
892 375 981 426 costis,
996 361 1026 414 in
1038 361 1130 428 quibus

116 434 267 501 hypotheca
280 433 361 485 tacite
375 447 408 484 ex
417 433 480 498 June
494 433 567 484 civili
581 433 788 491 constituuntur,
800 432 833 484 de
846 433 945 499 qulbus
956 431 1064 485 videndi
1075 436 1133 485 sunt

116 508 253 560 Doctores.
266 505 457 558 Necessarium
467 509 557 556 umen
569 510 610 557 est
622 509 726 567 nemra,
742 503 901 556 modernum
915 505 1006 570 legum
1018 505 1133 556 civilium

116 581 234 642 systema
253 575 476 642 hypothecariam
490 577 607 628 multum
622 575 657 628 ob
673 575 700 626 in
710 575 819 641 antiquo
829 574 946 628 differre.
956 575 1039 628 Juxta
1055 589 1133 628 novas

116 647 189 701 enirn
205 647 278 712 leges
287 647 386 712 pignus
396 647 518 698 consistit
528 651 632 698 tantum
643 647 670 696 in
681 659 710 698 re
723 647 827 704 mobili,
837 649 864 697 et
876 647 897 698 si
909 660 939 698 re
949 645 1081 699 immobili
1091 647 1134 696 inr-

116 722 240 788 ponatur,
251 718 352 770 dicitur
360 718 521 770 antichresis
529 736 537 780 ;
546 717 697 783 hypotheca
705 731 768 769 vero
779 717 894 768 civiliter
911 729 964 768 non
975 719 1067 782 potest
1076 731 1132 769 con·

117 789 201 860 stitui,
211 790 265 842 nisi
279 803 327 856 per
339 794 429 841 actum
440 790 541 855 publici
551 789 649 841 notarii
659 803 742 854 super
752 788 936 840 immobilibus
946 789 1134 853 praesentibus,

116 866 144 914 et
156 860 318 914 sufficienter
333 861 529 917 determinatis.
547 865 573 912 at
585 861 729 911 constituta
742 874 797 912 non
810 863 899 923 potest
912 859 1068 912 conservari
1085 859 1135 912 nisi

114 943 166 997 por
180 931 391 997 inscriptionem,
405 937 433 984 et
445 931 645 984 renovationem
657 931 691 982 ad
705 937 765 982 acta
774 931 884 996 publico
892 932 971 996 juxta
981 931 1135 982 earumdem

115 1002 335 1068 legmtormcm.
343 1003 433 1064 Quare
442 1001 569 1053 omnibus
577 1002 709 1052 bonorum
717 1001 960 1054 ecclesiasticorum
970 999 1135 1053 administra·

114 1073 417 1137 toribusgravissimum
428 1072 560 1124 incumbit
572 1086 641 1124 onus
650 1071 813 1124 observandi
822 1071 956 1124 dictarum
967 1071 1059 1135 legum
1067 1085 1134 1137 pre·

115 1143 403 1210 scriptiones,ntbona
412 1141 596 1196 ecclesiastica
608 1142 711 1194 servari
723 1145 839 1208 queant:
851 1142 929 1194 aliter
938 1141 1098 1206 hypothecae
1111 1143 1136 1193 in

115 1215 212 1266 faciem
231 1213 299 1278 legis
315 1213 401 1266 civilis
413 1213 512 1265 robore
527 1227 575 1264 suo
594 1212 787 1272 destituuntur,
800 1215 828 1264 et
841 1214 913 1265 bone
925 1213 960 1264 ab
972 1211 1035 1264 aliis
1052 1213 1136 1264 credi-

115 1286 221 1338 toribus
234 1287 343 1352 impune
358 1285 531 1337 invaduntur.
542 1311 570 1322 -
587 1283 622 1348 (5)
637 1283 701 1350 Cep.
718 1283 740 1342 l,
753 1283 787 1335 de
810 1284 913 1349 pigrior.
935 1287 961 1335 et
975 1297 1035 1335 can.
1059 1285 1099 1349 13,
1111 1283 1137 1336 lt

114 1361 144 1410 et
156 1357 194 1422 tt,
212 1370 236 1410 o.
253 1358 291 1420 lt,
301 1371 327 1424 q,
341 1355 365 1408 t.
376 1381 408 1394 -
417 1355 453 1422 (6)
469 1355 534 1422 Gap.
547 1351 572 1414 8,
582 1354 622 1405 tle
629 1354 739 1420 pigner.
756 1381 785 1394 -
798 1353 832 1419 (7)
848 1354 911 1420 Cap.
925 1355 949 1413 l,
960 1353 1022 1407 eod.

150 1579 213 1636 cst.
234 1575 448 1636 contrahentes
461 1571 491 1633 in
515 1573 640 1654 pignone
654 1571 710 1633 sibi
731 1579 836 1634 mutuo
853 1578 1000 1652 prestent
1019 1574 1139 1651 culpam

115 1666 222 1737 levem,
244 1664 314 1740 quia
336 1667 507 1724 contractus
533 1669 579 1722 est
600 1663 630 1722 in
653 1662 809 1740 utriusque
831 1663 1044 1736 commodum
1062 1680 1137 1726 unus

115 1754 196 1814 enim
216 1754 305 1814 habet
324 1751 502 1812 beneficium
519 1751 653 1828 pecuniae
676 1758 706 1812 et
724 1753 798 1812 alter
812 1750 915 1812 crediti
937 1752 1136 1814 securitatem.

116 1841 170 1916 Qui
192 1839 311 1918 pignus,
338 1847 389 1900 aut
412 1840 615 1916 hypothecam
639 1839 757 1915 accipit,
779 1838 971 1916 consequitur
982 1839 1033 1916 jus
1051 1839 1083 1900 in
1097 1859 1138 1912 re,

115 1947 206 2007 quam
232 1935 332 2006 potest
350 1929 490 2006 persequi
513 1935 618 1989 contra
635 1946 855 2006 quemcumque
868 1945 1086 2004 possessorem,
1102 1929 1141 1990 si·

115 2019 206 2096 bique
218 2019 328 2079 babere
343 2035 437 2094 usque
457 2017 496 2078 ad
514 2017 659 2094 integram
678 2017 782 2078 crediti
796 2017 988 2091 solutionem3
1004 2017 1096 2078 immo
1110 2017 1141 2078 in

115 2125 265 2170 concursu
286 2105 469 2168 creditorum
492 2107 602 2184 gaudet
619 2107 687 2182 Jure
703 2106 883 2183 praelationis
902 2124 965 2184 prae
985 2108 1141 2184 chirogra-

115 2195 227 2274 phariis
255 2194 461 2267 creditoribus,
484 2201 514 2256 et
531 2195 608 2255 inter
631 2195 794 2256 creditores
819 2195 1052 2272 hypothecariae
1072 2197 1142 2274 jure

115 2285 286 2363 prioritatis,
302 2290 333 2345 et
345 2283 500 2361 privilegii.
515 2284 569 2356 Qui
578 2302 651 2345 vero
661 2285 779 2362 pignus,
796 2291 826 2362 et
836 2285 1039 2362 hypothecam
1048 2285 1141 2360 dedit,

115 2375 213 2436 soluto
226 2374 337 2450 debito,
352 2391 418 2434 rem
431 2391 516 2434 suam
530 2373 654 2434 liberam
663 2375 770 2452 repetit
781 2391 850 2436 cum
864 2375 1021 2450 fructibus
1037 2392 1143 2435 acces-

115 2463 258 2538 sionibus,
268 2461 443 2536 commodis
459 2469 489 2522 et
503 2479 572 2522 cum
586 2462 829 2539 compensatione
841 2462 942 2525 damni
955 2463 1036 2540 dolo,
1052 2464 1144 2540 culpa

113 2553 173 2616 lete
187 2559 217 2613 et
229 2550 479 2612 leviacreditore
494 2549 538 2610 rei
552 2566 613 2610 suec
627 2550 710 2612 illati.
921 2601 924 2606 .

150 2645 213 2705 655.
228 2645 339 2701 Praeter
355 2639 525 2700 cautionem
544 2637 688 2715 pignoris,
704 2644 735 2700 et
752 2639 941 2722 hypothecae,
961 2656 1028 2716 qnae
1041 2639 1142 2700 credi-

115 2731 174 2791 tori
194 2749 212 2790 a
235 2729 370 2791 debitore
396 2729 427 2788 in
455 2728 559 2790 crediti
583 2729 772 2790 securitatem
799 2729 896 2803 datur,
930 2730 1016 2792 adest
1039 2728 1145 2791 cautio

114 2818 250 2896 simplae,
266 2819 420 2894 juratoria
440 2825 470 2879 et
483 2817 678 2894 fidejussorio,
694 2818 795 2878 Cautio
810 2819 937 2895 simplex
950 2835 1057 2895 perum
1072 2818 1146 2896 qui-

115 2909 185 2970 dem
196 2908 328 2984 prodest,
338 2913 441 2985 utpote
458 2925 524 2986 quae
537 2907 568 2967 in
579 2907 659 2968 nuda
670 2907 1026 2982 promissione=consistit3
1038 2908 1145 2970 cautio

115 3001 215 3058 autem
224 2995 378 3071 juratoria,
403 3013 469 3072 quae
483 2995 573 3058 hebet
590 2995 764 3073 adjunctum
780 2995 993 3082 juramentum,
1015 2997 1046 3056 in
1066 2991 1145 3074 per-

115 3103 190 3146 scua
204 3085 337 3162 probatae
352 3083 421 3144 fidei
434 3092 464 3145 et
476 3085 627 3162 religionis
640 3085 735 3161 magis
744 3085 878 3161 prodest,
889 3085 943 3148 sed
954 3085 1062 3148 idonea
1075 3101 1145 3146 uon

114 3168 251 3247 habetur,
269 3172 326 3259 nisi
344 3172 400 3234 alia
417 3175 515 3235 cautio
532 3180 655 3252 propter
668 3165 884 3252 paupertatem,
903 3176 952 3235 vel
965 3176 1052 3236 aliam
1064 3191 1144 3236 ceu-

115 3281 179 3324 sam
193 3263 231 3323 sit
242 3259 446 3338 impossibilis;
461 3262 560 3323 cautio
582 3264 702 3324 demum
716 3263 911 3339 fidejussoria,
927 3264 997 3324 licet
1011 3261 1140 3342 pignori,

115 3358 145 3412 et
155 3351 331 3428 hypothecae
345 3367 407 3410 non
420 3352 603 3426 aequivaleat,
626 3351 695 3428 quia
705 3353 791 3429 juxta
805 3369 965 3413 commune
975 3353 1052 3429 juris
1065 3351 1142 3412 ada-

112 3437 280 3514 giumplcs
288 3438 431 3498 coctionis
440 3446 481 3498 cst
490 3439 522 3498 to
531 3456 574 3514 rc,
585 3457 675 3516 quom
684 3441 717 3500 ia
724 3447 974 3516 persoco5tameu
983 3441 1142 3502 utilissima

115 3524 255 3585 creditori
270 3532 324 3598 est,
347 3525 416 3601 quia
440 3542 580 3600 peream
599 3528 665 3603 quis
686 3527 813 3589 alienam
835 3529 1046 3606 obligationem
1058 3530 1087 3588 in
1098 3543 1144 3588 se

115 3611 248 3687 suscipit,
262 3613 335 3674 dum
343 3613 459 3674 debitor
473 3612 643 3690 principalis
653 3617 751 3678 adhue
763 3625 864 3682 manet
875 3619 1142 3694 obligatus.ouere
