<?xml version="1.0" encoding="UTF-8"?>
<!DOCTYPE html PUBLIC "-//W3C//DTD XHTML 1.0 Transitional//EN"
    "http://www.w3.org/TR/xhtml1/DTD/xhtml1-transitional.dtd">
<html xmlns="http://www.w3.org/1999/xhtml" xml:lang="en" lang="en">
 <head>
  <title>
</title>
<meta http-equiv="Content-Type" content="text/html;charset=utf-8" />
  <meta name='ocr-system' content='tesseract 3.04.00' />
  <meta name='ocr-capabilities' content='ocr_page ocr_carea ocr_par ocr_line ocrx_word'/>
</head>
<body>
  <div class='ocr_page' id='page_1' title='image "./summainstitutio01ferrgoog_0180.png"; bbox 0 0 2426 4070; ppageno 0'>
   <div class='ocr_carea' id='block_1_1' title="bbox 458 145 619 203">
    <p class='ocr_par' dir='ltr' id='par_1_1' title="bbox 458 145 619 203">
     <span class='ocr_line' id='line_1_1' title="bbox 458 145 619 203; baseline -0.012 0"><span class='ocrx_word' id='word_1_1' title='bbox 458 145 619 203; x_wconf 78' lang='lat' dir='ltr'><strong>-lcu-</strong></span> 
     </span>
    </p>
   </div>
   <div class='ocr_carea' id='block_1_2' title="bbox 36 262 1041 690">
    <p class='ocr_par' dir='ltr' id='par_1_2' title="bbox 36 262 1041 690">
     <span class='ocr_line' id='line_1_2' title="bbox 58 262 1038 335; baseline 0.005 -22"><span class='ocrx_word' id='word_1_2' title='bbox 58 263 84 326; x_wconf 87' lang='lat' dir='ltr'><strong>(i)</strong></span> <span class='ocrx_word' id='word_1_3' title='bbox 96 263 155 335; x_wconf 84' lang='lat' dir='ltr'><strong>Gap.</strong></span> <span class='ocrx_word' id='word_1_4' title='bbox 171 263 179 314; x_wconf 95' lang='lat' dir='ltr'><strong>l</strong></span> <span class='ocrx_word' id='word_1_5' title='bbox 195 263 230 316; x_wconf 90' lang='lat' dir='ltr'><strong>de</strong></span> <span class='ocrx_word' id='word_1_6' title='bbox 242 267 340 330; x_wconf 88' lang='lat' dir='ltr'><strong>sapuit.</strong></span> <span class='ocrx_word' id='word_1_7' title='bbox 356 269 385 320; x_wconf 90' lang='lat' dir='ltr'><strong>in</strong></span> <span class='ocrx_word' id='word_1_8' title='bbox 406 270 422 320; x_wconf 83' lang='lat'><strong>6</strong></span> <span class='ocrx_word' id='word_1_9' title='bbox 436 271 464 322; x_wconf 88' lang='lat' dir='ltr'><strong>et</strong></span> <span class='ocrx_word' id='word_1_10' title='bbox 479 271 563 322; x_wconf 84' lang='lat' dir='ltr'><strong>Clam.</strong></span> <span class='ocrx_word' id='word_1_11' title='bbox 581 266 721 334; x_wconf 73' lang='lat' dir='ltr'><em>Cupientes</em></span> <span class='ocrx_word' id='word_1_12' title='bbox 733 267 767 319; x_wconf 87' lang='lat' dir='ltr'><strong>de</strong></span> <span class='ocrx_word' id='word_1_13' title='bbox 779 279 853 334; x_wconf 84' lang='lat' dir='ltr'><strong>poen.</strong></span> <span class='ocrx_word' id='word_1_14' title='bbox 866 293 896 304; x_wconf 91' lang='lat'><em>-</em></span> <span class='ocrx_word' id='word_1_15' title='bbox 910 265 947 330; x_wconf 76' lang='lat' dir='ltr'><strong>(i)</strong></span> <span class='ocrx_word' id='word_1_16' title='bbox 960 262 1038 318; x_wconf 84' lang='lat' dir='ltr'><strong>iterio</strong></span> 
     </span>
     <span class='ocr_line' id='line_1_3' title="bbox 38 333 1038 404; baseline 0.007 -23"><span class='ocrx_word' id='word_1_17' title='bbox 38 333 81 384; x_wconf 88' lang='lat' dir='ltr'><strong>laici</strong></span> <span class='ocrx_word' id='word_1_18' title='bbox 92 347 142 386; x_wconf 90' lang='lat' dir='ltr'><strong>non</strong></span> <span class='ocrx_word' id='word_1_19' title='bbox 152 335 255 400; x_wconf 76' lang='lat' dir='ltr'><strong>eligant</strong></span> <span class='ocrx_word' id='word_1_20' title='bbox 268 338 437 404; x_wconf 89' lang='lat' dir='ltr'><strong>sepulturam</strong></span> <span class='ocrx_word' id='word_1_21' title='bbox 453 340 482 390; x_wconf 90' lang='lat' dir='ltr'><strong>ln</strong></span> <span class='ocrx_word' id='word_1_22' title='bbox 498 339 630 392; x_wconf 86' lang='lat' dir='ltr'><strong>Eccleeiis</strong></span> <span class='ocrx_word' id='word_1_23' title='bbox 651 339 819 400; x_wconf 86' lang='lat' dir='ltr'><strong>Monialium,</strong></span> <span class='ocrx_word' id='word_1_24' title='bbox 834 337 906 403; x_wconf 78' lang='lat' dir='ltr'><strong>quoti</strong></span> <span class='ocrx_word' id='word_1_25' title='bbox 920 341 961 388; x_wconf 85' lang='lat' dir='ltr'><strong>est</strong></span> <span class='ocrx_word' id='word_1_26' title='bbox 974 349 1038 401; x_wconf 92' lang='lat' dir='ltr'><strong>pro·</strong></span> 
     </span>
     <span class='ocr_line' id='line_1_4' title="bbox 38 403 1041 478; baseline 0.003 -24"><span class='ocrx_word' id='word_1_27' title='bbox 38 403 126 456; x_wconf 85' lang='lat' dir='ltr'><strong>bibitura</strong></span> <span class='ocrx_word' id='word_1_28' title='bbox 147 407 251 472; x_wconf 84' lang='lat' dir='ltr'><strong>absque</strong></span> <span class='ocrx_word' id='word_1_29' title='bbox 268 409 296 461; x_wconf 84' lang='lat' dir='ltr'><strong>S.</strong></span> <span class='ocrx_word' id='word_1_30' title='bbox 315 410 537 476; x_wconf 79' lang='lat' dir='ltr'><strong>congregationis</strong></span> <span class='ocrx_word' id='word_1_31' title='bbox 555 410 733 478; x_wconf 74' lang='lat' dir='ltr'><strong>permissione</strong></span> <span class='ocrx_word' id='word_1_32' title='bbox 752 413 779 460; x_wconf 87' lang='lat' dir='ltr'><strong>et</strong></span> <span class='ocrx_word' id='word_1_33' title='bbox 802 409 959 460; x_wconf 85' lang='lat' dir='ltr'><strong>Maniaiium</strong></span> <span class='ocrx_word' id='word_1_34' title='bbox 978 420 1041 458; x_wconf 91' lang='lat' dir='ltr'><strong>con·</strong></span> 
     </span>
     <span class='ocr_line' id='line_1_5' title="bbox 38 477 1039 546; baseline 0.004 -22"><span class='ocrx_word' id='word_1_35' title='bbox 38 487 104 538; x_wconf 77' lang='lat' dir='ltr'><strong>orsu,</strong></span> <span class='ocrx_word' id='word_1_36' title='bbox 114 477 163 528; x_wconf 86' lang='lat' dir='ltr'><strong>illis</strong></span> <span class='ocrx_word' id='word_1_37' title='bbox 174 480 305 544; x_wconf 85' lang='lat' dir='ltr'><strong>exceptis,</strong></span> <span class='ocrx_word' id='word_1_38' title='bbox 320 483 367 546; x_wconf 87' lang='lat' dir='ltr'><strong>qni</strong></span> <span class='ocrx_word' id='word_1_39' title='bbox 381 483 408 532; x_wconf 91' lang='lat' dir='ltr'><strong>in</strong></span> <span class='ocrx_word' id='word_1_40' title='bbox 424 482 504 534; x_wconf 84' lang='lat' dir='ltr'><strong>dictis</strong></span> <span class='ocrx_word' id='word_1_41' title='bbox 514 482 643 534; x_wconf 79' lang='lat' dir='ltr'><strong>Ecclesiis</strong></span> <span class='ocrx_word' id='word_1_42' title='bbox 653 481 687 532; x_wconf 88' lang='lat' dir='ltr'><strong>ab</strong></span> <span class='ocrx_word' id='word_1_43' title='bbox 701 478 909 532; x_wconf 77' lang='lat' dir='ltr'><strong>immemorabili</strong></span> <span class='ocrx_word' id='word_1_44' title='bbox 919 481 1039 544; x_wconf 87' lang='lat' dir='ltr'><strong>ternpore</strong></span> 
     </span>
     <span class='ocr_line' id='line_1_6' title="bbox 36 548 1038 618; baseline 0.003 -21"><span class='ocrx_word' id='word_1_45' title='bbox 36 548 281 610; x_wconf 86' lang='lat' dir='ltr'><strong>sepulerumbabaut.</strong></span> <span class='ocrx_word' id='word_1_46' title='bbox 296 551 380 602; x_wconf 79' lang='lat' dir='ltr'><strong>caro.</strong></span> <span class='ocrx_word' id='word_1_47' title='bbox 397 553 489 618; x_wconf 81' lang='lat' dir='ltr'><strong>Soglia</strong></span> <span class='ocrx_word' id='word_1_48' title='bbox 502 553 568 604; x_wconf 86' lang='lat' dir='ltr'><strong>inst.</strong></span> <span class='ocrx_word' id='word_1_49' title='bbox 582 555 636 616; x_wconf 89' lang='lat' dir='ltr'><strong>jur.</strong></span> <span class='ocrx_word' id='word_1_50' title='bbox 651 551 720 616; x_wconf 84' lang='lat' dir='ltr'><strong>priv.</strong></span> <span class='ocrx_word' id='word_1_51' title='bbox 734 553 746 615; x_wconf 67' lang='lat' dir='ltr'>fi</span> <span class='ocrx_word' id='word_1_52' title='bbox 765 551 819 603; x_wconf 69' lang='grc'><strong>126.</strong></span> <span class='ocrx_word' id='word_1_53' title='bbox 840 577 868 588; x_wconf 90' lang='grc'>-</span> <span class='ocrx_word' id='word_1_54' title='bbox 890 550 926 614; x_wconf 89' lang='grc'><strong>(3)</strong></span> <span class='ocrx_word' id='word_1_55' title='bbox 940 549 1006 615; x_wconf 83' lang='lat' dir='ltr'><strong>Gap.</strong></span> <span class='ocrx_word' id='word_1_56' title='bbox 1022 548 1038 600; x_wconf 71' lang='lat' dir='ltr'><strong>“l</strong></span> 
     </span>
     <span class='ocr_line' id='line_1_7' title="bbox 37 617 1037 690; baseline 0.005 -24"><span class='ocrx_word' id='word_1_57' title='bbox 37 617 60 666; x_wconf 87' lang='lat' dir='ltr'><strong>ie</strong></span> <span class='ocrx_word' id='word_1_58' title='bbox 70 620 150 682; x_wconf 84' lang='lat' dir='ltr'><strong>sepult.</strong></span> <span class='ocrx_word' id='word_1_59' title='bbox 162 625 189 671; x_wconf 86' lang='lat' dir='ltr'><strong>et</strong></span> <span class='ocrx_word' id='word_1_60' title='bbox 200 635 261 686; x_wconf 84' lang='lat' dir='ltr'><strong>cap.</strong></span> <span class='ocrx_word' id='word_1_61' title='bbox 275 623 298 686; x_wconf 89' lang='lat' dir='ltr'><strong>i,</strong></span> <span class='ocrx_word' id='word_1_62' title='bbox 309 623 368 675; x_wconf 87' lang='lat' dir='ltr'><strong>aod.</strong></span> <span class='ocrx_word' id='word_1_63' title='bbox 383 624 411 674; x_wconf 89' lang='lat' dir='ltr'><strong>in</strong></span> <span class='ocrx_word' id='word_1_64' title='bbox 421 625 446 674; x_wconf 84' lang='grc'><strong>6,</strong></span> <span class='ocrx_word' id='word_1_65' title='bbox 459 651 490 662; x_wconf 84' lang='grc'><strong>-</strong></span> <span class='ocrx_word' id='word_1_66' title='bbox 498 625 533 690; x_wconf 84' lang='lat' dir='ltr'><strong>(i)</strong></span> <span class='ocrx_word' id='word_1_67' title='bbox 543 625 610 689; x_wconf 82' lang='lat' dir='ltr'><strong>(lep.</strong></span> <span class='ocrx_word' id='word_1_68' title='bbox 622 625 636 674; x_wconf 88' lang='lat'><strong>5</strong></span> <span class='ocrx_word' id='word_1_69' title='bbox 649 624 707 675; x_wconf 84' lang='lat' dir='ltr'><strong>eorl.</strong></span> <span class='ocrx_word' id='word_1_70' title='bbox 718 623 773 674; x_wconf 89' lang='lat' dir='ltr'><strong>Pro</strong></span> <span class='ocrx_word' id='word_1_71' title='bbox 786 621 928 688; x_wconf 90' lang='lat' dir='ltr'><strong>impubere</strong></span> <span class='ocrx_word' id='word_1_72' title='bbox 938 624 1037 682; x_wconf 87' lang='lat' dir='ltr'><strong>tamen,</strong></span> 
     </span>
    </p>
   </div>
   <div class='ocr_carea' id='block_1_3' title="bbox 36 685 1037 828">
    <p class='ocr_par' dir='ltr' id='par_1_3' title="bbox 36 685 1037 828">
     <span class='ocr_line' id='line_1_8' title="bbox 36 685 1037 760; baseline 0.004 -25"><span class='ocrx_word' id='word_1_73' title='bbox 36 685 79 750; x_wconf 86' lang='lat' dir='ltr'><strong>ipso</strong></span> <span class='ocrx_word' id='word_1_74' title='bbox 95 690 199 754; x_wconf 76' lang='lat' dir='ltr'><strong>urente,</strong></span> <span class='ocrx_word' id='word_1_75' title='bbox 222 695 315 756; x_wconf 82' lang='lat' dir='ltr'><strong>potest</strong></span> <span class='ocrx_word' id='word_1_76' title='bbox 336 695 503 759; x_wconf 73' lang='lat' dir='ltr'><strong>sepulturam</strong></span> <span class='ocrx_word' id='word_1_77' title='bbox 528 695 628 760; x_wconf 75' lang='lat' dir='ltr'><strong>eligere</strong></span> <span class='ocrx_word' id='word_1_78' title='bbox 651 697 747 759; x_wconf 88' lang='lat' dir='ltr'><strong>pater,</strong></span> <span class='ocrx_word' id='word_1_79' title='bbox 770 693 814 746; x_wconf 87' lang='lat' dir='ltr'><strong>vei</strong></span> <span class='ocrx_word' id='word_1_80' title='bbox 835 698 930 744; x_wconf 88' lang='lat' dir='ltr'><strong>mater.</strong></span> <span class='ocrx_word' id='word_1_81' title='bbox 956 691 1037 742; x_wconf 80' lang='lat' dir='ltr'><strong>card.</strong></span> 
     </span>
     <span class='ocr_line' id='line_1_9' title="bbox 36 758 987 828; baseline 0.002 -20"><span class='ocrx_word' id='word_1_82' title='bbox 36 758 155 823; x_wconf 79' lang='lat' dir='ltr'><strong>Sogllaioc.</strong></span> <span class='ocrx_word' id='word_1_83' title='bbox 169 763 213 814; x_wconf 86' lang='lat' dir='ltr'><strong>cit.</strong></span> <span class='ocrx_word' id='word_1_84' title='bbox 229 761 244 828; x_wconf 65' lang='lat' dir='ltr'>fi</span> <span class='ocrx_word' id='word_1_85' title='bbox 261 763 314 816; x_wconf 75' lang='lat' dir='ltr'><strong>tur.</strong></span> <span class='ocrx_word' id='word_1_86' title='bbox 417 795 424 809; x_wconf 52' lang='grc' dir='ltr'><em>ι</em></span> <span class='ocrx_word' id='word_1_87' title='bbox 984 766 987 780; x_wconf 74' lang='lat'><strong><em>‘</em></strong></span> 
     </span>
    </p>
   </div>
   <div class='ocr_carea' id='block_1_4' title="bbox 35 928 1039 2337">
    <p class='ocr_par' dir='ltr' id='par_1_4' title="bbox 35 928 1039 2337">
     <span class='ocr_line' id='line_1_10' title="bbox 62 928 1037 1012; baseline 0.004 -25"><span class='ocrx_word' id='word_1_88' title='bbox 62 931 110 988; x_wconf 81' lang='lat' dir='ltr'><strong>rar.</strong></span> <span class='ocrx_word' id='word_1_89' title='bbox 127 928 283 1006; x_wconf 78' lang='lat' dir='ltr'><strong>sepulture</strong></span> <span class='ocrx_word' id='word_1_90' title='bbox 297 933 440 1010; x_wconf 82' lang='lat' dir='ltr'><strong>gentilitia</strong></span> <span class='ocrx_word' id='word_1_91' title='bbox 453 940 499 994; x_wconf 89' lang='lat' dir='ltr'><strong>est</strong></span> <span class='ocrx_word' id='word_1_92' title='bbox 516 935 577 1009; x_wconf 85' lang='lat' dir='ltr'><strong>illa,</strong></span> <span class='ocrx_word' id='word_1_93' title='bbox 594 949 685 1012; x_wconf 89' lang='lat' dir='ltr'><strong>quam</strong></span> <span class='ocrx_word' id='word_1_94' title='bbox 705 933 771 1011; x_wconf 92' lang='lat' dir='ltr'><strong>quis</strong></span> <span class='ocrx_word' id='word_1_95' title='bbox 785 933 875 994; x_wconf 88' lang='lat' dir='ltr'><strong>habet</strong></span> <span class='ocrx_word' id='word_1_96' title='bbox 889 932 920 992; x_wconf 93' lang='lat' dir='ltr'><strong>in</strong></span> <span class='ocrx_word' id='word_1_97' title='bbox 936 933 1037 1008; x_wconf 88' lang='lat' dir='ltr'><strong>sepul-</strong></span> 
     </span>
     <span class='ocr_line' id='line_1_11' title="bbox 37 1017 1039 1099; baseline 0.009 -28"><span class='ocrx_word' id='word_1_98' title='bbox 37 1029 74 1072; x_wconf 87' lang='lat' dir='ltr'><strong>cro</strong></span> <span class='ocrx_word' id='word_1_99' title='bbox 88 1017 223 1094; x_wconf 75' lang='lat' dir='ltr'><strong>iuniori,</strong></span> <span class='ocrx_word' id='word_1_100' title='bbox 248 1027 301 1081; x_wconf 88' lang='lat' dir='ltr'><strong>aut</strong></span> <span class='ocrx_word' id='word_1_101' title='bbox 319 1022 517 1095; x_wconf 83' lang='lat' dir='ltr'><strong>haereditario‚</strong></span> <span class='ocrx_word' id='word_1_102' title='bbox 541 1030 593 1082; x_wconf 92' lang='lat' dir='ltr'><strong>aut</strong></span> <span class='ocrx_word' id='word_1_103' title='bbox 607 1024 782 1099; x_wconf 73' lang='lat' dir='ltr'><strong>italorum:</strong></span> <span class='ocrx_word' id='word_1_104' title='bbox 808 1022 874 1081; x_wconf 86' lang='lat' dir='ltr'><strong>haec</strong></span> <span class='ocrx_word' id='word_1_105' title='bbox 896 1019 1039 1097; x_wconf 85' lang='lat' dir='ltr'><strong>praevalet</strong></span> 
     </span>
     <span class='ocr_line' id='line_1_12' title="bbox 35 1106 1039 1188; baseline 0.002 -23"><span class='ocrx_word' id='word_1_106' title='bbox 35 1106 177 1181; x_wconf 76' lang='lat' dir='ltr'><strong>parochiali,</strong></span> <span class='ocrx_word' id='word_1_107' title='bbox 193 1109 269 1170; x_wconf 90' lang='lat' dir='ltr'><strong>dum</strong></span> <span class='ocrx_word' id='word_1_108' title='bbox 284 1110 339 1170; x_wconf 90' lang='lat' dir='ltr'><strong>ista</strong></span> <span class='ocrx_word' id='word_1_109' title='bbox 353 1111 521 1174; x_wconf 86' lang='lat' dir='ltr'><strong>communis</strong></span> <span class='ocrx_word' id='word_1_110' title='bbox 541 1113 716 1188; x_wconf 86' lang='lat' dir='ltr'><strong>appellatur,</strong></span> <span class='ocrx_word' id='word_1_111' title='bbox 739 1119 769 1172; x_wconf 90' lang='lat' dir='ltr'><strong>et</strong></span> <span class='ocrx_word' id='word_1_112' title='bbox 790 1111 840 1170; x_wconf 87' lang='lat' dir='ltr'><strong>illa</strong></span> <span class='ocrx_word' id='word_1_113' title='bbox 851 1109 1039 1187; x_wconf 88' lang='lat' dir='ltr'><strong>particularis</strong></span> 
     </span>
     <span class='ocr_line' id='line_1_13' title="bbox 35 1195 1038 1275; baseline 0.003 -23"><span class='ocrx_word' id='word_1_114' title='bbox 35 1207 61 1249; x_wconf 82' lang='lat' dir='ltr'><strong>aa</strong></span> <span class='ocrx_word' id='word_1_115' title='bbox 70 1195 175 1270; x_wconf 87' lang='lat' dir='ltr'><strong>propria</strong></span> <span class='ocrx_word' id='word_1_116' title='bbox 190 1203 245 1272; x_wconf 86' lang='lat' dir='ltr'><strong>(t).</strong></span> <span class='ocrx_word' id='word_1_117' title='bbox 271 1200 397 1275; x_wconf 88' lang='lat' dir='ltr'><strong>Propria</strong></span> <span class='ocrx_word' id='word_1_118' title='bbox 409 1217 483 1260; x_wconf 78' lang='lat' dir='ltr'><strong>vero</strong></span> <span class='ocrx_word' id='word_1_119' title='bbox 498 1199 617 1273; x_wconf 85' lang='lat' dir='ltr'><strong>dicitur,</strong></span> <span class='ocrx_word' id='word_1_120' title='bbox 635 1217 697 1260; x_wconf 91' lang='lat' dir='ltr'><strong>non</strong></span> <span class='ocrx_word' id='word_1_121' title='bbox 712 1199 792 1275; x_wconf 93' lang='lat' dir='ltr'><strong>quod</strong></span> <span class='ocrx_word' id='word_1_122' title='bbox 807 1198 873 1274; x_wconf 86' lang='lat' dir='ltr'><strong>quis</strong></span> <span class='ocrx_word' id='word_1_123' title='bbox 885 1198 994 1258; x_wconf 90' lang='lat' dir='ltr'><strong>babeat</strong></span> <span class='ocrx_word' id='word_1_124' title='bbox 1008 1197 1038 1256; x_wconf 93' lang='lat' dir='ltr'><strong>in</strong></span> 
     </span>
     <span class='ocr_line' id='line_1_14' title="bbox 35 1286 1038 1364; baseline 0.01 -28"><span class='ocrx_word' id='word_1_125' title='bbox 35 1295 60 1336; x_wconf 87' lang='lat' dir='ltr'><strong>ea</strong></span> <span class='ocrx_word' id='word_1_126' title='bbox 70 1297 161 1344; x_wconf 87' lang='lat' dir='ltr'><strong>rernm</strong></span> <span class='ocrx_word' id='word_1_127' title='bbox 175 1286 354 1361; x_wconf 88' lang='lat' dir='ltr'><strong>dominium,</strong></span> <span class='ocrx_word' id='word_1_128' title='bbox 371 1289 425 1348; x_wconf 84' lang='lat' dir='ltr'><strong>sed</strong></span> <span class='ocrx_word' id='word_1_129' title='bbox 439 1307 499 1364; x_wconf 86' lang='lat' dir='ltr'><strong>quo</strong></span> <span class='ocrx_word' id='word_1_130' title='bbox 515 1289 582 1364; x_wconf 90' lang='lat' dir='ltr'><strong>quis</strong></span> <span class='ocrx_word' id='word_1_131' title='bbox 595 1288 703 1347; x_wconf 88' lang='lat' dir='ltr'><strong>habeat</strong></span> <span class='ocrx_word' id='word_1_132' title='bbox 714 1287 745 1346; x_wconf 91' lang='lat' dir='ltr'><strong>in</strong></span> <span class='ocrx_word' id='word_1_133' title='bbox 761 1304 796 1346; x_wconf 88' lang='lat' dir='ltr'><strong>ea</strong></span> <span class='ocrx_word' id='word_1_134' title='bbox 812 1293 925 1346; x_wconf 74' lang='lat' dir='ltr'><strong>trintum</strong></span> <span class='ocrx_word' id='word_1_135' title='bbox 949 1302 1038 1346; x_wconf 82' lang='lat' dir='ltr'><strong>risum</strong></span> 
     </span>
     <span class='ocr_line' id='line_1_15' title="bbox 36 1367 1038 1458; baseline 0.004 -30"><span class='ocrx_word' id='word_1_136' title='bbox 36 1367 80 1428; x_wconf 75' lang='lat' dir='ltr'><strong>sive</strong></span> <span class='ocrx_word' id='word_1_137' title='bbox 88 1372 130 1445; x_wconf 88' lang='lat' dir='ltr'><strong>jus</strong></span> <span class='ocrx_word' id='word_1_138' title='bbox 138 1376 317 1458; x_wconf 69' lang='lat' dir='ltr'><strong>sepeliendi,</strong></span> <span class='ocrx_word' id='word_1_139' title='bbox 331 1376 405 1438; x_wconf 85' lang='lat' dir='ltr'><strong>dum</strong></span> <span class='ocrx_word' id='word_1_140' title='bbox 413 1379 552 1452; x_wconf 89' lang='lat' dir='ltr'><strong>sepulcra</strong></span> <span class='ocrx_word' id='word_1_141' title='bbox 563 1379 629 1437; x_wconf 85' lang='lat' dir='ltr'><strong>loca</strong></span> <span class='ocrx_word' id='word_1_142' title='bbox 643 1374 782 1450; x_wconf 82' lang='lat' dir='ltr'><strong>religiosa</strong></span> <span class='ocrx_word' id='word_1_143' title='bbox 792 1381 872 1448; x_wconf 87' lang='lat' dir='ltr'><strong>sunt,</strong></span> <span class='ocrx_word' id='word_1_144' title='bbox 884 1380 914 1434; x_wconf 90' lang='lat' dir='ltr'><strong>et</strong></span> <span class='ocrx_word' id='word_1_145' title='bbox 927 1373 1038 1433; x_wconf 90' lang='lat' dir='ltr'><strong>idcirco</strong></span> 
     </span>
     <span class='ocr_line' id='line_1_16' title="bbox 36 1461 1038 1542; baseline 0.003 -24"><span class='ocrx_word' id='word_1_146' title='bbox 36 1465 98 1518; x_wconf 79' lang='lat' dir='ltr'><strong>eitra</strong></span> <span class='ocrx_word' id='word_1_147' title='bbox 113 1461 266 1523; x_wconf 89' lang='lat' dir='ltr'><strong>hominurn</strong></span> <span class='ocrx_word' id='word_1_148' title='bbox 289 1465 502 1527; x_wconf 82' lang='lat' dir='ltr'><strong>commercium</strong></span> <span class='ocrx_word' id='word_1_149' title='bbox 520 1464 618 1542; x_wconf 89' lang='lat' dir='ltr'><strong>posita</strong></span> <span class='ocrx_word' id='word_1_150' title='bbox 634 1468 685 1536; x_wconf 73' lang='lat' dir='ltr'><strong>(i).</strong></span> <span class='ocrx_word' id='word_1_151' title='bbox 701 1464 795 1536; x_wconf 86' lang='lat' dir='ltr'><strong>Unde,</strong></span> <span class='ocrx_word' id='word_1_152' title='bbox 812 1463 863 1539; x_wconf 89' lang='lat' dir='ltr'><strong>qui</strong></span> <span class='ocrx_word' id='word_1_153' title='bbox 875 1481 912 1522; x_wconf 88' lang='lat' dir='ltr'><strong>eo</strong></span> <span class='ocrx_word' id='word_1_154' title='bbox 927 1462 1038 1538; x_wconf 88' lang='lat' dir='ltr'><strong>potitur</strong></span> 
     </span>
     <span class='ocr_line' id='line_1_17' title="bbox 35 1543 1038 1629; baseline 0.007 -27"><span class='ocrx_word' id='word_1_155' title='bbox 35 1543 89 1618; x_wconf 84' lang='lat' dir='ltr'><strong>jure,</strong></span> <span class='ocrx_word' id='word_1_156' title='bbox 102 1549 177 1610; x_wconf 87' lang='lat' dir='ltr'><strong>alteri</strong></span> <span class='ocrx_word' id='word_1_157' title='bbox 191 1552 319 1626; x_wconf 86' lang='lat' dir='ltr'><strong>donare,</strong></span> <span class='ocrx_word' id='word_1_158' title='bbox 331 1553 381 1613; x_wconf 82' lang='lat' dir='ltr'><strong>rel</strong></span> <span class='ocrx_word' id='word_1_159' title='bbox 395 1554 496 1629; x_wconf 82' lang='lat' dir='ltr'><strong>legare</strong></span> <span class='ocrx_word' id='word_1_160' title='bbox 510 1571 571 1613; x_wconf 93' lang='lat' dir='ltr'><strong>non</strong></span> <span class='ocrx_word' id='word_1_161' title='bbox 583 1553 758 1628; x_wconf 88' lang='lat' dir='ltr'><strong>prohibetur</strong></span> <span class='ocrx_word' id='word_1_162' title='bbox 768 1557 820 1627; x_wconf 88' lang='lat'><strong>(3),</strong></span> <span class='ocrx_word' id='word_1_163' title='bbox 835 1559 886 1612; x_wconf 87' lang='lat' dir='ltr'><strong>ant</strong></span> <span class='ocrx_word' id='word_1_164' title='bbox 899 1550 1038 1611; x_wconf 88' lang='lat' dir='ltr'><strong>remediis</strong></span> 
     </span>
     <span class='ocr_line' id='line_1_18' title="bbox 38 1639 1038 1718; baseline -0.006 -15"><span class='ocrx_word' id='word_1_165' title='bbox 38 1639 195 1703; x_wconf 69' lang='lat' dir='ltr'><strong>l0uessoriis</strong></span> <span class='ocrx_word' id='word_1_166' title='bbox 209 1639 270 1700; x_wconf 90' lang='lat' dir='ltr'><strong>sibi</strong></span> <span class='ocrx_word' id='word_1_167' title='bbox 282 1641 456 1715; x_wconf 72' lang='lat' dir='ltr'><strong>vindicare,</strong></span> <span class='ocrx_word' id='word_1_168' title='bbox 477 1659 538 1701; x_wconf 93' lang='lat' dir='ltr'><strong>non</strong></span> <span class='ocrx_word' id='word_1_169' title='bbox 552 1659 625 1702; x_wconf 88' lang='lat' dir='ltr'><strong>vero</strong></span> <span class='ocrx_word' id='word_1_170' title='bbox 639 1647 738 1717; x_wconf 86' lang='lat' dir='ltr'><strong>potest</strong></span> <span class='ocrx_word' id='word_1_171' title='bbox 752 1658 806 1718; x_wconf 85' lang='lat' dir='ltr'><strong>per</strong></span> <span class='ocrx_word' id='word_1_172' title='bbox 820 1655 863 1714; x_wconf 89' lang='lat' dir='ltr'><strong>se,</strong></span> <span class='ocrx_word' id='word_1_173' title='bbox 878 1646 909 1700; x_wconf 88' lang='lat' dir='ltr'><strong>et</strong></span> <span class='ocrx_word' id='word_1_174' title='bbox 925 1639 1038 1715; x_wconf 86' lang='lat' dir='ltr'><strong>princi-</strong></span> 
     </span>
     <span class='ocr_line' id='line_1_19' title="bbox 39 1721 1037 1806; baseline 0.005 -25"><span class='ocrx_word' id='word_1_175' title='bbox 39 1721 115 1791; x_wconf 77' lang='lat' dir='ltr'><strong>paim</strong></span> <span class='ocrx_word' id='word_1_176' title='bbox 125 1728 266 1801; x_wconf 86' lang='lat' dir='ltr'><strong>rendere,</strong></span> <span class='ocrx_word' id='word_1_177' title='bbox 284 1745 354 1788; x_wconf 91' lang='lat' dir='ltr'><strong>cum</strong></span> <span class='ocrx_word' id='word_1_178' title='bbox 364 1725 415 1804; x_wconf 84' lang='lat' dir='ltr'><strong>jus</strong></span> <span class='ocrx_word' id='word_1_179' title='bbox 433 1729 472 1792; x_wconf 89' lang='lat' dir='ltr'><strong>sit</strong></span> <span class='ocrx_word' id='word_1_180' title='bbox 484 1729 528 1788; x_wconf 89' lang='lat' dir='ltr'><strong>rei</strong></span> <span class='ocrx_word' id='word_1_181' title='bbox 542 1729 687 1806; x_wconf 85' lang='lat' dir='ltr'><strong>spirituali</strong></span> <span class='ocrx_word' id='word_1_182' title='bbox 701 1729 884 1804; x_wconf 85' lang='lat' dir='ltr'><strong>adjunctum,</strong></span> <span class='ocrx_word' id='word_1_183' title='bbox 898 1727 955 1786; x_wconf 89' lang='lat' dir='ltr'><strong>nisi</strong></span> <span class='ocrx_word' id='word_1_184' title='bbox 969 1743 1037 1786; x_wconf 80' lang='lat' dir='ltr'><strong>ven-</strong></span> 
     </span>
     <span class='ocr_line' id='line_1_20' title="bbox 40 1805 1037 1895; baseline 0.009 -28"><span class='ocrx_word' id='word_1_185' title='bbox 40 1805 101 1869; x_wconf 83' lang='lat' dir='ltr'><strong>laur</strong></span> <span class='ocrx_word' id='word_1_186' title='bbox 110 1813 189 1875; x_wconf 87' lang='lat' dir='ltr'><strong>locus</strong></span> <span class='ocrx_word' id='word_1_187' title='bbox 200 1833 297 1892; x_wconf 88' lang='lat' dir='ltr'><strong>purus</strong></span> <span class='ocrx_word' id='word_1_188' title='bbox 311 1835 330 1876; x_wconf 87' lang='lat' dir='ltr'><strong>a</strong></span> <span class='ocrx_word' id='word_1_189' title='bbox 343 1817 486 1877; x_wconf 85' lang='lat' dir='ltr'><strong>ministris</strong></span> <span class='ocrx_word' id='word_1_190' title='bbox 497 1817 652 1892; x_wconf 74' lang='lat' dir='ltr'><strong>Ecclesiae,</strong></span> <span class='ocrx_word' id='word_1_191' title='bbox 667 1823 720 1877; x_wconf 84' lang='lat' dir='ltr'><strong>aut</strong></span> <span class='ocrx_word' id='word_1_192' title='bbox 732 1817 928 1895; x_wconf 80' lang='lat' dir='ltr'><strong>commoditas</strong></span> <span class='ocrx_word' id='word_1_193' title='bbox 941 1815 1037 1876; x_wconf 89' lang='lat' dir='ltr'><strong>hono-</strong></span> 
     </span>
     <span class='ocr_line' id='line_1_21' title="bbox 41 1893 1037 1986; baseline 0.004 -27"><span class='ocrx_word' id='word_1_194' title='bbox 41 1893 199 1974; x_wconf 65' lang='lat' dir='ltr'><strong>mentieris,</strong></span> <span class='ocrx_word' id='word_1_195' title='bbox 213 1906 287 1980; x_wconf 89' lang='lat' dir='ltr'><strong>loci,</strong></span> <span class='ocrx_word' id='word_1_196' title='bbox 311 1912 363 1966; x_wconf 90' lang='lat' dir='ltr'><strong>aut</strong></span> <span class='ocrx_word' id='word_1_197' title='bbox 383 1923 608 1986; x_wconf 75' lang='lat' dir='ltr'><strong>aquarumque</strong></span> <span class='ocrx_word' id='word_1_198' title='bbox 629 1905 783 1968; x_wconf 86' lang='lat' dir='ltr'><strong>materiale</strong></span> <span class='ocrx_word' id='word_1_199' title='bbox 803 1905 863 1966; x_wconf 89' lang='lat' dir='ltr'><strong>loci</strong></span> <span class='ocrx_word' id='word_1_200' title='bbox 878 1907 940 1982; x_wconf 88' lang='lat' dir='ltr'><strong>jam</strong></span> <span class='ocrx_word' id='word_1_201' title='bbox 964 1921 1037 1964; x_wconf 87' lang='lat' dir='ltr'><strong>eon-</strong></span> 
     </span>
     <span class='ocr_line' id='line_1_22' title="bbox 40 1989 1036 2072; baseline 0.004 -25"><span class='ocrx_word' id='word_1_202' title='bbox 40 1989 127 2064; x_wconf 77' lang='lat' dir='ltr'><strong>auur,</strong></span> <span class='ocrx_word' id='word_1_203' title='bbox 146 2009 214 2054; x_wconf 78' lang='lat' dir='ltr'><strong>crim</strong></span> <span class='ocrx_word' id='word_1_204' title='bbox 227 1995 261 2053; x_wconf 91' lang='lat' dir='ltr'><strong>in</strong></span> <span class='ocrx_word' id='word_1_205' title='bbox 281 1994 339 2054; x_wconf 86' lang='lat' dir='ltr'><strong>illis</strong></span> <span class='ocrx_word' id='word_1_206' title='bbox 355 1993 475 2056; x_wconf 80' lang='lat' dir='ltr'><strong>casibus</strong></span> <span class='ocrx_word' id='word_1_207' title='bbox 488 1997 626 2072; x_wconf 85' lang='lat' dir='ltr'><strong>prolium,</strong></span> <span class='ocrx_word' id='word_1_208' title='bbox 643 1995 724 2072; x_wconf 91' lang='lat' dir='ltr'><strong>quod</strong></span> <span class='ocrx_word' id='word_1_209' title='bbox 738 1995 889 2071; x_wconf 85' lang='lat' dir='ltr'><strong>penditur,</strong></span> <span class='ocrx_word' id='word_1_210' title='bbox 903 1993 934 2052; x_wconf 92' lang='lat' dir='ltr'><strong>in</strong></span> <span class='ocrx_word' id='word_1_211' title='bbox 948 1993 1036 2053; x_wconf 82' lang='lat' dir='ltr'><strong>mini·</strong></span> 
     </span>
     <span class='ocr_line' id='line_1_23' title="bbox 40 2076 1036 2166; baseline 0.003 -27"><span class='ocrx_word' id='word_1_212' title='bbox 40 2076 136 2139; x_wconf 78' lang='lat' dir='ltr'><strong>urorum</strong></span> <span class='ocrx_word' id='word_1_213' title='bbox 146 2083 394 2142; x_wconf 86' lang='lat' dir='ltr'><strong>sustentationem</strong></span> <span class='ocrx_word' id='word_1_214' title='bbox 407 2083 505 2158; x_wconf 85' lang='lat' dir='ltr'><strong>cedet,</strong></span> <span class='ocrx_word' id='word_1_215' title='bbox 514 2091 544 2143; x_wconf 87' lang='lat' dir='ltr'><strong>et</strong></span> <span class='ocrx_word' id='word_1_216' title='bbox 558 2083 587 2142; x_wconf 90' lang='lat' dir='ltr'><strong>in</strong></span> <span class='ocrx_word' id='word_1_217' title='bbox 600 2085 659 2143; x_wconf 90' lang='lat' dir='ltr'><strong>hoc</strong></span> <span class='ocrx_word' id='word_1_218' title='bbox 667 2083 772 2166; x_wconf 81' lang='lat' dir='ltr'><strong>rrltimo</strong></span> <span class='ocrx_word' id='word_1_219' title='bbox 782 2084 881 2143; x_wconf 90' lang='lat' dir='ltr'><strong>locum</strong></span> <span class='ocrx_word' id='word_1_220' title='bbox 890 2083 1036 2144; x_wconf 85' lang='lat' dir='ltr'><strong>laetarum</strong></span> 
     </span>
     <span class='ocr_line' id='line_1_24' title="bbox 41 2171 1037 2248; baseline -0.007 -12"><span class='ocrx_word' id='word_1_221' title='bbox 41 2174 204 2236; x_wconf 65' lang='lat' dir='ltr'><strong>eiillusarum</strong></span> <span class='ocrx_word' id='word_1_222' title='bbox 218 2178 331 2248; x_wconf 81' lang='lat' dir='ltr'><strong>teneat.</strong></span> <span class='ocrx_word' id='word_1_223' title='bbox 347 2172 404 2231; x_wconf 90' lang='lat' dir='ltr'><strong>Sed</strong></span> <span class='ocrx_word' id='word_1_224' title='bbox 422 2172 449 2230; x_wconf 88' lang='lat' dir='ltr'><strong>ei</strong></span> <span class='ocrx_word' id='word_1_225' title='bbox 466 2173 638 2248; x_wconf 82' lang='lat' dir='ltr'><strong>sepulcrum</strong></span> <span class='ocrx_word' id='word_1_226' title='bbox 660 2171 881 2232; x_wconf 69' lang='lat' dir='ltr'><strong>haereditarium</strong></span> <span class='ocrx_word' id='word_1_227' title='bbox 894 2171 942 2246; x_wconf 88' lang='lat' dir='ltr'><strong>sit,</strong></span> <span class='ocrx_word' id='word_1_228' title='bbox 963 2187 1037 2230; x_wconf 89' lang='lat' dir='ltr'><strong>ven-</strong></span> 
     </span>
     <span class='ocr_line' id='line_1_25' title="bbox 40 2245 981 2337; baseline 0.016 -33"><span class='ocrx_word' id='word_1_229' title='bbox 40 2245 81 2308; x_wconf 81' lang='lat' dir='ltr'><strong>tila</strong></span> <span class='ocrx_word' id='word_1_230' title='bbox 90 2253 308 2335; x_wconf 60' lang='lat' dir='ltr'><strong>hereditatem</strong></span> <span class='ocrx_word' id='word_1_231' title='bbox 322 2266 489 2337; x_wconf 87' lang='lat' dir='ltr'><strong>emptorem</strong></span> <span class='ocrx_word' id='word_1_232' title='bbox 502 2261 617 2332; x_wconf 87' lang='lat' dir='ltr'><strong>transit,</strong></span> <span class='ocrx_word' id='word_1_233' title='bbox 631 2259 688 2321; x_wconf 90' lang='lat' dir='ltr'><strong>nisi</strong></span> <span class='ocrx_word' id='word_1_234' title='bbox 704 2259 741 2322; x_wconf 86' lang='lat' dir='ltr'><strong>sit</strong></span> <span class='ocrx_word' id='word_1_235' title='bbox 755 2265 915 2336; x_wconf 82' lang='lat' dir='ltr'><strong>exceptum</strong></span> <span class='ocrx_word' id='word_1_236' title='bbox 929 2263 939 2330; x_wconf 91' lang='grc'>(</span> <span class='ocrx_word' id='word_1_237' title='bbox 960 2265 981 2334; x_wconf 92' lang='grc'><strong>).</strong></span> 
     </span>
    </p>
   </div>
   <div class='ocr_carea' id='block_1_5' title="bbox 60 2385 1035 2474">
    <p class='ocr_par' dir='ltr' id='par_1_5' title="bbox 60 2385 1035 2474">
     <span class='ocr_line' id='line_1_26' title="bbox 60 2385 1035 2474; baseline 0 -17"><span class='ocrx_word' id='word_1_238' title='bbox 60 2395 85 2461; x_wconf 81' lang='lat' dir='ltr'><strong>tl)</strong></span> <span class='ocrx_word' id='word_1_239' title='bbox 95 2401 148 2467; x_wconf 79' lang='lat' dir='ltr'><strong>up.</strong></span> <span class='ocrx_word' id='word_1_240' title='bbox 162 2405 171 2455; x_wconf 89' lang='lat'>1</span> <span class='ocrx_word' id='word_1_241' title='bbox 184 2410 211 2458; x_wconf 79' lang='lat' dir='ltr'><strong>u</strong></span> <span class='ocrx_word' id='word_1_242' title='bbox 226 2408 242 2460; x_wconf 83' lang='lat' dir='ltr'><strong>a</strong></span> <span class='ocrx_word' id='word_1_243' title='bbox 260 2407 294 2460; x_wconf 72' lang='lat' dir='ltr'><strong>aa</strong></span> <span class='ocrx_word' id='word_1_244' title='bbox 306 2407 405 2474; x_wconf 66' lang='lat' dir='ltr'><strong>samri.</strong></span> <span class='ocrx_word' id='word_1_245' title='bbox 416 2435 448 2446; x_wconf 86' lang='lat'><em>-</em></span> <span class='ocrx_word' id='word_1_246' title='bbox 461 2408 497 2473; x_wconf 79' lang='lat' dir='ltr'><strong>(a)</strong></span> <span class='ocrx_word' id='word_1_247' title='bbox 511 2409 541 2460; x_wconf 85' lang='lat' dir='ltr'><strong>a.</strong></span> <span class='ocrx_word' id='word_1_248' title='bbox 557 2409 582 2469; x_wconf 82' lang='lat' dir='ltr'><strong>a,</strong></span> <span class='ocrx_word' id='word_1_249' title='bbox 597 2409 656 2462; x_wconf 76' lang='lat' dir='ltr'><strong>eoa,</strong></span> <span class='ocrx_word' id='word_1_250' title='bbox 668 2409 704 2461; x_wconf 73' lang='lat' dir='ltr'><strong>aa</strong></span> <span class='ocrx_word' id='word_1_251' title='bbox 720 2408 769 2464; x_wconf 77' lang='lat' dir='ltr'><strong>rer.</strong></span> <span class='ocrx_word' id='word_1_252' title='bbox 784 2412 813 2461; x_wconf 77' lang='lat' dir='ltr'><strong>aa</strong></span> <span class='ocrx_word' id='word_1_253' title='bbox 826 2409 926 2472; x_wconf 83' lang='lat' dir='ltr'><strong>sumpt.</strong></span> <span class='ocrx_word' id='word_1_254' title='bbox 937 2407 994 2459; x_wconf 79' lang='lat' dir='ltr'><strong>ran.</strong></span> <span class='ocrx_word' id='word_1_255' title='bbox 1004 2385 1035 2446; x_wconf 82' lang='lat'><strong>&#39;-</strong></span> 
     </span>
    </p>
   </div>
   <div class='ocr_carea' id='block_1_6' title="bbox 41 2465 1032 2594">
    <p class='ocr_par' dir='ltr' id='par_1_6' title="bbox 41 2465 1032 2594">
     <span class='ocr_line' id='line_1_27' title="bbox 41 2465 1032 2594; baseline 0.001 -66"><span class='ocrx_word' id='word_1_256' title='bbox 41 2465 93 2592; x_wconf 55' lang='lat' dir='ltr'>ffl</span> <span class='ocrx_word' id='word_1_257' title='bbox 103 2475 140 2594; x_wconf 72' lang='lat' dir='ltr'><strong>⁷il,</strong></span> <span class='ocrx_word' id='word_1_258' title='bbox 152 2478 209 2532; x_wconf 79' lang='lat' dir='ltr'><strong>eoi.</strong></span> <span class='ocrx_word' id='word_1_259' title='bbox 227 2478 263 2532; x_wconf 83' lang='lat' dir='ltr'><strong>cla</strong></span> <span class='ocrx_word' id='word_1_260' title='bbox 278 2479 358 2544; x_wconf 75' lang='lat' dir='ltr'><strong>legat.</strong></span> <span class='ocrx_word' id='word_1_261' title='bbox 368 2507 401 2520; x_wconf 86' lang='lat'>-</span> <span class='ocrx_word' id='word_1_262' title='bbox 413 2479 449 2544; x_wconf 85' lang='lat' dir='ltr'><strong>(t)</strong></span> <span class='ocrx_word' id='word_1_263' title='bbox 464 2480 595 2532; x_wconf 86' lang='lat' dir='ltr'><strong>Gonzales</strong></span> <span class='ocrx_word' id='word_1_264' title='bbox 610 2481 645 2532; x_wconf 86' lang='lat' dir='ltr'><strong>ad</strong></span> <span class='ocrx_word' id='word_1_265' title='bbox 659 2491 716 2547; x_wconf 83' lang='lat' dir='ltr'><strong>cap.</strong></span> <span class='ocrx_word' id='word_1_266' title='bbox 732 2478 873 2532; x_wconf 73' lang='lat' dir='ltr'><strong>Abolenda</strong></span> <span class='ocrx_word' id='word_1_267' title='bbox 888 2478 922 2528; x_wconf 88' lang='lat' dir='ltr'><strong>de</strong></span> <span class='ocrx_word' id='word_1_268' title='bbox 935 2477 1032 2542; x_wconf 89' lang='lat' dir='ltr'><strong>sepult.</strong></span> 
     </span>
    </p>
   </div>
   <div class='ocr_carea' id='block_1_7' title="bbox 41 2709 1035 3664">
    <p class='ocr_par' dir='ltr' id='par_1_7' title="bbox 41 2709 1035 3588">
     <span class='ocr_line' id='line_1_28' title="bbox 64 2709 1035 2796; baseline 0.001 -23"><span class='ocrx_word' id='word_1_269' title='bbox 64 2709 109 2770; x_wconf 69' lang='lat' dir='ltr'><strong>iii.</strong></span> <span class='ocrx_word' id='word_1_270' title='bbox 126 2717 280 2791; x_wconf 89' lang='lat' dir='ltr'><strong>Sepultura</strong></span> <span class='ocrx_word' id='word_1_271' title='bbox 295 2717 424 2796; x_wconf 87' lang='lat' dir='ltr'><strong>denique</strong></span> <span class='ocrx_word' id='word_1_272' title='bbox 445 2719 623 2795; x_wconf 87' lang='lat' dir='ltr'><strong>parochialis</strong></span> <span class='ocrx_word' id='word_1_273' title='bbox 637 2725 693 2792; x_wconf 85' lang='lat' dir='ltr'><strong>est,</strong></span> <span class='ocrx_word' id='word_1_274' title='bbox 709 2734 799 2794; x_wconf 88' lang='lat' dir='ltr'><strong>quarn</strong></span> <span class='ocrx_word' id='word_1_275' title='bbox 823 2716 889 2792; x_wconf 87' lang='lat' dir='ltr'><strong>quis</strong></span> <span class='ocrx_word' id='word_1_276' title='bbox 901 2715 991 2774; x_wconf 88' lang='lat' dir='ltr'><strong>habet</strong></span> <span class='ocrx_word' id='word_1_277' title='bbox 1004 2713 1035 2774; x_wconf 92' lang='lat' dir='ltr'><strong>in</strong></span> 
     </span>
     <span class='ocr_line' id='line_1_29' title="bbox 42 2799 1035 2884; baseline 0.002 -23"><span class='ocrx_word' id='word_1_278' title='bbox 42 2799 296 2881; x_wconf 60' lang='lat' dir='ltr'><strong>il0iliuparochia,</strong></span> <span class='ocrx_word' id='word_1_279' title='bbox 322 2808 352 2866; x_wconf 94' lang='lat' dir='ltr'><strong>in</strong></span> <span class='ocrx_word' id='word_1_280' title='bbox 376 2825 435 2884; x_wconf 81' lang='lat' dir='ltr'><strong>qua</strong></span> <span class='ocrx_word' id='word_1_281' title='bbox 452 2806 552 2882; x_wconf 71' lang='lat' dir='ltr'><strong>diuina</strong></span> <span class='ocrx_word' id='word_1_282' title='bbox 572 2808 672 2868; x_wconf 87' lang='lat' dir='ltr'><strong>officia</strong></span> <span class='ocrx_word' id='word_1_283' title='bbox 696 2806 851 2868; x_wconf 85' lang='lat' dir='ltr'><strong>consuerit</strong></span> <span class='ocrx_word' id='word_1_284' title='bbox 874 2803 986 2879; x_wconf 87' lang='lat' dir='ltr'><strong>audire,</strong></span> <span class='ocrx_word' id='word_1_285' title='bbox 1005 2811 1035 2864; x_wconf 89' lang='lat' dir='ltr'><strong>et</strong></span> 
     </span>
     <span class='ocr_line' id='line_1_30' title="bbox 43 2883 1034 2974; baseline 0.01 -32"><span class='ocrx_word' id='word_1_286' title='bbox 43 2883 204 2974; x_wconf 66' lang='lat' dir='ltr'><strong>ueluiaa&#39;tiee</strong></span> <span class='ocrx_word' id='word_1_287' title='bbox 221 2895 356 2972; x_wconf 88' lang='lat' dir='ltr'><strong>recipere</strong></span> <span class='ocrx_word' id='word_1_288' title='bbox 371 2903 568 2956; x_wconf 85' lang='lat' dir='ltr'><strong>sacramenta.</strong></span> <span class='ocrx_word' id='word_1_289' title='bbox 590 2901 698 2956; x_wconf 83' lang='lat' dir='ltr'><strong>Verum</strong></span> <span class='ocrx_word' id='word_1_290' title='bbox 711 2896 742 2954; x_wconf 90' lang='lat' dir='ltr'><strong>in</strong></span> <span class='ocrx_word' id='word_1_291' title='bbox 757 2895 824 2967; x_wconf 86' lang='lat' dir='ltr'><strong>hac,</strong></span> <span class='ocrx_word' id='word_1_292' title='bbox 837 2894 913 2954; x_wconf 86' lang='lat' dir='ltr'><strong>sleut</strong></span> <span class='ocrx_word' id='word_1_293' title='bbox 925 2894 957 2954; x_wconf 92' lang='lat' dir='ltr'><strong>in</strong></span> <span class='ocrx_word' id='word_1_294' title='bbox 970 2893 1034 2953; x_wconf 88' lang='lat' dir='ltr'><strong>aliis</strong></span> 
     </span>
     <span class='ocr_line' id='line_1_31' title="bbox 41 2975 1031 3063; baseline 0.006 -27"><span class='ocrx_word' id='word_1_295' title='bbox 41 2979 81 3036; x_wconf 75' lang='lat' dir='ltr'><strong>llffl</strong></span> <span class='ocrx_word' id='word_1_296' title='bbox 92 2975 175 3038; x_wconf 87' lang='lat' dir='ltr'><strong>citatis</strong></span> <span class='ocrx_word' id='word_1_297' title='bbox 191 2983 352 3058; x_wconf 86' lang='lat' dir='ltr'><strong>sepulturae</strong></span> <span class='ocrx_word' id='word_1_298' title='bbox 373 2985 541 3060; x_wconf 89' lang='lat' dir='ltr'><strong>speciebus,</strong></span> <span class='ocrx_word' id='word_1_299' title='bbox 560 2983 702 3059; x_wconf 87' lang='lat' dir='ltr'><strong>proprius</strong></span> <span class='ocrx_word' id='word_1_300' title='bbox 719 2983 850 3045; x_wconf 83' lang='lat' dir='ltr'><strong>defuncti</strong></span> <span class='ocrx_word' id='word_1_301' title='bbox 870 2985 1031 3063; x_wconf 87' lang='lat' dir='ltr'><strong>parochus,</strong></span> 
     </span>
     <span class='ocr_line' id='line_1_32' title="bbox 42 3067 1032 3152; baseline 0.006 -28"><span class='ocrx_word' id='word_1_302' title='bbox 42 3067 136 3136; x_wconf 70' lang='lat' dir='ltr'><strong>lloepto</strong></span> <span class='ocrx_word' id='word_1_303' title='bbox 154 3086 223 3130; x_wconf 90' lang='lat' dir='ltr'><strong>casu</strong></span> <span class='ocrx_word' id='word_1_304' title='bbox 243 3073 439 3146; x_wconf 84' lang='lat' dir='ltr'><strong>paupertatis,</strong></span> <span class='ocrx_word' id='word_1_305' title='bbox 450 3073 500 3147; x_wconf 86' lang='lat' dir='ltr'><strong>jus</strong></span> <span class='ocrx_word' id='word_1_306' title='bbox 517 3073 607 3131; x_wconf 84' lang='lat' dir='ltr'><strong>hebet</strong></span> <span class='ocrx_word' id='word_1_307' title='bbox 621 3071 658 3130; x_wconf 89' lang='lat' dir='ltr'><strong>ad</strong></span> <span class='ocrx_word' id='word_1_308' title='bbox 673 3071 843 3146; x_wconf 89' lang='lat' dir='ltr'><strong>portionem</strong></span> <span class='ocrx_word' id='word_1_309' title='bbox 856 3072 1032 3152; x_wconf 87' lang='lat' dir='ltr'><strong>canonicam</strong></span> 
     </span>
     <span class='ocr_line' id='line_1_33' title="bbox 42 3150 1032 3241; baseline 0.004 -24"><span class='ocrx_word' id='word_1_310' title='bbox 42 3150 166 3241; x_wconf 68' lang='lat' dir='ltr'><strong>ueniam</strong></span> <span class='ocrx_word' id='word_1_311' title='bbox 179 3161 231 3230; x_wconf 85' lang='grc'>(1).</span> <span class='ocrx_word' id='word_1_312' title='bbox 255 3164 289 3218; x_wconf 81' lang='lat' dir='ltr'><strong>at</strong></span> <span class='ocrx_word' id='word_1_313' title='bbox 307 3160 347 3219; x_wconf 92' lang='lat' dir='ltr'><strong>ob</strong></span> <span class='ocrx_word' id='word_1_314' title='bbox 359 3161 552 3233; x_wconf 86' lang='lat' dir='ltr'><strong>retardatam,</strong></span> <span class='ocrx_word' id='word_1_315' title='bbox 568 3159 617 3219; x_wconf 84' lang='lat' dir='ltr'><strong>vel</strong></span> <span class='ocrx_word' id='word_1_316' title='bbox 639 3175 700 3218; x_wconf 93' lang='lat' dir='ltr'><strong>non</strong></span> <span class='ocrx_word' id='word_1_317' title='bbox 715 3161 841 3219; x_wconf 88' lang='lat' dir='ltr'><strong>solutam</strong></span> <span class='ocrx_word' id='word_1_318' title='bbox 855 3161 1032 3220; x_wconf 89' lang='lat' dir='ltr'><strong>canonicam</strong></span> 
     </span>
     <span class='ocr_line' id='line_1_34' title="bbox 42 3235 1031 3323; baseline 0.006 -23"><span class='ocrx_word' id='word_1_319' title='bbox 42 3235 174 3304; x_wconf 74' lang='lat' dir='ltr'><strong>unionem</strong></span> <span class='ocrx_word' id='word_1_320' title='bbox 189 3245 291 3322; x_wconf 84' lang='lat' dir='ltr'><strong>nequit</strong></span> <span class='ocrx_word' id='word_1_321' title='bbox 304 3249 454 3322; x_wconf 83' lang='lat' dir='ltr'><strong>parochus</strong></span> <span class='ocrx_word' id='word_1_322' title='bbox 472 3247 627 3312; x_wconf 79' lang='lat' dir='ltr'><strong>cadaveris</strong></span> <span class='ocrx_word' id='word_1_323' title='bbox 641 3249 824 3323; x_wconf 83' lang='lat' dir='ltr'><strong>sepulturam</strong></span> <span class='ocrx_word' id='word_1_324' title='bbox 837 3248 968 3322; x_wconf 87' lang='lat' dir='ltr'><strong>differre,</strong></span> <span class='ocrx_word' id='word_1_325' title='bbox 982 3247 1031 3306; x_wconf 84' lang='lat' dir='ltr'><strong>vel</strong></span> 
     </span>
     <span class='ocr_line' id='line_1_35' title="bbox 44 3329 1030 3419; baseline 0.004 -31"><span class='ocrx_word' id='word_1_326' title='bbox 44 3329 132 3419; x_wconf 57' lang='lat' dir='ltr'><strong>litere,</strong></span> <span class='ocrx_word' id='word_1_327' title='bbox 146 3339 178 3392; x_wconf 89' lang='lat' dir='ltr'><strong>ut</strong></span> <span class='ocrx_word' id='word_1_328' title='bbox 197 3333 330 3397; x_wconf 82' lang='lat' dir='ltr'><strong>delinivit</strong></span> <span class='ocrx_word' id='word_1_329' title='bbox 341 3335 478 3411; x_wconf 88' lang='lat' dir='ltr'><strong>pluribus</strong></span> <span class='ocrx_word' id='word_1_330' title='bbox 491 3335 606 3398; x_wconf 85' lang='lat' dir='ltr'><strong>vicibus</strong></span> <span class='ocrx_word' id='word_1_331' title='bbox 617 3339 647 3394; x_wconf 88' lang='lat' dir='ltr'><strong>S.</strong></span> <span class='ocrx_word' id='word_1_332' title='bbox 670 3335 865 3412; x_wconf 77' lang='lat' dir='ltr'><strong>congregatio</strong></span> <span class='ocrx_word' id='word_1_333' title='bbox 882 3335 1030 3396; x_wconf 87' lang='lat' dir='ltr'><strong>:multum</strong></span> 
     </span>
     <span class='ocr_line' id='line_1_36' title="bbox 44 3420 1030 3500; baseline 0.004 -22"><span class='ocrx_word' id='word_1_334' title='bbox 44 3420 97 3471; x_wconf 65' lang='lat' dir='ltr'><strong>illm</strong></span> <span class='ocrx_word' id='word_1_335' title='bbox 115 3431 261 3498; x_wconf 84' lang='lat' dir='ltr'><strong>repugnat,</strong></span> <span class='ocrx_word' id='word_1_336' title='bbox 284 3431 318 3484; x_wconf 88' lang='lat' dir='ltr'><strong>ut</strong></span> <span class='ocrx_word' id='word_1_337' title='bbox 340 3430 464 3500; x_wconf 81' lang='lat' dir='ltr'><strong>propter</strong></span> <span class='ocrx_word' id='word_1_338' title='bbox 482 3423 718 3485; x_wconf 87' lang='lat' dir='ltr'><strong>emolumentum</strong></span> <span class='ocrx_word' id='word_1_339' title='bbox 737 3423 872 3500; x_wconf 85' lang='lat' dir='ltr'><strong>pecuniae</strong></span> <span class='ocrx_word' id='word_1_340' title='bbox 894 3422 1030 3483; x_wconf 89' lang='lat' dir='ltr'><strong>ultimum</strong></span> 
     </span>
     <span class='ocr_line' id='line_1_37' title="bbox 45 3489 468 3588; baseline 0.019 -24"><span class='ocrx_word' id='word_1_341' title='bbox 45 3489 135 3565; x_wconf 70' lang='lat' dir='ltr'><strong>llliutrrr</strong></span> <span class='ocrx_word' id='word_1_342' title='bbox 145 3509 257 3584; x_wconf 87' lang='lat' dir='ltr'><strong>pietatis</strong></span> <span class='ocrx_word' id='word_1_343' title='bbox 271 3513 403 3574; x_wconf 80' lang='lat' dir='ltr'><strong>osticium</strong></span> <span class='ocrx_word' id='word_1_344' title='bbox 418 3515 428 3585; x_wconf 93' lang='lat'>(</span> <span class='ocrx_word' id='word_1_345' title='bbox 448 3519 468 3588; x_wconf 94' lang='grc'><strong>).</strong></span> 
     </span>
    </p>

    <p class='ocr_par' dir='ltr' id='par_1_8' title="bbox 122 3605 906 3664">
     <span class='ocr_line' id='line_1_38' title="bbox 122 3605 906 3664; baseline 0.005 -4"><span class='ocrx_word' id='word_1_346' title='bbox 122 3605 155 3660; x_wconf 89' lang='lat'><strong>11.</strong></span> <span class='ocrx_word' id='word_1_347' title='bbox 877 3610 906 3664; x_wconf 84' lang='lat' dir='ltr'><strong>tc</strong></span> 
     </span>
    </p>
   </div>
   <div class='ocr_carea' id='block_1_8' title="bbox 0 0 1218 4070">
    <p class='ocr_par' dir='ltr' id='par_1_9' title="bbox 0 0 1218 4070">
     <span class='ocr_line' id='line_1_39' title="bbox 0 0 1218 4070; baseline 0 0"><span class='ocrx_word' id='word_1_348' title='bbox 0 0 1218 4070; x_wconf 95' lang='lat' dir='ltr'><strong> </strong></span> 
     </span>
    </p>
   </div>
  </div>
 </body>
</html>
