2494 4062
561 188 687 243 ..7-

112 323 196 384 aquae
215 309 375 368 lavacrum
389 308 427 368 ad
450 323 558 368 novam
573 307 756 384 spiritualem
772 309 864 369 vitam
888 309 1064 372 renascitur.
1080 315 1144 372 tam

110 415 182 458 vero
198 393 290 474 primi
305 397 367 456 duo
380 396 520 474 baptismi
540 397 704 473 sanguinis,
727 401 758 457 et
776 398 905 458 fluminis
925 405 1051 474 possunt
1070 417 1144 460 con-

83 489 187 548 ·ierre
202 486 345 547 omnium
367 487 538 558 actualium,
560 493 590 546 et
613 486 765 562 originalis
787 485 902 563 peccati
924 486 1141 562 remissionem,

110 576 157 634 ubi
171 583 311 648 nequeat
334 575 437 635 tertius
460 593 545 652 aquae
564 574 728 651 baptismus
752 575 891 648 obtineri,
912 575 1061 652 baptismo
1076 577 1141 653 qui·

111 663 174 724 dem
185 663 348 740 sanguinis
357 663 448 723 vitam
462 671 507 724 cst
518 673 722 739 consequutus
734 669 874 724 eternam
885 662 932 725 ille
943 665 1041 726 bonus
1054 666 1142 741 latro,

114 753 201 829 quiin
217 759 318 814 cruce
334 769 403 812 cum
423 752 537 814 Christo
552 752 704 829 pendebat
721 756 761 825 (t)
777 772 784 812 :
800 752 947 830 baptismo
960 769 1033 814 vero
1047 753 1141 815 flami-

112 842 161 915 nis,
182 843 280 902 docet
305 842 496 902 innocentius
518 847 564 916 lll,
583 841 678 902 vitam*
694 841 827 918 potuisse
841 843 984 920 consequi
998 849 1142 904 aeternam

112 932 273 1006 quemdam
288 931 484 990 Sacerdotem
506 931 644 991 dioecesis
664 931 880 1004 Cremonensis,
895 931 945 1008 qui
967 931 1093 992 credens
1107 949 1140 992 se

111 1019 294 1097 baptizatum
309 1019 339 1077 in
355 1019 423 1091 tide,
440 1027 470 1078 et
484 1019 646 1079 ministerio
660 1017 785 1093 vixerat,
800 1019 871 1080 dum
885 1025 989 1095 postea
1002 1037 1140 1096 comper-

110 1115 169 1168 tnm
183 1107 254 1182 fuit,
270 1107 336 1167 sine
350 1106 497 1183 baptismo
512 1106 594 1167 illum
614 1124 686 1167 uere
709 1107 874 1167 decessisse
892 1112 942 1179 (t).
963 1108 1019 1167 Sed
1033 1107 1064 1167 bi
1078 1109 1139 1169 duo

109 1196 249 1273 baptismi
264 1213 338 1256 vera
351 1201 535 1256 sacramenta
547 1213 608 1255 non
623 1202 701 1269 sunt,
718 1194 787 1273 qnia
800 1195 829 1254 in
843 1195 927 1271 signa
938 1195 1040 1270 gratiae
1054 1213 1137 1257 com-

109 1286 208 1346 munia
220 1303 286 1346 non
305 1286 423 1345 suerunt
438 1302 457 1343 a
474 1284 587 1344 Christo
601 1285 742 1359 instituta,
758 1302 818 1344 non
837 1285 917 1344 enim
930 1285 1005 1344 fiunt
1018 1302 1073 1362 per
1086 1301 1139 1346 ac·

110 1375 280 1435 cessionem
308 1373 392 1434 verbi
418 1373 457 1433 ad
481 1375 673 1448 elementum,
698 1380 731 1433 ut
754 1381 1013 1434 sacramentomm
1032 1381 1139 1434 natura

107 1463 242 1540 requirit.
267 1463 354 1522 Solns
374 1460 487 1522 idcirco
508 1461 672 1538 baptismus
695 1480 780 1538 aquas
802 1469 848 1522 est
868 1479 973 1522 verum
997 1462 1137 1524 Ecclesiae

108 1557 349 1623 Sacramentum,
372 1557 404 1611 et
426 1551 481 1610 sub
500 1551 558 1610 hoc
578 1558 716 1628 respectu
739 1551 903 1628 baptismus
917 1569 995 1611 unus
1015 1557 1070 1624 est,
1092 1551 1136 1610 uti

58 1707 62 1714 ,
108 1659 167 1702 una
181 1647 229 1701 est
242 1641 328 1713 idea,
340 1656 479 1715 unusque
492 1645 579 1710 licus,
603 1657 639 1700 ac
652 1646 733 1700 recte
757 1647 854 1716 potest
868 1657 937 1700 cum
952 1640 1135 1702 catechismo

109 1736 244 1792 Romano
258 1728 374 1789 definiri
391 1747 398 1788 :
414 1727 642 1790 Sacramentum
656 1729 884 1805 regenerationis
899 1746 953 1805 per
972 1746 1083 1805 aquam
1101 1729 1134 1789 in

108 1819 202 1880 uerba

101 1980 103 1986 ’
140 1992 172 2059 (Ι)
184 1993 250 2046 (ian.
265 1991 305 2058 tt,
320 1989 382 2046 disi.
398 1991 413 2044 4
426 1991 460 2044 de
473 2003 579 2044 consec.
593 2017 624 2031 -
635 1991 670 2058 (t)
684 1991 748 2060 Gap.
763 1991 787 2058 2,
801 1990 835 2045 ds
849 1990 941 2058 presb.
956 2003 1010 2044 non
1023 1989 1098 2056 bapt.

143 2227 206 2284 311.
226 2221 356 2282 llinister
375 2221 514 2299 baptismi
537 2222 704 2283 ordinarius
721 2230 778 2298 est,
797 2228 848 2282 aut
869 2218 1132 2296 extraordinarius,

109 2315 154 2374 nel
172 2310 371 2372 necessitatis.
387 2311 559 2372 ordinarius
582 2318 691 2388 praeter
712 2311 890 2388 Episcopum
913 2310 1020 2371 dicitur
1040 2315 1131 2370 Paro·

109 2402 193 2475 chus,
214 2399 267 2478 qui
282 2399 314 2458 in
327 2415 381 2458 sua
395 2400 524 2459 Ecclesia
537 2399 715 2476 baptismali,
731 2399 867 2460 adhibitis
882 2398 1064 2459 solemnibus
1077 2399 1129 2457 ba-

108 2489 206 2567 ptismi
221 2487 418 2563 oaeremoniiS,
434 2505 487 2564 per
501 2505 544 2564 se,
558 2489 607 2550 vel
631 2506 684 2565 pcr
698 2489 789 2550 alium
803 2507 821 2548 a
836 2505 869 2548 se
889 2488 1063 2566 deputatum
1083 2503 1131 2548 sa·

107 2580 271 2650 cerdotcm,
285 2576 410 2636 subditis
429 2577 460 2635 in
480 2593 535 2637 suo
558 2576 708 2638 territorio
730 2577 906 2654 degentibus
924 2578 1013 2638 debet
1025 2581 1131 2638 Sacra-

107 2675 241 2730 mentum
254 2663 393 2741 baptismi
405 2665 572 2726 ministrare
586 2670 609 2737 (t
617 2672 637 2738 ).
649 2666 776 2728 llinistcr
789 2683 862 2727 vero
877 2665 1130 2727 extraordinarius

106 2766 150 2819 est
162 2755 324 2827 Diaconos,
340 2752 391 2830 qni
404 2753 580 2814 necessitate
602 2763 738 2830 urgente,
763 2755 802 2814 ob
817 2755 951 2830 Parocbi,
966 2761 997 2815 et
1009 2754 1131 2815 alterins

105 2838 272 2922 sacerdotis
286 2841 460 2916 absentiam,
476 2847 527 2902 aut
546 2843 751 2920 impotentiam
770 2843 860 2904 etlam
875 2844 1047 2906 solemniter
1061 2852 1127 2920 pot·

106 2943 148 2996 est
160 2931 324 3010 baptizare,
337 2937 371 2991 nt
385 2933 448 3008 jam
457 2931 587 2992 diximus
600 2949 634 2992 su
639 2949 700 3008 pra.
716 2933 849 2994 llinister.
862 2934 982 2994 demum
996 2934 1128 2996 necessi-

106 3024 170 3083 tatis
191 3023 223 3082 iu
247 3019 363 3097 privato
376 3020 536 3095 baptismo,
552 3021 671 3097 quando
684 3022 789 3081 mortis
802 3021 969 3098 periculum
981 3022 1126 3098 imminet,

106 3119 150 3172 est
163 3112 346 3188 quicumque
363 3109 502 3182 Clericus,
519 3109 584 3169 sive
605 3109 709 3184 laicus,
723 3109 778 3184 vir,
800 3111 862 3171 sive
882 3110 999 3186 mulier,
1019 3110 1124 3186 tidelis,

106 3199 166 3259 sive
180 3197 320 3270 infidelis,
335 3197 427 3258 modo
440 3205 538 3258 servet
554 3199 680 3258 formam
700 3199 849 3273 Ecclesiae,
870 3208 900 3259 et
916 3200 1016 3265 iacere
1029 3200 1126 3260 inten-

106 3290 164 3360 dat,
180 3288 263 3364 quod
276 3287 346 3347 iacit
359 3287 491 3346 Ecclesia
506 3291 556 3360 (i).
574 3288 658 3359 Quod
678 3288 703 3346 si
723 3290 824 3365 plures
841 3305 935 3366 puero¹
948 3285 1126 3365 periclitanti

108 3378 212 3452 adsint,
229 3375 345 3451 dignior
359 3375 437 3438 inter
452 3393 504 3436 eos
526 3376 616 3435 debet
637 3376 786 3452 baptizare
801 3381 857 3449 (3),
872 3376 942 3437 hinc
968 3377 1125 3453 praeiertur

107 3466 251 3527 Sacerdos
265 3465 405 3537 liiacono,
422 3463 551 3525 Clericus
571 3464 657 3537 laico,
672 3472 702 3525 ct
715 3465 889 3541 regulariter
903 3464 990 3526 stiam
1004 3462 1049 3522 vir
1061 3477 1123 3521 mu·

81 3603 84 3614 .
107 3555 175 3618 licri.
196 3553 531 3631 uiximusrapatomer,
546 3569 616 3617 uam
634 3553 783 3618 interdum
795 3553 912 3628 mulier,
922 3554 969 3614 vel
982 3551 1021 3612 ob
1034 3551 1124 3628 maio
