2524 4080
158 267 377 344 iurisdictionis
396 269 428 328 in
450 269 515 346 ipsa
538 269 700 346 quaestione
725 267 883 340 incidente,
905 282 966 326 non
991 270 1039 323 aot
1064 277 1160 333 aecus,

164 377 257 438 quare
270 359 296 419 si
309 359 386 419 inter
395 359 542 434 agendam
555 375 677 420 causam
689 373 791 418 coram
799 357 897 434 judice
908 353 1040 414 saeculari
1054 349 1161 428 questio

164 449 274 510 incidat
283 448 321 508 de
334 447 484 508 validitate
496 442 686 521 matrimonii,
694 453 745 506 eut
754 447 792 506 de
805 445 862 506 elia
871 462 903 505 re
916 441 1065 520 spirituali,
1074 441 1101 498 in
1111 455 1163 516 qua

165 555 226 596 non
240 541 285 597 est
295 535 507 613 jurisdictionis
522 553 628 612 ceper,
649 534 753 612 nequit
764 535 858 610 judex
875 530 1023 593 saecularis
1034 530 1071 589 ob
1081 543 1166 588 ocusae

164 625 379 686 continentiam
398 625 436 685 de
455 624 618 701 questione
638 623 804 685 istiusmodi
821 637 1015 699 cognoscere3
1037 617 1087 678 sed
1109 631 1168 676 eam

162 715 252 775 debet
269 714 362 792 judici
381 713 581 774 ecclesiastico
602 712 749 774 dimittere
764 715 815 784 (Ξ).
837 708 1034 772 Reconventio
1053 706 1167 780 deniqne

164 807 235 864 tunc
256 803 347 864 habet
370 803 481 877 locum,
505 819 574 862 cum
596 819 667 863 reus
688 802 719 862 in
740 800 854 878 jndicio
874 799 985 877 aliquid
1003 796 1166 858 vicissimab

163 899 267 954 actore
283 892 356 970 petit
377 909 418 952 ex
431 891 546 966 eadem,
561 893 608 952 vel
620 891 738 952 dinemo
751 907 851 964 causa,
866 896 901 950 ut
919 891 946 949 si
968 885 1166 964 compensatio-

163 997 243 1056 nem,
266 982 314 1042 vel
335 980 422 1042 aliam
446 986 595 1057 proponat
608 980 781 1056 petitionem
795 997 813 1038 a
827 978 943 1056 legibus
957 995 1015 1038 non
1033 975 1166 1050 improba·

160 1075 237 1130 tam:
247 1087 303 1146 per
314 1069 577 1132 reconventionem
589 1069 709 1146 quidem
722 1070 753 1128 in
764 1067 828 1145 ipsa
842 1068 885 1128 rei
899 1067 1040 1145 petitione
1048 1063 1167 1144 indexflt

160 1166 344 1236 competens,
363 1159 432 1236 quia
448 1159 525 1236 juris
541 1165 588 1220 est
607 1157 809 1234 principium:
833 1155 926 1234 depos
946 1158 980 1218 in
998 1155 1101 1234 opcndo
1119 1153 1162 1232 etr}

160 1249 258 1324 piraeo
270 1249 439 1322 arbitrium,
455 1248 584 1324 ey‘osdem
598 1247 754 1324 ncchmns
776 1254 881 1308 contro
902 1263 958 1308 nos
976 1247 1011 1307 in
1024 1245 1112 1308 cona
1121 1259 1165 1303 ct·
1245 1311 1246 1356 ἢ

160 1337 235 1414 potio
243 1337 394 1414 jadicirnn
406 1353 543 1398 recusare
557 1341 608 1412 (3),

191 1502 227 1568 (1)
241 1501 305 1569 Gap.
321 1503 350 1554 tr
362 1505 390 1556 et
403 1503 441 1563 18,
456 1503 490 1555 de
502 1502 552 1554 for.
567 1507 680 1568 compet.
691 1531 721 1542 -
734 1503 770 1570 (t)
784 1505 839 1570 Cep
864 1506 916 1558 5et
929 1507 955 1572 7,
971 1508 1016 1573 qui
1031 1505 1065 1556 111.
1080 1502 1165 1554 sintic-

160 1571 208 1638 git
225 1601 256 1612 -
269 1574 304 1639 (3)
321 1575 387 1626 Gan.
400 1576 421 1634 t,
432 1589 457 1626 c.
472 1576 495 1638 3,
511 1587 538 1640 q.
550 1575 574 1626 8.
589 1573 678 1636 Quare
689 1575 738 1627 ubi
751 1577 865 1628 clericus
881 1576 981 1628 laicum
995 1591 1080 1628 eoram
1088 1575 1165 1640 judica
1245 1593 1246 1612 2

160 1644 283 1697 saeculari
299 1646 448 1710 conveniet,
461 1646 556 1711 nequit
568 1645 596 1696 in
619 1659 701 1699 cansa
715 1648 865 1713 temporali,
880 1652 906 1699 et
925 1648 1000 1700 civiti
1014 1646 1072 1700 laici
1085 1659 1164 1699 recon-
1245 1701 1246 1708 ,

159 1715 311 1766 vectionem
326 1715 445 1782 effugere
456 1716 507 1768 tori
520 1715 692 1782 privilegium
707 1718 848 1783 allegando
866 1738 873 1770 :
888 1721 931 1770 est
946 1721 1019 1772 enim
1038 1731 1164 1771 reconven-
1245 1719 1246 1770 ζ

159 1784 197 1836 tio
213 1787 338 1852 quedam
354 1787 521 1840 detensionis
533 1789 648 1854 species,
663 1801 724 1854 quae
742 1803 788 1842 reo
803 1795 944 1850 convento,
960 1793 1036 1843 salva
1048 1789 1165 1855 equitate.
1245 1775 1246 1844 i

159 1854 243 1907 adimi
253 1870 308 1910 non
322 1863 430 1924 potest,
445 1859 524 1910 aliter
534 1873 596 1912 vero
614 1860 748 1912 obtineret
767 1861 795 1911 in
809 1875 891 1914 causa
910 1859 1056 1928 spirituali,
1078 1861 1108 1913 de
1123 1871 1167 1926 qut
1245 1865 1246 1918 ἓ

154 1925 240 1991 judex
252 1927 391 1982 secularis
402 1929 496 1996 nequit
509 1943 678 1996 cognoscere.
693 1929 829 1998 Zaltinger
842 1933 876 1985 de
888 1937 955 1986 mut.
968 1934 1043 2000 petit.

193 2144 255 2204 772.
276 2147 429 2224 Rostremo
449 2144 521 2206 illud
536 2152 581 2206 est
598 2147 773 2222 notandum,
789 2146 871 2222 quod
884 2147 936 2206 nbi
950 2147 1052 2224 plures
1066 2145 1118 2206 sint
1127 2145 1168 2220 jn-

156 2229 238 2290 dices
252 2240 467 2309 competentes,
489 2235 537 2295 vel
561 2235 686 2311 quaestio
706 2235 737 2295 in
753 2236 864 2311 judicio
879 2235 1125 2297 controvertenda
1137 2231 1170 2292 sit

154 2319 366 2397 minitentur
381 2325 554 2400 pragmatici
568 2325 681 2400 dicunt,
692 2326 784 2386 ‘locus
798 2332 845 2386 est
865 2326 1071 2402 praeverrtioni,
1090 2325 1127 2384 ita
1142 2327 1170 2380 nt

154 2407 202 2469 ille
215 2408 322 2472 debeat
331 2411 426 2486 judex
439 2413 477 2474 de
493 2431 583 2474 causa
602 2431 796 2490 cognoscere,
810 2415 866 2474 snb
879 2415 965 2490 cuius
977 2412 1171 2492 jurisdictione

153 2497 249 2572 prima
263 2499 362 2560 citatio
374 2502 574 2578 periectafuit
593 2522 600 2562 :
620 2520 690 2564 nam
702 2520 757 2580 per
771 2502 941 2563 citationem
955 2505 1117 2579 perfectam
1126 2503 1169 2576 jn-

97 2575 107 2595 *
153 2585 285 2648 risdictio
299 2587 330 2648 in
340 2589 442 2665 judice
455 2591 564 2652 citante
576 2591 778 2668 fltpcrpetua,
798 2601 828 2651 et
846 2593 931 2652 facile
953 2593 1014 2652 alia
1033 2588 1170 2670 posterior

157 2675 246 2736 etiem
259 2677 368 2753 judicia
388 2679 699 2756 competentiscitatio
714 2681 802 2756 facta,
821 2681 1045 2758 praeventionis,
1060 2686 1108 2741 aut
1119 2677 1171 2738 litis

155 2765 313 2838 pendentis
323 2769 512 2846 exceptione,
525 2767 666 2844 eliditur(
685 2773 706 2844 ).

186 2917 224 2986 (t)
236 2919 301 2988 Gap.
316 2923 354 2987 19,
369 2922 403 2976 de
418 2925 468 2980 for.
484 2929 594 3008 compet.
