2524 4080
619 215 776 274 ..303-

179 337 324 392 dicandum
336 337 372 392 de
383 338 498 405 pecunia
510 337 540 390 in
551 349 617 390 arca
628 335 759 392 Ecclesiae
771 341 935 398 contemta,
948 339 1012 405 quia
1025 339 1082 392 licet
1092 337 1172 390 hecle-

179 409 221 462 sia
234 421 331 460 aarum
343 409 451 471 habeat,
465 419 522 461 nott
533 411 565 462 ul
576 411 671 467 mel.
684 411 714 460 ut
727 410 765 460 ait
774 411 800 461 S.
815 409 984 472 Ambrosius,
998 409 1042 462 scd
1052 413 1078 462 nl
1089 411 1173 474 crepat.

178 479 391 534 aludcmiclt'n
401 479 611 534 medaban
624 482 688 532 Can.
707 480 747 539 ld,
762 493 785 532 c.
803 479 841 543 12,
856 493 882 546 q.
895 482 918 532 2.
933 481 993 532 Non
1006 483 1174 546 potesttamon

177 549 289 604 alienari
302 550 350 602 illa
361 550 483 616 mannia,
498 564 561 616 quas
572 551 600 602 in
610 563 675 602 arca
690 551 820 603 Ecclesiae
833 551 975 603 detinetur
987 552 1022 603 ad
1033 565 1087 602 rem
1095 550 1176 602 imnic-

177 623 271 682 bilem,
281 621 323 674 vel
334 621 461 674 mobilem
471 623 620 688 pretiosam
634 622 776 674 mendam
790 623 933 681 destinata.
951 635 1037 689 neque
1054 623 1098 673 illa
1107 635 1178 686 pecu-
1238 661 1241 670 ι

106 703 118 728 ·
177 695 306 760 uia,qum
326 693 354 746 ia
367 705 431 746 arce
444 694 564 760 aposita
577 707 625 759 per
637 694 748 745 modum
771 694 891 746 thesauri
910 708 961 760 pro
979 691 1180 746 extraordinariis

177 764 386 820 concinatur
408 769 592 830 conservitur,
605 765 670 832 quia
683 765 747 818 talis
771 765 887 832 pecunie
901 779 934 818 ex
953 766 1123 818 destinatione
1133 766 1180 829 jam

178 836 261 890 rebus
274 835 467 898 immobilibus,
480 835 523 888 vel
541 836 688 888 mobilibus
707 837 834 902 pretiosis
853 836 947 888 affecta
960 840 1058 888 manet.
1077 835 1122 888 cit.
1135 835 1180 886 Ex·

176 909 245 960 hav.
259 905 422 966 amicta.
435 911 464 960 et
475 905 655 973 Zallingerde
668 907 726 959 reb.
743 907 817 959 ldool.
832 906 912 960 alien.
927 907 941 974 1
956 909 1009 960 152.

212 1087 276 1144 tos.
295 1090 385 1146 holus
407 1081 514 1144 deinde
537 1082 589 1160 qui
608 1081 786 1162 prohibitam
814 1082 1024 1144 alienationem
1047 1081 1180 1144 continent

178 1179 248 1234 sont
258 1191 266 1234 ι
278 1179 310 1236 l⁰
320 1173 372 1246 illi,
387 1187 440 1248 per
451 1189 527 1248 quos
540 1173 661 1248 plenum
674 1171 719 1234 rei
729 1173 895 1232 dominium
909 1173 948 1232 ab
962 1172 1092 1234 Ecclesia
1102 1170 1183 1232 dimit·

178 1261 260 1336 titur,
287 1269 322 1322 ut
343 1261 475 1334 donatio,
503 1261 643 1335 venditio,
666 1263 855 1338 permutatio,
882 1261 1073 1335 condonatio,
1102 1259 1182 1319 cessio

175 1351 251 1428 juris
271 1352 320 1411 vel
338 1348 463 1410 actionis
475 1352 532 1424 (l);
557 1353 589 1409 2⁰
606 1349 657 1425 illi,
672 1365 727 1426 per
740 1363 817 1426 quos
834 1350 932 1411 minus
949 1350 1072 1425 plenum
1084 1349 1122 1410 rei
1140 1347 1184 1407 do·

179 1439 304 1500 minium
318 1440 356 1499 ab
374 1439 506 1500 Ecclesia
519 1437 550 1498 in
568 1439 657 1499 adnm
672 1440 858 1514 transfertur,
880 1445 914 1499 ut
934 1444 982 1498 est
1005 1435 1186 1514 emphyteusis

179 1533 396 1600 accusasti),
412 1531 444 1587 3ο
456 1527 508 1602 illi,
529 1543 585 1603 per
599 1544 676 1603 quos
691 1534 852 1604 utrumque
873 1527 1040 1588 dominium
1052 1525 1184 1598 minuitur,

178 1613 223 1678 uti
236 1622 282 1676 est
302 1616 410 1677 locatio
435 1615 585 1689 fflnlurna,
606 1612 761 1676 concessio
781 1615 925 1693 pignoris,
947 1617 996 1676 vel
1017 1617 1183 1694 hypotheca,

179 1704 440 1780 compromissum,
455 1701 626 1778 transactio,
642 1705 811 1765 constitutio
829 1706 1030 1779 ususfructus,
1053 1711 1103 1766 aut
1126 1705 1184 1764 alle·

178 1792 242 1853 ritas
253 1792 404 1854 terribilis
413 1797 472 1866 (3);
496 1799 527 1854 l·
539 1793 591 1867 illl,
612 1810 667 1870 per
680 1809 757 1870 quos
768 1793 847 1853 bona
861 1795 1002 1855 Ecclesia
1017 1794 1097 1855 laicis
1109 1792 1185 1867 subji-

177 1879 298 1962 ciuntur
311 1885 366 1955 (t):
387 1897 427 1942 ex
449 1882 557 1958 quibus
576 1889 708 1958 apparet,
736 1882 900 1958 prohibitas
922 1899 991 1944 esse
1009 1883 1119 1944 nedum
1129 1897 1187 1960 pro·

179 1969 271 2046 prins,
287 1971 339 2032 scd
353 1977 385 2031 et
397 1969 576 2048 improprias
589 1971 793 2032 alienationes.

211 2105 247 2173 (l)
262 2105 313 2160 cit.
324 2119 386 2174 cap.
399 2107 424 2170 5,
437 2105 471 2158 de
487 2107 544 2158 reb.
559 2105 631 2158 licol.
645 2106 723 2158 alien.
738 2107 766 2158 in
784 2120 837 2173 quc
859 2106 1037 2160 confirmatur
1049 2104 1186 2160 constitutio

180 2177 351 2244 imperatoris
363 2177 460 2230 Laome
470 2177 498 2228 in
511 2177 528 2228 l.
539 2177 665 2244 jabemur
679 2177 740 2230 eod.
754 2177 787 2230 dc
800 2177 847 2230 SS.
859 2178 932 2231 llcol.
949 2179 1001 2230 Hic
1015 2179 1187 2232 dubitaturus

181 2249 271 2314 legati,
288 2250 330 2302 vel
345 2247 511 2302 haereditatis
530 2249 683 2314 repudiatio
702 2251 737 2302 sit
750 2253 826 2301 actus
843 2249 959 2301 Proelato
974 2250 1133 2318 prohibitus.
1146 2247 1187 2298 ldn·

180 2321 225 2386 pel
237 2320 360 2386 affirmat,
371 2321 405 2374 de
417 2333 470 2374 rer.
478 2321 544 2372 eccl.
559 2320 640 2372 elien.
651 2333 678 2372 n.
689 2321 713 2380 9,
726 2321 791 2387 quie
800 2333 862 2372 vere
875 2321 1004 2372 Ecclesia
1020 2319 1190 2386 prejudicium

181 2390 277 2446 affert:
293 2392 333 2444 Da
348 2392 421 2444 Luca
436 2398 525 2456 negat,
543 2392 609 2444 disc.
627 2394 649 2454 l,
663 2391 696 2446 de
710 2392 791 2446 alien.
809 2406 835 2444 n.
853 2391 907 2454 122,
917 2389 1190 2458 quiaprchibitioalie

181 2463 264 2516 nandi
275 2463 385 2530 respicit
398 2465 522 2530 quesita,
538 2466 564 2515 et
579 2463 847 2530 conquerendam
869 2463 922 2515 duc
941 2461 1051 2516 diversa
1067 2460 1190 2514 suntalle·

181 2547 257 2595 nere,
271 2537 299 2587 et
310 2547 364 2586 non
378 2535 524 2600 acquirere.
540 2535 575 2585 At
585 2533 648 2585 licet
661 2534 794 2587 Praelatus
810 2533 849 2586 sio
862 2533 989 2600 legatum,
1004 2535 1049 2586 vel
1062 2531 1189 2585 heredita·

181 2611 236 2658 wm
245 2610 349 2658 tantum
363 2604 480 2656 deletam
495 2604 661 2670 repudiando
676 2619 739 2658 reus
754 2605 822 2656 forte
837 2617 892 2655 non
907 2605 953 2655 liat
972 2607 1067 2657 contra
1078 2605 1146 2668 leges
1158 2613 1190 2650 re·

182 2691 243 2730 rum
256 2678 500 2730 ecclesiasticarum
513 2676 703 2729 alienationem
718 2675 903 2740 prohibentes,
924 2690 986 2728 rcus
1003 2679 1076 2727 certe
1088 2675 1191 2738 eritgrt·
1237 2739 1238 2744 ἵ

182 2749 222 2800 vis
240 2747 402 2810 omissionis,
424 2753 558 2814 quatem
575 2746 704 2798 damnum
727 2747 856 2798 iloclcsiae
878 2747 979 2805 intulit,
1005 2747 1079 2812 quod
1101 2747 1191 2796 tenetin

183 2832 320 2884 reparare.
333 2844 364 2856 -
378 2818 476 2884 (2)(111.
490 2833 548 2886 cap.
565 2818 586 2877 1,
598 2823 625 2870 cl
638 2817 720 2870 Clem.
739 2820 760 2880 1,
776 2818 836 2872 eod.
847 2845 877 2858 -
888 2818 924 2882 (3)
935 2817 985 2870 cit.
996 2819 1103 2870 Extrav.
1116 2811 1190 2868 ladi-
1237 2827 1238 2878 1

183 2887 263 2942 licta.
291 2889 472 2940 Obserremns
495 2889 653 2941 locationem
675 2902 735 2941 asse
757 2888 928 2948 diuturnam,
954 2888 1063 2954 quando
1088 2887 1116 2938 it
1132 2883 1191 2936 ultra
1237 2883 1238 2941 l

183 2959 337 3019 triennium,
352 2961 379 3010 et
388 2958 566 3024 hypothecam
577 2972 610 3022 en
633 2959 810 3026 probabiliori
825 2959 960 3010 sententia
980 2971 1039 3011 esse
1056 2959 1128 3010 illam
1140 2959 1189 3005 tan·

183 3033 242 3082 tum
253 3029 427 3095 prohibitam,
441 3045 502 3097 quaa
516 3031 670 3096 specialiter
681 3031 709 3082 in
725 3031 816 3096 aliquo
830 3030 934 3097 predic
947 3029 1130 3082 constituitur:
1140 3036 1190 3076 nam
1236 2999 1237 3052 ¹

184 3102 213 3154 in
228 3103 273 3152 ott.
295 3115 354 3168 cap.
375 3103 398 3166 5,
422 3104 548 3170 specialis
569 3107 674 3154 tanturn
693 3103 843 3167 hypotheca
863 3101 1031 3170 prohibetur,
1054 3107 1081 3152 et
1094 3095 1189 3150 inclusio

184 3173 266 3224 unius
280 3177 322 3224 est
335 3174 454 3226 exclusio
473 3173 594 3229 alterius.
610 3174 699 3236 Quare
721 3173 872 3238 hypotheca
888 3173 1022 3238 generalis
1034 3185 1087 3224 non
1101 3169 1190 3220 ridetur

185 3243 331 3312 prohibite,
346 3258 407 3310 quae
427 3245 580 3296 necessaria
594 3251 635 3296 est
647 3243 773 3304 praelato,
787 3243 927 3300 utatilem
951 3247 1113 3296 contractum
1134 3237 1189 3290 inira
1235 3269 1236 3298 ι

186 3319 276 3382 queat,
291 3328 351 3367 cum
370 3315 416 3381 qui
431 3315 564 3367 contrahit
578 3329 607 3368 so
625 3321 653 3367 et
669 3329 719 3368 sua
732 3315 852 3379 obligare
866 3315 971 3368 debeat.
991 3315 1103 3380 Insuper
1115 3312 1139 3362 in
1151 3319 1188 3373 gt·

186 3387 272 3438 herali
285 3385 435 3452 hypotheca
448 3399 491 3436 res
510 3400 565 3438 non
584 3389 696 3440 manent
711 3386 749 3439 ita
768 3387 861 3440 stricte
884 3385 1020 3452 obligate,
1035 3381 1188 3451 quemadmo-

186 3455 251 3506 dum
265 3455 292 3506 in
305 3453 455 3520 hypotheca
469 3455 588 3530 speciali,
604 3470 666 3522 quae
684 3457 809 3510 inchoate
829 3457 955 3510 alienatio
970 3457 1024 3509 dici
1045 3456 1189 3522 potestant

188 3524 225 3573 ita
237 3524 316 3576 facile
330 3529 357 3574 in
367 3523 423 3582 illa.
439 3523 508 3576 siout
527 3525 555 3574 in
571 3525 624 3576 ista
634 3527 668 3578 ad
690 3529 729 3580 roi
743 3529 929 3594 oppignoratae
948 3527 1141 3580 distractionem
1151 3518 1188 3570 dt·

187 3593 273 3644 aenirl
286 3595 383 3658 potest
398 3593 478 3646 Unde
493 3595 628 3659 generalis
641 3598 819 3662 permittitur,
829 3602 857 3652 et
870 3592 995 3664 specialia
1006 3595 1146 3664 hypotheca
1157 3602 1190 3642 [θ’
