2494 4062
120 301 240 380 petierit
251 302 304 373 (l).
319 299 565 362 inlansinlucem
578 301 676 362 editus
691 303 790 380 potest
799 302 898 360 statim
904 295 1147 375 baptizarinuod

122 391 253 468 explicat
268 389 443 450 Benedictus
455 393 514 450 xlv
529 395 580 464 (i).
602 396 695 452 Immo
720 389 839 466 expedit
859 389 896 448 ad
915 395 1034 450 aeternae
1046 384 1147 446 salutis

124 479 313 556 dispendium
323 479 528 554 avertendum,
543 485 577 540 ut
591 495 680 557 qrram
695 478 824 556 primum
836 477 994 540 commode
1007 476 1073 538 fleri
1085 479 1147 554 pot·

125 568 190 642 erit,
205 568 396 645 baptizetur(
416 573 437 644 ).

159 657 222 717 sitii
241 657 414 733 infidelium,
427 665 461 718 ut
478 656 640 736 gentilium,
656 661 707 717 aut
727 657 906 734 judaeorum,
923 653 1012 716 etiam
1027 649 1147 713 invictis

129 745 307 822 parentibus,
323 754 449 824 possunt
461 745 614 823 baptizari,
631 745 656 806 si
670 745 793 808 rationis
806 744 864 806 sint
875 749 1039 820 compotes,
1054 747 1084 804 et
1093 742 1147 802 ba·

114 835 268 912 ,ptismum
282 841 402 910 petant,
423 835 449 896 si
469 853 544 896 vero
563 833 687 895 rationis
707 851 765 894 usu
786 833 884 893 adhuc
907 836 1038 905 careant,
1051 827 1150 890 invitis

130 924 313 1000 parentibus,
326 924 469 1000 baptizari
482 924 658 1002 regulariter
678 929 840 1000 nequeunt,
857 921 927 1000 quia
948 920 998 981 lilii
1019 921 1076 980 sub
1095 935 1148 996 pa-

129 1013 180 1073 tria
201 1019 272 1073 sunt
298 1019 445 1090 potestate
459 1019 628 1090 parentum,
645 1029 712 1089 quae
729 1011 796 1072 laedi
819 1027 880 1071 non
900 1009 998 1084 debet,
1024 1023 1150 1086 quaeqne

130 1103 195 1162 laesa
207 1102 391 1164 sacramenti
404 1101 640 1180 profanationem
655 1106 831 1178 procuraret
843 1115 913 1159 cum
927 1097 1040 1174 majore
1052 1095 1150 1172 bapti·

133 1198 260 1252 natorum
278 1191 462 1268 praeiudicio.
488 1191 572 1252 Unde
595 1192 617 1250 si
636 1208 702 1268 quae
722 1190 829 1250 devota
851 1187 977 1261 iaemina,
998 1192 1031 1246 nt
1054 1184 1149 1262 magis

132 1282 243 1354 assolet,
260 1280 359 1340 studio
377 1279 528 1340 charitatis
551 1280 639 1354 clam,
655 1286 707 1340 aut
729 1278 867 1355 privatim
889 1275 976 1336 alicui
988 1274 1150 1335 infidelium
1236 1285 1240 1292 '

131 1385 219 1444 puero
239 1368 423 1445 baptismum
442 1371 585 1444 conferat,
606 1369 694 1428 debet
715 1367 878 1428 arbitrariis
896 1365 995 1443 poenis
1015 1361 1150 1440 ajudice

130 1457 325 1518 eeclesiastico
336 1457 449 1534 puniri,
462 1459 516 1518 sed
527 1458 693 1536 baptismus
708 1457 834 1516 collatus
845 1457 934 1528 valet,
945 1461 974 1514 et
985 1452 1150 1529 baptizatus

128 1546 164 1605 ab
175 1547 346 1606 infidelibus
359 1547 532 1623 parentibus
551 1557 597 1608 est
611 1546 804 1622 separandus,
821 1550 851 1606 et
871 1543 951 1621 apud
971 1541 1151 1604 Christianos

126 1633 155 1693 in
172 1634 317 1695 catholica
330 1633 390 1694 fide
407 1632 606 1707 educandus(
625 1638 647 1702 1.

159 1723 244 1796 Quod
258 1729 358 1783 autem
372 1721 536 1782 infidelium
550 1722 686 1794 infantes,
702 1719 801 1781 invitis
812 1719 994 1796 parentibus,
1007 1715 1150 1796 baptizari

126 1817 283 1887 nequeant,
299 1809 457 1870 limitatur:
479 1815 509 1868 1ο
523 1810 548 1869 si
570 1809 697 1869 infantes
721 1807 780 1868 sint
801 1808 830 1867 in
853 1815 936 1868 certo
959 1814 988 1869 et
1009 1806 1149 1884 proximo

125 1899 227 1960 mortis
249 1897 381 1975 periculo
398 1897 550 1957 constituti
566 1901 624 1970 (5),
642 1901 673 1956 2⁰
688 1897 782 1956 sisini
796 1897 999 1974 aparentibus
1013 1893 1149 1972 projecti,

125 1995 154 2049 ct
170 1989 200 2047 in
213 1991 283 2049 1010
298 1987 419 2065 publico
443 1986 577 2046 derelicti
596 1987 709 2062 absque
734 2003 786 2047 eos
807 1985 1005 2062 recuperandi
1026 1985 1149 2057 animo;

124 2081 153 2137 3ο
166 2077 190 2136 si
203 2077 264 2136 sint
284 2081 431 2154 perpetuo
453 2081 597 2147 amentes,
614 2091 684 2134 nam
707 2081 805 2134 cessat
819 2073 1019 2151 perversionis
1033 2073 1149 2150 pericu-

125 2167 248 2239 111111ς1ο
270 2165 296 2224 si
316 2165 376 2224 sint
394 2163 517 2224 inbelle
532 2164 621 2240 capti,
637 2179 706 2224 nam
719 2161 853 2223 incidunt
866 2163 896 2221 in
910 2169 1088 2239 potestatem
1105 2161 1150 2221 vi·

124 2255 233 2328 cteris,
258 2259 290 2314 5⁰
304 2253 329 2314 si
343 2270 421 2314 unus
436 2269 475 2313 ex
489 2252 672 2328 genitoribus
687 2252 862 2324 consentiet,
879 2251 936 2312 alio
957 2251 1046 2311 etiam
1061 2268 1151 2327 repu-

124 2350 235 2426 gpente
249 2346 311 2417 (6);
332 2349 362 2402 et
382 2347 412 2402 6⁰
434 2341 475 2416 si,
490 2348 576 2418 patre
596 2347 726 2416 mortuo,
741 2341 908 2400 consentiat
927 2331 1011 2415 avus,
1026 2341 1073 2399 vel
1087 2337 1153 2400 avia

127 2440 263 2510 paterna,
279 2433 369 2494 etiam
382 2419 688 2509 repugnante'matre,
701 2436 731 2508 et
744 2429 891 2490 tutoribus
905 2435 916 2504 l
935 2432 956 2500 ).

154 2639 190 2706 (t)
207 2639 272 2708 Cap.
287 2641 311 2704 3,
325 2639 355 2692 in
369 2638 415 2692 tin.
431 2637 464 2691 de
477 2637 578 2704 baptis.
594 2637 661 2693 Cum
685 2640 775 2689 tamon
789 2636 943 2689 adultorum
957 2634 1085 2701 baptismi
1098 2633 1150 2686 dil-

122 2712 256 2765 ilcultates
274 2713 366 2780 plures
378 2710 483 2778 possint
493 2709 605 2768 habere,
621 2709 758 2775 sapienter
769 2708 943 2760 constitutum
954 2707 1005 2758 luit
1016 2708 1044 2756 in
1057 2706 1153 2757 ultima

124 2783 262 2836 (lennensi
277 2783 431 2834 dimcesana
444 2780 561 2846 Synodo,
575 2781 723 2844 parochum
736 2794 791 2831 non
814 2793 904 2845 posse,
919 2777 1070 2830 inconsulto
1085 2777 1151 2841 Epi-

121 2867 215 2921 scopo,
230 2854 353 2906 adultum
369 2853 515 2918 baptizare.
530 2851 695 2903 Missionarii
717 2857 806 2903 tamen
822 2851 986 2916 inpartibus
1003 2849 1152 2900 infidelium

121 2925 325 2980 cramaculos
346 2924 493 2991 baptizant.
508 2924 562 2977 Sed
586 2937 619 2974 ex
642 2924 870 2975 declarationibus
885 2923 911 2972 S.
931 2920 1041 2975 Officii:
1061 2919 1084 2970 l·
1098 2933 1153 2970 non

122 3001 165 3050 est
178 2998 285 3050 licitum
306 2997 445 3062 baptizare
470 2995 576 3047 adultos
600 2995 722 3047 infideles
736 2996 840 3061 absque
853 2995 945 3046 debite
962 2993 1153 3058 mysteriorum

123 3069 186 3122 fidel
210 3068 410 3133 instructione3
432 3067 458 3117 2⁰
471 3081 527 3119 non
548 3065 648 3118 sufficit
669 3067 703 3118 ad
723 3067 822 3118 dictam
837 3059 1038 3116 instructionem
1053 3075 1151 3127 cogno-

124 3154 198 3194 scere
213 3141 301 3192 Deum
315 3143 555 3197 remuneratorem,
566 3141 593 3190 et
605 3137 816 3197 vindicatorem,
832 3136 880 3187 sed
901 3135 1048 3202 requiritur
1060 3132 1150 3197 cogni-

124 3213 161 3264 tio
182 3211 313 3274 omaium,
333 3223 394 3276 quae
413 3209 568 3261 necessaria
591 3212 653 3260 sunt
675 3209 834 3260 necessitate
850 3208 933 3258 medii
952 3209 1030 3272 juxta
1043 3208 1152 3269 captum

123 3283 289 3348 baptizandi,
304 3286 332 3334 et
343 3282 458 3334 maxime
480 3280 547 3332 fides
565 3281 593 3330 in
616 3282 648 3332 D.
663 3281 757 3332 desum
772 3280 928 3340 Christum
948 3279 973 3328 3·
990 3273 1151 3328 Missionarii

123 3356 225 3408 debent
236 3355 398 3420 baptizando
414 3352 574 3404 moribundo
597 3353 723 3404 intimare
746 3352 835 3404 omnia
848 3355 984 3416 praeccpta
998 3349 1065 3412 legis
1079 3345 1151 3410 posi-

125 3428 196 3490 tivae,
211 3431 240 3480 et
255 3430 373 3478 maximo
385 3438 424 3484 aa,
436 3425 536 3492 quibus
551 3425 637 3490 magis
650 3419 1041 3488 111131111111111001111101·,1ο
1055 3415 1153 3468 debent

124 3499 265 3566 baptizare
281 3497 331 3550 sub
348 3495 508 3564 conditione,
523 3495 547 3548 si
561 3495 694 3560 dubitent,
708 3507 743 3545 an
760 3493 868 3545 adultus
883 3494 912 3543 in
925 3489 1043 3555 periculo
1057 3487 1151 3538 mortis

125 3569 292 3626 sufficienter
304 3567 433 3638 mysteria
457 3565 520 3622 lidei
533 3569 687 3636 eognoscat.
703 3565 770 3620 Hac
789 3565 828 3616 lta
841 3578 858 3617 a
870 3561 996 3630 pluribus
1008 3556 1152 3611 decisioni-
