2524 4080
476 237 670 326 5„-

88 357 329 432 rcrrpromissarii
349 357 546 443 appellantur.
575 357 682 418 Arbitri
700 359 862 420 necessarii
883 359 1063 437 deputantur
1080 380 1100 421 a

84 445 155 520 iure,
169 451 204 505 ut
222 445 252 504 in
270 446 351 507 dicto
369 463 440 507 casu
451 445 559 524 iudicis
579 449 720 526 suspecti,
735 448 765 508 in
786 465 858 509 casu
879 447 1026 526 Episcopi,
1049 449 1100 527 qui

87 549 152 593 eum
169 533 285 594 subdito
306 536 541 597 controversiam
555 537 654 613 habet,
670 545 701 598 et
718 538 749 596 in
770 553 851 612 casu,
868 555 927 614 quo
940 540 1041 616 plures
1051 541 1099 615 jn·

88 619 165 682 dices
177 623 302 700 delegati
314 641 405 700 super
413 623 603 687 revocatione
613 626 779 688 litterarum
791 627 1025 703 Apostolicorum
1039 645 1099 690 non

88 711 268 772 consentiant
280 717 330 786 (ἓ).
343 713 450 774 Arbitri
459 731 533 774 vero
544 715 700 776 voluntarii
710 734 729 775 a
739 715 875 792 partibus
886 716 1023 793 deputari
1037 733 1103 792 pos·

88 799 195 860 suntin
208 801 290 861 omni
304 818 394 862 causa
408 819 468 862 non
482 803 651 880 prohibita,
668 809 698 864 at
717 803 912 880 prohibentur
926 821 1025 864 causae
1037 821 1101 864 ma·

46 937 52 954 .
88 888 324 965 trimoniales(3),
340 890 506 952 criminales
516 899 568 967 (t),
578 900 608 952 ct
621 893 819 967 beneficiales,
830 910 868 953 ne
880 892 967 953 detur
979 891 1103 954 vitiosus

88 976 235 1054 ingressus
255 980 294 1041 ad
306 980 469 1054 beneficia,
484 998 581 1041 causae
591 983 719 1058 majores
732 998 848 1042 summo
861 981 996 1042 Pontifici
1006 998 1101 1042 reser-

89 1072 159 1126 vatae
172 1073 213 1142 (5)
227 1086 236 1143 ς
251 1075 281 1130 et
292 1085 391 1129 causae
404 1085 471 1146 qnae
490 1070 604 1130 nullum
617 1070 770 1130 continent
782 1070 904 1131 dubium
915 1089 922 1128 :
937 1085 1007 1128 nam
1020 1084 1104 1129 com-

88 1156 264 1229 promissum
285 1156 316 1216 in
334 1157 461 1218 arbitros
482 1159 688 1238 transactionis
705 1165 805 1220 actum
826 1157 966 1229 innitatur,
982 1173 1048 1234 quae
1066 1156 1104 1217 de

87 1258 119 1304 re
131 1244 218 1306 dubia
235 1251 349 1306 tantum
361 1246 427 1308 fleri
439 1251 547 1324 potest,
564 1253 597 1308 ut
611 1263 701 1324 supra
709 1249 772 1324 jam
784 1247 911 1308 vidimus
925 1249 976 1320 (6).

116 1365 149 1429 (ll
162 1365 229 1419 Inst.
241 1367 306 1419 Gan.
320 1367 368 1420 lib.
380 1368 404 1427 3,
416 1371 435 1419 t.
450 1367 509 1433 lm
521 1367 547 1419 l.
557 1395 589 1406 -
599 1369 632 1434 (i)
646 1369 712 1436 (top.
725 1369 764 1434 tt,
774 1369 807 1421 da
817 1368 941 1435 rescript.
952 1395 983 1408 -
994 1367 1029 1434 (3)
1039 1368 1103 1434 Cap.

88 1437 271 1574 ρθιέὢὶῑΝᾱὲἐὲι
284 1439 367 1506 integ.
380 1440 467 1492 restit.
476 1467 508 1480 -
520 1441 553 1506 (tt
570 1439 634 1508 Cap.
643 1440 669 1503 9,
680 1440 741 1493 aod,
752 1468 780 1480 -
793 1440 829 1506 (5)
843 1441 909 1506 Gap.
919 1442 945 1506 ὁ,
958 1439 993 1492 da
1008 1439 1104 1491 arbitr.
1125 1469 1134 1490 .

121 1673 182 1734 rte.
202 1673 276 1734 Cum
294 1669 397 1732 arbitri
414 1671 544 1733 referant
554 1669 689 1748 iudicum
709 1669 877 1746 imaginem,
892 1667 1012 1730 illorum
1025 1668 1106 1730 arbi-

89 1755 142 1818 tria
161 1776 179 1821 a
197 1758 314 1834 legibus
332 1759 472 1822 dicuntur
486 1761 525 1821 ad
546 1760 683 1834 formam,
697 1765 728 1820 et
740 1759 962 1820 similitudinem
978 1758 1105 1834 judicio-

88 1860 152 1906 mm
171 1846 314 1908 instituta.
329 1850 388 1909 Sed
405 1850 471 1910 baec
479 1849 591 1924 imago,
609 1855 640 1910 et
653 1847 813 1915 similitudo
826 1849 857 1908 in
871 1848 935 1908 aliis
948 1854 995 1908 est
1007 1850 1105 1923 perte·

4 2015 5 2020 ἵ
90 1933 170 2010 ctior,
185 1942 215 1996 et
228 1936 261 1996 in
275 1937 339 1996 aliis
352 1937 451 1998 minus
464 1938 606 2014 perlecta.
622 1937 671 2000 Sic
684 1937 794 1996 arbiter
808 1937 995 1997 necessarius
1009 1937 1047 1996 ad
1060 1936 1106 1996 in·

4 2037 5 2052 ¹
90 2025 147 2082 star
156 2023 266 2100 judicis
277 2025 341 2086 dari
354 2031 451 2102 potest
464 2024 583 2100 invitus,
597 2023 841 2104 iurisdictionem,
854 2030 884 2086 ct
896 2025 1107 2085 coercitionem

88 2109 183 2184 babet,
197 2119 232 2174 ut
250 2121 351 2190 partes
364 2113 444 2188 citet,
459 2121 650 2176 contumaces
663 2114 776 2191 puniat,
790 2120 882 2174 testes
901 2114 940 2174 ad
952 2113 1107 2175 terendum

89 2201 286 2264 testimonium
304 2203 411 2279 adipat,
424 2211 455 2264 et
474 2203 677 2266 inobedientes
690 2203 789 2264 dehita
811 2218 902 2278 poena
921 2203 1032 2278 plectat
1045 2206 1105 2275 (t);

88 2287 204 2368 insuper
234 2293 411 2354 sententiam
441 2293 554 2368 profert
575 2289 799 2366 obligatoriam,
823 2307 841 2348 a
864 2306 924 2365 qua
948 2289 1107 2368 appellatio

90 2379 249 2442 admittitur
261 2382 300 2442 ad
314 2386 424 2458 Papam
438 2384 489 2454 (ἓ).
505 2381 553 2440 Sic
573 2379 683 2439 arbiter
696 2377 880 2439 voluntarius
899 2378 989 2438 habet
1010 2395 1108 2439 causae

91 2466 143 2528 sibi
159 2485 199 2530 ex
217 2471 433 2547 compromisso
453 2471 609 2545 assignata
630 2468 792 2540 notionem,
807 2465 875 2526 licet
892 2465 1106 2543 jurisdictione,

91 2563 119 2616 ct
131 2559 309 2620 coercitione
324 2566 441 2633 careat3
457 2559 488 2618 in
502 2574 593 2635 causa
606 2555 751 2634 procedit,
766 2561 885 2615 servato
900 2555 976 2631 juris
990 2553 1108 2628 ordine,

91 2647 141 2706 sed
152 2647 263 2709 invitus
275 2665 337 2709 non
354 2649 470 2726 cogitur
483 2648 521 2708 ad
534 2646 782 2723 compromissum
791 2644 1022 2720 acceptandum3
1038 2659 1108 2702 sen·

90 2736 210 2798 tentiam
224 2740 348 2816 profert,
362 2739 417 2799 sed
430 2738 468 2798 ab
481 2755 516 2796 ea
530 2733 687 2814 appellatio
702 2751 763 2794 non
779 2733 867 2794 datur
880 2737 930 2806 (3).
947 2737 1058 2793 Horum
1072 2749 1109 2792 ee

91 2825 163 2886 ratio
177 2834 233 2902 est,
250 2826 443 2903 quialarbiter
456 2825 642 2886 necessarius
657 2822 845 2885 constituitur
859 2823 963 2897 alege,
978 2820 1041 2880 siro
1054 2837 1110 2881 au-

92 2914 225 2977 ctoritate
238 2916 377 2994 publica;
393 2915 575 2976 voluntarius
595 2930 667 2974 vero
689 2931 707 2972 a
725 2911 854 2988 partium
873 2927 1031 2984 consensu,
1047 2909 1110 2970 sive

92 3006 263 3066 auctoritato
281 3004 397 3081 privata
415 3007 466 3077 (4).
492 3004 642 3064 Sententia
662 3001 841 3062 arbitrorum
854 3000 1017 3076 appellatur
1032 2999 1109 3058 Lou-

93 3091 171 3168 dttrn,
191 3095 272 3171 quod
284 3094 371 3155 etiam
382 3093 414 3152 in
425 3109 498 3152 casu
509 3093 688 3152 arbitrorum
699 3089 934 3150 voluntariorum
945 3093 991 3147 est
1004 3087 1110 3146 obser-

93 3183 230 3258 vandum,
243 3183 298 3243 nisi
310 3199 379 3260 pars
392 3184 462 3243 laesa
474 3182 550 3242 intra
567 3181 673 3241 decem
683 3179 747 3240 dies
759 3179 882 3239 laudum
895 3193 998 3237 coram
1010 3173 1110 3250 jndice
1214 3203 1218 3211 ι

15 3263 17 3268 ’
94 3271 240 3334 ordinario
254 3279 339 3334 curet
357 3273 395 3332 ad
416 3270 488 3331 boni
505 3270 561 3330 riri
580 3269 734 3330 arbitrium
749 3267 875 3340 reduci;
895 3267 968 3326 abas
987 3263 1111 3323 laudum

94 3357 250 3423 haberetur
271 3363 314 3422 uti
336 3361 569 3438 homoiopctum,
593 3358 655 3420 sive
674 3359 880 3435 approbatum.
903 3359 966 3414 itoc
989 3350 1110 3428 quidem

67 3469 72 3476 ·
94 3450 224 3524 procedit
233 3452 265 3512 in
277 3467 350 3512 vero
364 3449 485 3524 arbitro,
499 3465 561 3509 non
575 3454 675 3510 autem
688 3447 719 3508 in
733 3446 918 3514 arbitrarere,
932 3441 983 3519 qui
996 3439 1109 3501 consti·

94 3535 182 3618 tuitrn
194 3555 256 3602 non
268 3544 302 3600 ut
318 3538 440 3616 iudicet,
460 3539 514 3598 sed
531 3543 565 3598 ut
583 3536 708 3598 aestimet
721 3553 770 3596 ex.
784 3551 830 3612 gr.
851 3533 922 3610 quid
935 3531 973 3592 sit
991 3545 1110 3609 equum

95 3626 264 3705 imbuam,
278 3629 327 3694 rat
340 3643 478 3708 quarnmu
490 3627 549 3692 sint
562 3644 634 3692 vera
648 3625 744 3703 pratia
756 3637 858 3694 tetum
871 3623 923 3694 (5).
