2560 4080
563 139 722 198 ..ffl-

130 261 223 320 m
246 259 386 322 nemer
403 260 439 322 eo
455 210 569 322 ¹‹riaroo
592 262 725 336 amco,
747 257 1152 330 insenescentem

130 348 306 424 regulariter
323 349 413 410 tidem
426 365 488 410 non
500 350 612 412 indunt
625 353 678 422 (8).

161 491 197 555 (1)
210 490 305 542 citatio
321 490 512 556 obligationem
532 494 659 558 importet
671 495 734 546 ente
752 493 873 560 judicem
890 492 1087 558 comperendi';
1101 493 1152 544 sed

130 564 213 614 testes
226 575 260 614 ex
278 564 342 628 jure
354 565 492 616 canonico
506 564 540 616 ed
552 561 735 617 testimonium
749 565 889 617 serendum
906 562 1070 629 regulariter
1091 563 1151 628 cogi

129 645 184 684 non
198 632 306 693 dabam,
321 637 352 686 ut
361 637 466 690 eruitur
478 648 511 687 ex
526 649 585 702 cop.
602 637 611 688 l
626 639 654 690 et
668 636 691 695 ³,
706 637 741 687 de
757 640 819 688 test.
834 636 944 702 cogend.
959 635 1072 687 reinon.
1084 634 1153 687 Hac

129 706 220 756 temen
236 706 330 770 regula
342 707 526 773 exceptionem
545 708 666 774 petitura
683 710 706 759 1·
722 709 746 759 si
759 709 837 760 testis
855 707 916 759 odio
932 706 975 758 vel
993 707 1090 771 gratie,
1106 706 1151 757 vel

129 774 224 826 timore
238 776 421 830 testimonium
435 777 523 830 dicere
536 785 639 830 renuet.
655 780 719 847 (lep.
739 781 758 843 t,
774 779 843 830 eod:
855 780 881 832 2·
897 779 920 830 si
933 779 988 830 elia
1000 777 1071 829 desit
1084 791 1148 843 pro·

126 845 209 898 botin.
225 847 289 912 Cep.
309 848 330 908 1,
345 852 373 900 et
385 850 433 900 ult.
452 849 511 902 eod.
523 849 572 901 His
587 850 697 915 quidem
704 850 815 902 casibus
830 851 915 902 laicus
926 851 1031 914 cogitur
1043 863 1092 914 per
1107 862 1152 900 ex-

126 919 404 984 communicationem,
426 925 454 973 et
475 921 589 973 clericus
612 935 661 987 per
681 923 895 988 suspensionem·
914 921 978 986 Cep.
1001 920 1152 982 80011-

124 987 161 1052 (8)
175 989 239 1056 Cep.
254 991 278 1054 8,
287 990 320 1043 de
331 992 420 1043 testib.
430 1017 462 1032 -
473 992 510 1057 (3)
519 993 584 1059 Cep.
598 994 622 1052 2,
633 992 693 1045 eod.
709 994 914 1060 Excipetamen,
923 992 1039 1044 nitentes
1049 992 1076 1042 in
1089 1005 1153 1043 cnu-

125 1072 157 1112 sa
173 1060 308 1114 criminali
325 1065 512 1116 examinentur
522 1079 571 1130 pro
586 1065 775 1118 informatione
784 1065 883 1128 Curiae,
898 1067 926 1115 in
937 1077 990 1132 quo
1004 1078 1070 1116 casu
1083 1077 1151 1116 exe-

125 1133 264 1184 mioentur
282 1135 373 1186 stetim
387 1138 448 1200 post
459 1135 702 1194 denunciationem,
716 1149 770 1187 non
784 1137 866 1188 citata
879 1139 963 1200 parte,
978 1135 1051 1200 quod
1067 1135 1151 1185 indu·

125 1205 199 1253 ctum
213 1206 262 1264 est,
276 1218 310 1257 ne
324 1211 405 1272 queat
416 1219 478 1258 reus
492 1209 576 1258 testes
591 1207 749 1266 subornare,
763 1207 806 1258 vel
819 1207 911 1271 sugam
921 1219 1071 1270 capescere.
1087 1205 1150 1256 Pel·
1231 1227 1239 1247 ι

125 1275 246 1342 tegridus
270 1279 340 1343 part.
366 1277 390 1342 1,
411 1283 476 1329 sect.
491 1277 516 1341 1,
530 1290 557 1329 n.
584 1277 593 1327 1
612 1282 639 1330 et
664 1279 687 1328 8.
705 1300 737 1316 —·
750 1277 785 1343 (1)
811 1277 875 1344 Cep.
890 1277 931 1340 51,
955 1277 989 1329 de
1007 1276 1095 1328 testib.
1121 1303 1150 1314 -

125 1347 162 1411 (5)
174 1347 238 1399 [lon.
252 1348 290 1410 15,
301 1361 325 1399 c.
341 1347 364 1407 8,
377 1361 404 1414 q.
421 1349 447 1400 9.
816 1392 823 1398 .
982 1380 984 1386 ι

160 1535 223 1592 808.
245 1537 373 1608 Recepta
389 1549 442 1609 per
458 1532 601 1608 jndicem,
621 1539 651 1593 et
675 1532 705 1592 in
726 1503 902 1609 scripturam
916 1548 972 1607 per
985 1533 1050 1609 ejus
1063 1537 1151 1592 nota-

124 1621 203 1681 rium
215 1620 337 1680 reuecta
350 1621 434 1682 testis
444 1620 605 1698 responsio
616 1628 661 1682 eet
674 1620 770 1681 eidem
784 1622 925 1694 tenenda,
937 1627 970 1680 ut
986 1621 1095 1691 videat,
1109 1639 1149 1681 an

124 1707 231 1768 debeat
244 1707 355 1783 aliquid
369 1709 398 1769 in
413 1710 473 1768 tine
496 1708 669 1786 adjungere,
690 1716 741 1770 aut
766 1710 933 1783 detrahere,
952 1715 1005 1769 aut
1021 1717 1147 1783 mutare,

124 1797 205 1856 salva
226 1804 365 1858 manente
381 1797 477 1874 prima
490 1798 640 1873 scriptura
653 1814 722 1858 cum
740 1798 876 1874 apposita
890 1804 979 1871 nota3
994 1804 1040 1857 est
1060 1797 1149 1858 etiam

123 1902 178 1962 per
187 1885 328 1960 jndicem,
338 1885 496 1962 ipsumque
512 1893 617 1948 testem
634 1887 834 1963 subsignanda
850 1905 856 1946 ε
871 1893 901 1947 et
913 1886 995 1960 inde,
1014 1886 1058 1946 sio
1072 1903 1146 1947 exa-

122 1972 241 2034 minatis
254 1974 378 2034 testibus
392 1974 582 2051 probatoriis,
604 1979 633 2034 et
653 1975 865 2052 reprobatoriis
880 1980 931 2048 (t),
947 1976 1081 2035 omnium
1094 1974 1146 2034 de-

122 2062 284 2138 positiones
297 2080 392 2139 usque
405 2064 442 2124 ad
464 2081 568 2124 earum
583 2063 814 2140 publicationem
834 2066 942 2125 clausae
955 2080 1050 2140 penes
1068 2063 1148 2139 judi·

122 2167 190 2212 cem
216 2152 404 2211 asservandae
427 2158 506 2225 sunt,
527 2152 621 2211 need
644 2153 773 2228 partium
799 2152 933 2212 notitiam
960 2153 1147 2228 perveniant.

121 2243 209 2299 Facta
222 2257 293 2300 vero
308 2240 414 2300 harum
428 2240 647 2315 depositionum
663 2241 874 2318 publicatione,
894 2242 1071 2318 regulariter
1086 2260 1147 2301 non

121 2327 190 2389 licet
203 2329 330 2406 amplius
341 2328 415 2388 alios
429 2336 520 2389 testes
533 2328 637 2388 audire
655 2346 745 2405 super
760 2329 866 2390 iisdem
881 2329 1024 2404 articulis,
1040 2332 1088 2391 vel
1103 2331 1149 2390 di-

121 2424 203 2478 recte
215 2418 372 2478 contrariis
387 2423 438 2492 (8).
662 2405 673 2434 ⁸

150 2571 187 2637 (1)
199 2572 293 2624 Testes
312 2571 439 2623 dicuntur
453 2569 611 2638 probatoria
625 2572 673 2636 qui
693 2571 728 2622 ed
754 2584 864 2622 causam
887 2571 1068 2636 principelem
1082 2586 1147 2639 pro·

120 2643 238 2695 bundam
252 2643 336 2709 super
360 2643 482 2694 articulis
497 2643 731 2708 comprobatoriis,
750 2643 793 2694 vel
815 2642 1026 2694 additionelibus
1044 2643 1133 2709 produ
1143 2660 1155 2684 ν

119 2720 227 2776 cuntur,
242 2719 269 2766 et
285 2713 475 2785 reprobnton‘i,
491 2714 537 2779 qui
561 2727 643 2780 super
658 2715 785 2780 capitulis
801 2713 1022 2779 objectionulibus
1046 2716 1147 2780 produ·

120 2791 219 2837 cuntur
235 2791 328 2838 contre
352 2786 420 2836 alios
432 2788 517 2836 testes
530 2785 708 2850 probatorios,
719 2785 760 2836 vel
779 2785 979 2849 reprobatorios
996 2787 1031 2836 ad
1050 2799 1146 2838 eorum

119 2855 318 2907 inhabilitatem
338 2857 592 2916 demonstrandam
612 2858 650 2906 ite
667 2861 698 2906 ut
720 2856 800 2908 liceat
819 2869 874 2916 reo,
892 2857 975 2907 semel
998 2859 1148 2922 reprobare

120 2931 204 2978 testes
218 2927 327 2985 actoris,
342 2931 369 2978 et
383 2927 446 2979 huic
459 2928 555 2978 iterum
571 2927 654 2978 semel
671 2932 756 2978 testes
769 2928 819 2987 rei,
830 2930 858 2978 et
870 2941 923 2987 non
930 2927 1016 2978 nitra.
1030 2931 1095 2993 Gap.
1106 2931 1146 2989 19,

118 2999 152 3050 de
168 2998 257 3049 testib.
274 3025 304 3037 -
319 2999 354 3064 (8)
372 2999 434 3064 Gap.
453 2999 490 3059 15,
512 2999 548 3058 ll,
561 2998 596 3056 18,
611 2998 639 3050 31
659 3002 686 3050 et
700 2999 739 3063 19,
751 2998 784 3050 de
798 2999 887 3050 testib.

153 3170 216 3227 809.
232 3171 446 3228 Contra·testes
459 3183 498 3226 ex
514 3167 640 3227 adversa
654 3170 739 3241 parte
755 3165 919 3242 productos
932 3165 1041 3225 dantur
1055 3183 1146 3227 exee-

118 3256 247 3332 ptioneS,
261 3255 324 3316 sive
337 3257 474 3331 repulsae,
491 3271 616 3330 quarum
631 3255 695 3314 nliae
710 3260 933 3314 contractorum
947 3270 1107 3329 personas,
1118 3264 1147 3316 et

118 3345 182 3404 eliae
196 3350 300 3404 contra
314 3345 447 3420 ipsorum
465 3361 588 3419 resposa
611 3343 796 3420 diriguntur3
817 3343 870 3404 sed
884 3343 940 3404 illae
955 3351 1025 3403 ante
1047 3346 1146 3421 publi-

118 3432 266 3492 cationem
288 3431 508 3492 attestationum
518 3438 586 3490 sunt
600 3431 814 3508 proponendae,
830 3431 934 3508 paucis
954 3449 994 3492 ex
1011 3433 1081 3508 jure
1095 3451 1146 3493 ca·

117 3517 227 3602 norico
241 3519 375 3594 exceptis
389 3518 508 3580 ossibus
523 3522 583 3592 (1);
599 3519 657 3582 illae
671 3536 744 3582 vero
757 3537 853 3598 usque
866 3521 906 3582 ad
919 3521 1145 3586 conclusionem
