2410 4068
601 165 760 226 ..203-

180 353 183 360 ‚
205 292 241 359 (Ι)
256 291 366 357 Riganli
378 291 413 344 ed
427 301 483 356 reg.
498 291 523 354 i,
538 289 644 344 cancel.
661 303 688 342 n.
705 290 721 342 5
736 292 764 343 et
775 289 815 343 23.
840 289 890 342 ilat
902 291 993 342 omen
1006 288 1177 352 adoohmum,

173 363 246 432 quod
260 363 295 415 sd
309 361 435 416 ellectum
453 363 556 428 regulae
570 363 717 427 resignatio
741 361 800 417 lieri
815 361 898 416 debet
915 360 988 414 intra
1001 363 1103 430 tempus
1113 375 1178 413 vaea-

173 435 255 487 tionis
269 434 395 486 beneficii
408 447 425 484 a
437 433 464 486 R
477 433 547 486 Sede
561 434 728 497 conterendi,
743 437 770 488 et
790 433 1008 500 incompatibilia,
1024 437 1051 484 et
1065 433 1178 500 provisio·

172 505 215 558 nis
229 504 391 570 apostolice
402 523 409 564 ;
422 518 486 556 nam
506 505 602 574 regulo
617 518 744 572 expresse
763 505 847 556 habet
863 527 868 554 :
887 503 968 558 Intra
990 504 1140 567 vacationis,
1158 508 1178 557 ct

171 575 332 642 provisionis
345 579 476 642 temporo.
498 575 593 642 Neque
615 576 643 626 in
661 575 712 627 hoc
730 589 796 628 casn
817 576 958 640 resignans
975 576 1097 631 excusari
1108 578 1178 640 potest

171 661 205 700 ex
215 661 246 699 ao
259 647 332 712 quod
343 647 551 712 resignationem
562 648 634 698 bono
647 647 701 699 ilde
713 649 810 713 egerit,
820 649 863 700 val
876 647 957 699 inerit
968 647 1087 698 incertus
1100 647 1128 698 de
1139 646 1177 697 ob·

170 718 281 772 tinendo
294 731 310 768 a
323 719 350 770 S.
363 717 433 770 Sede
446 718 578 772 benaicio
592 718 726 779 secundos
748 717 796 772 sed
818 721 923 771 tantum
941 718 1066 772 excusari
1079 719 1157 783 potest
1166 731 1186 767 a

170 803 251 858 poena
264 790 423 858 privationis
442 789 555 844 secundi
574 789 708 849 beneficii,
725 804 779 841 non
792 803 856 842 varo
871 803 888 840 a
906 789 1034 842 nullitate
1053 803 1108 842 sua
1121 787 1186 840 resi-'

169 861 313 926 gnationis.
329 861 437 927 Riganti
452 861 518 912 ibid.
532 875 559 911 n.
572 863 612 914 al.
626 889 657 900 -
672 862 708 927 (i)
722 861 808 926 Major
822 861 940 926 dignitas
954 859 983 911 in
993 859 1179 912 cathedralibus

170 931 309 998 Hispania
323 932 392 984 solet
410 945 470 984 esse
485 932 648 991 Decanatus,
663 933 736 998 quod
752 932 866 998 Plrhing
889 932 986 984 tribuit
1001 933 1083 983 etiam
1103 931 1177 983 cethe-

169 1003 416 1065 drolihusGalliae3
432 1004 461 1054 in
483 1003 685 1055 cathedralibus
698 1017 762 1055 vero
782 1003 936 1055 Germania
956 1004 1141 1068 Praepositum,
1159 1006 1186 1052 et

169 1075 198 1126 in
210 1075 410 1128 cathedralibus
424 1075 511 1128 ltaliae
524 1074 776 1134 Archidiaconatus‚
793 1075 856 1126 licet
872 1075 898 1125 in
911 1075 963 1126 hac
979 1075 1123 1126 cathedrali
1135 1074 1186 1124 ile·¹

168 1147 266 1199 nuensi
276 1148 312 1198 sit
326 1148 518 1214 Praepositura.
535 1173 563 1184 ·-
573 1147 609 1211 (3)
625 1145 678 1198 Sed
699 1146 759 1198 haec
774 1149 878 1198 tantum
896 1146 925 1196 io
941 1159 1085 1211 casusque
1100 1151 1186 1198 earnm

168 1218 291 1270 redditus
304 1219 386 1270 annui
411 1221 438 1268 et
460 1216 527 1268 certi
546 1221 679 1281 superent
691 1230 824 1268 summam
846 1217 876 1268 lO
892 1217 1054 1268 florenorum
1073 1217 1140 1280 anri,
1158 1216 1181 1265 in

167 1303 223 1354 que
235 1303 289 1340 non
298 1292 487 1356 cornputantur
505 1287 711 1340 distributiones
724 1287 897 1352 quotidianae,
915 1301 1003 1353 neque
1016 1288 1181 1339 emolumenta

167 1360 352 1426 provenientia
366 1374 400 1411 ex
417 1359 521 1424 legatis,
535 1363 562 1410 et
576 1359 628 1422 piis
649 1359 881 1424 dispositionibus,
903 1371 991 1423 neque
1005 1359 1052 1408 alii
1073 1359 1186 1410 redditus

167 1430 264 1483 incerti
276 1451 282 1491 ;
296 1431 414 1483 ilorenus
430 1434 521 1482 autem
541 1429 686 1495 aequivalet
703 1430 805 1481 libellis
821 1431 836 1481 8
853 1434 881 1482 et
895 1430 1050 1482 centesimis
1064 1431 1104 1482 75.
1119 1431 1181 1482 Licet

167 1503 258 1553 tamen
271 1501 330 1552 haec
345 1501 440 1564 regula
453 1501 579 1566 loquatur
593 1501 621 1552 in
638 1499 738 1566 plurali
761 1514 873 1552 numero
890 1514 1034 1552 reservans
1048 1499 1180 1566 dignitates

165 1575 282 1637 majores
292 1575 319 1624 et
335 1571 508 1637 principales,
525 1572 613 1636 primu
623 1577 727 1622 tantum
741 1571 859 1637 dignitas
874 1571 1034 1637 intelligitur
1047 1577 1186 1629 reservata

166 1642 219 1693 nisi
233 1642 294 1693 duaa
314 1641 409 1694 sintin
434 1642 529 1710 eadem
550 1643 671 1694 Ecclesia
687 1642 834 1708 dignitates
854 1649 932 1708 aequa
957 1643 1126 1710 principales.
1140 1642 1178 1692 lti-

165 1713 239 1779 ganti
253 1713 287 1764 ad
303 1713 485 1780 registi
505 1715 526 1775 l,
539 1728 566 1764 n.
582 1715 673 1778 liet!
687 1713 749 1773 i‚n.
765 1714 832 1766 9.-
845 1713 880 1777 (l)
896 1713 934 1765 ld.
951 1714 988 1766 ib.
1003 1715 1017 1778 ἕ
1033 1715 1048 1766 5
1063 1719 1089 1766 et
1102 1716 1126 1778 6,
1139 1727 1179 1779 per

165 1789 213 1836 tot.
223 1811 254 1822 -
266 1785 302 1849 (5)
317 1785 405 1836 Etiam
421 1785 582 1836 cubicularii
591 1784 625 1835 ad
635 1784 764 1839 honorem
773 1783 1077 1852 comprehundunturin
1087 1783 1178 1850 regula.

165 1855 207 1908 ld.
223 1856 257 1908 ad
270 1869 326 1922 reg.
340 1856 364 1920 7,
377 1869 406 1908 n.
423 1855 462 1908 it).

199 2053 263 2110 llll).
283 2053 316 2110 ln
329 2052 434 2128 regula
447 2055 476 2112 9·
489 2056 682 2111 reservantur
694 2050 794 2111 omnia
806 2050 954 2110 beneficia
963 2067 1034 2112 cum
1047 2067 1127 2123 cura,
1137 2051 1180 2108 vel

164 2139 228 2200 sine
248 2155 331 2214 cura,
346 2140 502 2215 secularia,
525 2141 572 2200 vel
594 2138 751 2216 regularia,
767 2157 835 2216 quae
850 2147 917 2200 octo
930 2141 1004 2200 anni
1028 2141 1186 2212 mensibus,

163 2227 303 2288 nimirum
320 2228 476 2304 :januario
490 2233 520 2288 et
538 2229 698 2300 februario,
718 2228 803 2305 aprili
830 2236 859 2288 et
882 2231 972 2302 maio,
992 2229 1066 2306 julio
1083 2236 1114 2288 et
1133 2245 1182 2287 au-

163 2323 260 2392 gusto,
277 2314 393 2377 octobri
418 2323 447 2378 et
468 2317 623 2378 novembri
638 2334 746 2377 vacare
766 2315 925 2394 contigerit
938 2323 990 2391 (l).
1006 2325 1047 2378 Ac
1065 2317 1180 2394 proinde

161 2405 212 2466 alii
223 2413 338 2466 tantum
348 2409 477 2482 quatuor
490 2423 609 2466 menses
623 2411 778 2466 remanent
790 2403 940 2466 collationi
955 2407 1179 2477 ordinariorum,

160 2493 318 2555 nimirum:
333 2496 466 2568 martius,
478 2494 588 2571 junius,
604 2495 774 2570 september
787 2500 817 2556 et
831 2495 1000 2554 december.
1017 2499 1051 2555 lt
1066 2495 1180 2570 Episco-

161 2585 208 2660 pis
221 2584 252 2644 in
268 2583 330 2644 suis
343 2582 525 2644 dioecesibus
544 2582 753 2656 residentibus
782 2589 812 2644 et
836 2584 1005 2660 petentibus
1019 2601 1037 2642 a
1050 2583 1181 2644 Pontifice

161 2673 224 2732 dari
240 2674 316 2734 solet
327 2671 474 2732 indultum
487 2672 525 2732 de
539 2672 713 2732 alternative
725 2673 873 2733 niensium
883 2672 932 2743 ita,
945 2680 978 2733 ut
989 2673 1152 2749 incipiendo
1165 2688 1186 2728 a

81 2816 84 2822 .
160 2777 263 2820 mense
274 2760 402 2835 januarii
416 2777 471 2820 sex
485 2761 522 2820 ad
537 2761 721 2834 Pontificem,
737 2767 767 2820 et
780 2778 834 2820 sex
848 2762 887 2821 ad
905 2761 1084 2837 Episcopum
1097 2761 1181 2820 alter·

159 2849 251 2908 natim
265 2848 433 2922 pertineant
447 2853 497 2922 (t).
517 2849 681 2926 Episcopus
704 2855 803 2910 tamen
821 2851 880 2909 hoe
893 2849 1043 2910 indultum
1056 2867 1073 2908 a
1088 2845 1186 2925 quoliss

158 2935 208 2994 het
222 2951 340 2995 summo
354 2937 497 2997 pontifice
517 2939 607 2998 dehet
631 2944 743 3016 petere,
767 2956 804 2998 ac
819 2937 945 3014 proinde
968 2937 993 2998 si
1017 2955 1183 2998 novusere

158 3032 225 3110 etur
239 3023 373 3084 Pontifex
386 3043 447 3085 non
462 3027 584 3104 prodest
602 3028 750 3106 Episcopo
767 3027 916 3090 indultum
931 3046 949 3088 a
973 3043 1029 3090 suo
1047 3033 1180 3090 Anteces-

160 3130 228 3178 sore
247 3112 402 3176 obtentum
413 3119 464 3189 (3).

190 3271 228 3337 (l)
241 3270 303 3322 Non
316 3271 580 3340 comprehenduntur
600 3275 691 3328 mineo
706 3274 757 3326 auh
775 3275 879 3340 regula,
893 3275 1036 3342 beneficia,
1050 3289 1110 3344 que
1125 3275 1180 3340 epi·

157 3343 232 3408 scopi
246 3342 431 3395 fundationem
446 3357 501 3396 non
515 3343 625 3406 habent,
640 3359 728 3411 neque
742 3345 799 3408 illa,
816 3360 878 3411 que
898 3360 953 3401 non
965 3351 1032 3402 sunt
1044 3351 1180 3414 perpetua,

155 3427 243 3478 neque
256 3413 386 3466 beneficia
395 3415 628 3484 jurispatronatus
642 3416 747 3468 laicalis
761 3431 794 3468 ex
816 3417 961 3480 dotatione
975 3423 1002 3472 et
1017 3419 1179 3476 fundatione,

155 3483 220 3534 licet
231 3484 306 3536 aliud
315 3485 350 3536 sit
363 3485 505 3550 dicendum
520 3485 768 3554 dejurepatronain
781 3489 975 3554 ecclesiastico,
989 3495 1017 3542 et
1028 3493 1179 3557 juropairo-

153 3556 221 3608 natu
240 3568 288 3625 per
309 3555 483 3621 privilegiam
505 3557 653 3624 acquisit03
678 3569 767 3624 neque
788 3559 1056 3626 comprehenduntur
1074 3559 1179 3616 vicaria
