2432 4078
394 683 600 767 TITULUS
628 685 738 769 XXV.

262 939 299 984 bn
312 937 379 986 ΜΕ
392 939 529 988 nudum
543 941 580 988 iu
593 941 666 1006 nodi
679 942 862 990 i'ffldfflss.

58 1135 209 1190 Summum
231 1135 517 1192 connumeratione
533 1140 717 1207 temporab'nlue
739 1140 815 1196 babet.
832 1165 861 1186 ι-
876 1141 931 1194 59⁶.
951 1142 1025 1196 litam
1041 1142 1071 1196 ud

87 1207 202 1262 bmubilia
210 1209 254 1264 sibi
264 1210 350 1262 rubeta
360 1237 392 1250 -
406 1211 460 1262 591.
471 1211 562 1264 Sedstle
574 1212 776 1278 punemtiumbne.
790 1212 883 1280 plmum
891 1214 931 1278 ius
943 1213 1069 1280 proprieta-

85 1279 112 1330 t's
122 1278 187 1334 libere
196 1281 304 1334 amrmit.
322 1309 350 1320 -
363 1282 419 1334 598.
428 1281 492 1336 bona
501 1282 608 1334 Ecclesia
621 1282 682 1336 bona
695 1282 779 1336 consu
795 1287 856 1338 sunt.
865 1311 897 1322 —
910 1283 966 1340 599.
975 1285 1017 1337 lus
1028 1283 1071 1338 Eo·

84 1350 150 1403 deuia
167 1352 197 1404 ad
212 1366 255 1405 sua
272 1351 334 1414 bona
349 1353 519 1419 comprobandlt
537 1355 636 1408 manlium
651 1355 679 1406 n.
697 1354 758 1407 Petri
776 1354 951 1421 patrimonium„
965 1382 996 1394 -
1013 1355 1067 1408 600.

82 1421 134 1475 item
150 1424 298 1490 temporalem
319 1425 402 1476 summi
423 1424 539 1477 Pontificie
556 1425 715 1490 principatum.
727 1449 758 1464 -
772 1425 827 1477 ool.
844 1425 880 1478 id
898 1439 965 1491 quem
983 1430 1070 1493 spectat

80 1493 185 1564 bonorum
202 1495 408 1547 ecdesiasttmrum
418 1495 559 1548 dominium?
568 1521 599 1537 -—
612 1495 667 1548 oca.
685 1496 741 1556 tluls
752 1496 797 1549 boa
811 1496 937 1550 dominium
946 1501 1069 1550 enmmatt

79 1593 110 1606 -
125 1566 438 1632 cornuumaueniens
452 1567 544 1620 adbuc
559 1567 621 1622 bonu
646 1567 733 1620 nullum
753 1567 890 1634 habentius.
901 1596 931 1608 ·-
948 1569 1002 1622 ool.
1021 1569 1068 1622 N'ac

78 1643 170 1702 possum
178 1638 240 1702 iusta
254 1637 379 1688 Ecclesiam
389 1636 523 1689 abonorum
533 1637 683 1704 enutritione
697 1637 815 1703 probibere
828 1653 869 1704 per
886 1640 960 1704 lenam
974 1651 1066 1692 omor-

80 1708 240 1770 ls'rnota'urac'a,
251 1707 287 1764 uri
299 1707 348 1759 allo
369 1708 448 1760 modo.
465 1737 496 1746 -
508 1709 563 1760 605.
582 1693 690 1775 Episcopi
697 1707 740 1760 sub
752 1709 903 1776 dependentia
914 1724 928 1760 a
940 1710 1002 1776 Papa
1015 1716 1068 1764 sunt

77 1777 185 1830 bonorum
209 1779 412 1831 ecclesiasticorum
428 1779 631 1831 administratores.
645 1805 676 1816 -
689 1780 743 1830 606.
762 1779 885 1840 Quomodo
901 1780 951 1832 bac
968 1781 1066 1834 mmini-

76 1850 152 1902 stratio
164 1850 308 1902 coemuntur
323 1849 470 1912 bmetldatta
486 1851 644 1917 utaliquando
659 1850 741 1904 lauet
752 1879 784 1892 -
799 1851 854 1904 607.
872 1851 931 1912 uuio
945 1852 1065 1906 denudum

76 1920 103 1972 da
119 1921 313 1974 administratione
338 1921 500 1986 parochialium
523 1935 564 1988 par
585 1921 681 1976 adimus
703 1921 850 1987 aleueciuili
864 1922 1018 1976 cnmtimtoni
1036 1951 1065 1963 -

75 1990 127 2045 itti.
143 1993 177 2045 id
194 1991 249 2060 quid
265 1995 384 2045 tsnemtur
399 1991 513 2046 bonorum
526 1992 733 2050 amicissimum
745 1992 963 2048 mmmmurasr

77 2172 137 2228 595.
156 2174 238 2230 lianc
257 2173 374 2246 partam
392 2169 456 2245 p'am
478 2185 569 2246 supra
589 2168 750 2248 eunomius,
769 2185 840 2232 cnm
856 2169 896 2240 de
916 2169 1064 2232 fructibus

51 2253 265 2332 beneficiorum,
289 2259 327 2318 de
347 2256 481 2332 decimis,
504 2257 641 2334 primitiis
659 2263 689 2317 et
704 2257 903 2319 oblationibus
930 2259 1060 2334 rgimns3

50 2346 95 2406 aad
113 2347 258 2408 discussio
281 2346 312 2408 in
334 2347 435 2419 rebus,
455 2345 518 2406 aive
537 2347 626 2406 bonis
643 2345 857 2422 temporalibus
876 2347 1062 2420 versabatur,

52 2443 185 2508 quamnns
209 2453 280 2497 cum
299 2437 367 2513 jnre
389 2434 535 2512 spirituali
558 2434 826 2512 conjungebantur.
841 2438 926 2496 Nunc
956 2433 1062 2494 eadem

48 2520 116 2584 bona
129 2525 357 2588 consideramus
369 2525 398 2584 in
414 2541 457 2597 se,
481 2529 511 2584 et
531 2523 655 2588 uelutis
671 2524 740 2599 jure
754 2521 899 2598 spirituali
913 2522 1059 2597 sejuncta.

76 2617 113 2673 lle
124 2616 191 2691 pure
205 2614 344 2676 Ecclesiae
366 2614 405 2673 ad
425 2613 506 2674 bona
527 2611 688 2690 spiritualia
703 2627 792 2673 nemo
807 2627 874 2670 esse
886 2614 994 2686 potest,
1009 2607 1061 2686 qui

49 2699 157 2778 dubitet,
173 2720 242 2764 curn
256 2702 388 2765 Ecclesia
402 2707 502 2764 alesu
515 2701 631 2762 chrima
654 2717 692 2760 eo
709 2700 770 2760 tine
783 2699 914 2760 maxime
927 2696 1060 2759 institute

50 2787 89 2862 eit,
109 2800 141 2853 ut
162 2792 263 2852 divina
286 2791 463 2854 chnmsmnte
481 2804 574 2868 anpm
593 2789 730 2850 homines
752 2784 1060 2864 effundet.it1'usnd

49 2875 115 2940 bona
134 2880 312 2960 temporalia
328 2881 375 2940 his
400 2878 531 2940 maxime
559 2876 752 2940 calamitosis·
768 2875 953 2954 temporibus
974 2875 1059 2938 breui

47 2970 137 3032 eutem
149 2969 338 3048 expositione
349 2975 379 3030 et
393 2967 646 3030 demonstratione
656 2964 778 3042 indiget.

77 3063 141 3122 Cum
162 3057 295 3121 Ecclesia
319 3057 357 3118 sit
378 3057 506 3118 meletos
527 3055 682 3116 hominum
700 3060 855 3130 perpetua,
878 3061 909 3116 et
930 3069 1058 3132 regnum
1160 3057 1165 3066 '

49 3142 207 3212 indeficiens
221 3151 251 3209 in
265 3148 389 3221 mundo,
411 3162 472 3206 non
490 3151 589 3206 mmen
607 3143 645 3204 de
662 3142 786 3216 mundo,
806 3159 930 3204 necesse
948 3149 1003 3218 est,
1024 3148 1057 3202 nt

51 3231 140 3302 habeat
153 3223 328 3314 temporalia
340 3237 431 3312 bona,
453 3235 517 3296 sine
531 3232 640 3308 quibus
659 3249 716 3295 nec
729 3230 866 3292 homines
876 3231 987 3303 vivere,
1000 3245 1056 3288 nec

50 3337 158 3399 mgnum
170 3326 334 3389 subsistere
356 3331 465 3402 potest.
491 3321 624 3384 Christus
641 3321 720 3382 enim
735 3318 876 3380 Ecclesia
893 3317 1055 3391 institutor,

52 3412 199 3492 unvotnit,
213 3423 248 3478 ut
270 3421 415 3492 perpetuo
429 3417 520 3488 osset,
534 3410 561 3472 ei
581 3411 654 3470 dare
675 3426 796 3488 qnoque
809 3406 921 3476 debuit,
943 3421 982 3466 ex
995 3421 1055 3481 quo

52 3513 104 3565 tuse
117 3511 227 3582 posset,
241 3519 369 3580 eumque
383 3500 484 3564 diuino
499 3517 555 3562 suo
566 3497 687 3573 auxilio,
701 3503 731 3559 et
744 3493 955 3572 temporalibus
967 3491 1055 3554 bonis
