2524 4080
167 252 283 314 vicibus,
296 255 324 302 at
339 252 459 304 nonfuit
471 251 605 304 inventus.
618 251 670 314 Qui
687 253 791 306 tautum
816 250 876 304 dcto
891 253 1034 304 contumax
1058 253 1105 314 est,
1119 251 1182 306 toci-

167 323 220 375 lius
231 323 348 384 auditur,
364 322 506 374 etfacilius
518 337 595 374 suam
604 328 703 390 purgat
716 324 920 374 contumacium
935 323 1094 388 Cap.18‚de
1112 326 1181 375 sont.

167 398 194 448 et
207 395 326 459 rejudic
339 385 509 459 Pelle'grinus
522 399 590 460 part
606 395 631 453 ι,
649 397 713 446 sect.
732 394 752 453 ι,
766 394 917 458 subsect.,³
932 408 960 444 n.
972 395 1063 445 tet8.

200 583 263 640 787.
282 583 448 640 contumax
466 595 533 638 esse
550 583 650 655 potest
667 584 728 640 tam
743 585 838 652 actor,
856 595 946 656 quam
962 595 1043 651 rcus,
1059 585 1088 638 et
1106 584 1185 638 uter·

165 685 235 746 que,
248 675 309 728 tam
323 676 403 742 ante,
420 684 510 744 quarn
525 674 594 744 post
613 666 694 727 litem
708 673 922 740 contestatam
943 666 996 726 sed
1009 665 1129 742 gravior
1142 674 1185 727 est

164 757 284 835 actoris,
308 775 398 835 quam
424 757 468 817 rei
493 756 691 830 contumacia,
719 773 789 816 eum
814 754 885 816 huic
911 755 948 816 sit
972 756 1186 831 aliquantulum

164 845 393 922 ignoscendum,
408 845 459 922 qui
473 845 590 920 cogitur
598 844 771 905 naturaliter
777 843 922 920 judicium
934 845 1105 906 formidare.
1119 845 1185 905 ideo

164 934 191 994 si
210 935 340 1010 primum
356 941 442 994 actor
458 933 497 994 sit
513 939 685 1006 contumax,
700 932 769 1009 quia
782 931 830 994 die
846 939 877 992 et
889 933 962 992 hora
975 931 1124 994 citationis
1138 951 1186 994 ca·

163 1023 261 1085 dentis
274 1023 320 1084 sui
330 1024 447 1099 copiam
458 1021 551 1100 judici
563 1039 623 1082 non
634 1022 715 1097 facit,
730 1038 800 1083 reus
814 1028 885 1082 ante
894 1022 975 1084 litem
989 1028 1185 1083 contestatam
1212 1086 1217 1098 ,

82 1179 87 1186 ,
163 1110 194 1170 in
217 1112 362 1187 judicium
388 1127 567 1186 comparens
585 1128 640 1172 suo
663 1116 709 1172 est
730 1111 850 1170 iunctos
874 1127 1007 1185 munere,
1031 1117 1062 1172 et
1089 1118 1186 1188 potest

162 1201 255 1260 iibere
268 1219 286 1261 a
296 1199 410 1277 J'udicio
432 1199 596 1273 recedere,
620 1200 679 1273 vei,
705 1199 730 1258 si
752 1199 835 1260 malit
822 1199 956 1260 actoris
968 1201 1186 1262 contumaciam

162 1307 318 1365 accusare,
330 1290 440 1350 damna
454 1295 484 1349 et
501 1305 650 1365 expensas
664 1289 833 1366 repetere,
825 1306 856 1347 m
874 1305 949 1366 quas
963 1295 1009 1350 est
1020 1287 1082 1364 ipse
1095 1295 1182 1350 ector

163 1377 361 1451 damnandus,
380 1375 532 1436 ueletiam
554 1393 643 1452 agere
663 1393 703 1436 ex
717 1377 783 1452 lege
796 1377 959 1454 diffamari,
974 1395 1011 1438 ac
1023 1383 1135 1453 petere,
1152 1383 1185 1439 ut

162 1473 247 1526 actor
257 1466 458 1544 peremptorie
472 1465 580 1524 citetur
582 1482 697 1542 ,eoque
711 1465 846 1540 ahsente,
861 1466 937 1527 datis
951 1449 1258 1542 probationibus,

162 1556 202 1616 ad
229 1555 407 1615 sententiam
434 1553 616 1614 definitivam
634 1555 824 1632 procedatur,
848 1557 897 1615 vel
912 1562 946 1615 ut
970 1556 1035 1632 ipse
1056 1573 1129 1616 reus
1150 1557 1188 1616 ab

162 1645 273 1704 actoris
295 1639 434 1703 instantia
460 1642 642 1704 absolvatur.
668 1643 744 1714 Quin
771 1643 863 1704 immo
877 1643 1019 1722 deinceps
1042 1651 1128 1705 actor
1148 1662 1188 1705 ex

159 1733 227 1808 J'ure
241 1731 387 1792 canonico
401 1747 463 1791 non
483 1731 647 1793 admittitur
661 1733 700 1792 ad
713 1731 885 1794 citationem
905 1736 1111 1810 repetendam,
1127 1734 1185 1794 nisi

161 1820 293 1897 praestita
306 1821 389 1898 prius
410 1819 549 1882 cautione
570 1821 608 1882 de
633 1820 761 1882 stando
753 1839 784 1880 ιιι
794 1821 915 1898 judicic.
931 1827 1002 1883 Post
1018 1839 1091 1882 vero
1106 1824 1189 1884 litem

162 1917 367 1983 contestatam,
390 1927 451 1970 una
471 1911 550 1970 iacta
572 1909 711 1972 citatione
731 1909 858 1983 edictali,
873 1927 943 1971 reus
960 1911 1072 1972 instare
1088 1918 1190 1988 potest

161 2013 217 2100 pro
231 1999 376 2060 sententia
391 1997 551 2074 definitiva,
574 1998 642 2060 licet
662 1997 882 2060 contumaciam
906 2016 967 2059 non
988 2001 1187 2075 accusaverit,

161 2088 230 2166 quia
251 2088 282 2148 in
303 2089 433 2148 decursu
443 2088 559 2164 judicii,
581 2094 615 2148 ut
633 2088 737 2148 dieunt
763 2093 916 2162 Doctores,
941 2105 1048 2152 omnes
1069 2088 1191 2150 termini

160 2176 376 2254 probatorioles
390 2183 460 2237 sunt
472 2175 665 2253 peremptorii
684 2179 709 2248 ιι
714 2182 736 2250 ).

193 2333 226 2398 ιι)
240 2333 338 2399 cept,
354 2332 387 2385 de
400 2331 454 2384 dol.
472 2334 500 2384 at
510 2335 579 2386 cont.
597 2333 625 2384 ct
638 2345 736 2400 cap,
714 2333 724 2383 1
752 2331 811 2384 cod.
824 2333 853 2384 ιιι
866 2331 890 2384 6

195 2549 258 2605 788.
272 2545 408 2604 Secundo
424 2545 451 2604 si
464 2561 535 2604 reus
555 2544 592 2604 sit
611 2551 785 2616 contumax,
800 2561 840 2604 ex
852 2543 920 2619 J‘ure
936 2543 1084 2604 canonico
1101 2549 1186 2604 actor

160 2642 229 2694 ante
246 2633 330 2695 litem
354 2639 551 2694 contestatam
568 2633 730 2695 mittendus
744 2633 810 2693 eet
802 2649 834 2692 m
850 2633 1077 2718 possessionem
1088 2635 1186 2694 bono-

159 2739 237 2796 rum,
253 2721 414 2807 dequibus
434 2729 480 2782 est
498 2722 633 2798 quaestio,
655 2721 775 2798 quando
794 2722 831 2782 de
845 2709 918 2782 reali
936 2723 1057 2784 actione
1072 2722 1188 2825 agitium

95 2865 98 2871 ,
160 2811 280 2887 quando
303 2819 403 2872 autem
421 2812 517 2886 agitur
543 2811 581 2870 de
602 2810 720 2870 actione
739 2810 898 2911 personali,
914 2811 1079 2872 mittendus
1098 2813 1190 2872 estin

159 2899 380 2975 possessionem
394 2899 542 2960 bonorum
561 2898 745 2960 mobilium
737 2899 830 2975 ipsius
844 2900 888 2960 rei
906 2900 1106 2977 contumacis,
1122 2902 1190 2978 qui-

158 2988 216 3048 hus
239 2987 486 3089 deficientibus,
480 3006 510 3048 m
533 2987 755 3064 possessionem
774 2987 864 3048 etiam
881 2986 1094 3062 immobilium3
1123 3007 1191 3066 quae

159 3077 310 3154 possessio
325 3095 365 3138 cx
383 3077 479 3153 primo
500 3079 622 3138 decreto
646 3078 762 3137 confert
787 3076 883 3136 actori
902 3083 1018 3139 tantum
1036 3077 1191 3138 bonorum

159 3164 344 3238 custodiam3
361 3167 415 3226 sed
437 3165 548 3241 sipost
570 3182 691 3238 annum,
716 3165 842 3226 durante
855 3164 900 3225 rei
914 3166 1115 3240 contumacia,
1131 3166 1191 3226 alio

156 3253 265 3352 Judicis
278 3255 400 3314 decreto
414 3261 584 3328 renovetur,
603 3261 633 3315 et
620 3255 748 3314 ttflrme
736 3260 795 3328 tur,
815 3269 918 3314 veram
935 3253 1053 3313 confert
1067 3271 1192 3330 posses-

158 3341 289 3414 sionem,
301 3343 382 3416 quod
396 3349 537 3402 statutum
547 3341 657 3418 mitt
622 3350 657 3404 ut
670 3356 740 3406 reus
753 3341 889 3402 custodia
899 3343 1051 3402 bonorum
1064 3359 1193 3404 suorum

158 3434 209 3487 aut
234 3429 424 3505 possessione
446 3429 579 3504 privatus
606 3432 728 3494 demmn
742 3431 837 3508 Judrcr
849 3433 1095 3509 obtemperet
1096 3439 1194 3494 .Post

158 3512 239 3574 litem
266 3531 339 3576 vero
365 3524 562 3578 contestatam
586 3527 670 3582 actor
688 3529 795 3598 potest,
816 3530 957 3583 accusata
980 3523 1189 3597 contrunacia,
1257 3531 1258 3542 ¹
