2426 4070
486 191 645 248 -117-

76 312 140 372 cessit,
152 312 272 366 Clemens
284 313 362 373 XIII,
378 313 421 365 Ad
435 314 614 366 Melabarium
628 317 655 366 et
671 313 780 366 caneda
793 314 920 366 extendit.
934 313 1071 380 Zallinger

73 381 96 434 de
106 383 181 435 claud.
196 384 320 449 despons.
336 386 348 450 ξ
363 386 394 436 63
407 385 486 436 1161.
505 385 686 451 Excipiuntur
702 391 792 437 tamen
808 386 970 452 privilegiati
983 386 1071 440 aGle·

71 458 140 507 nante
150 455 214 506 XIII
227 459 258 508 ut
271 470 356 522 supra
369 456 496 520 diximus,
512 457 558 522 qni
575 456 701 509 stmiliter
711 471 766 508 non
780 462 907 509 tenentur
921 472 1069 510 11111111-

71 539 148 592 novare
159 527 364 590 matrimonium,
382 529 405 578 si
421 528 457 578 ah
472 527 570 579 haeresi
588 527 623 578 ad
638 527 717 579 tidem
737 529 895 579 catholicam
911 532 1069 581 convertan-

72 599 111 647 tur.
122 625 148 634 -
158 598 192 662 (3)
203 599 275 650 iliud
289 612 396 664 quoquc
410 598 455 650 hic
468 600 626 662 notandum,
637 599 709 664 quod
723 600 894 652 matrimonia
904 601 1071 653 clandestina

75 667 211 732 inpartibus
228 670 379 722 infidelium
394 675 543 734 contracta,
556 670 605 721 uhi
624 670 812 722 'tridentinum
829 673 997 736 publicatum
1017 687 1071 725 non

75 737 205 796 iuitvalida
223 745 306 804 sunt3‘
329 741 410 792 immo
434 746 461 792 at
483 742 673 808 sponsaliade
691 742 781 794 futuro
795 757 845 808 par
863 745 1071 796 consummatio·

74 821 119 860 nen
129 812 295 872 matrimonii,
309 810 352 864 vel
373 813 496 876 copulam
516 813 594 864 inter,
608 826 721 878 sponsos
743 813 864 865 habitam
886 815 914 865 in
933 816 1071 867 matrimo-

73 881 190 948 niumipsc
200 885 263 948 jure
277 887 427 935 transeunt.
442 885 569 936 Attamen
588 883 729 937 instructio
749 898 798 949 pro
815 885 993 938 missionariis
1010 900 1026 937 a
1042 885 1070 938 S.

73 949 257 1019 mugragatione
278 954 352 1004 edita
373 955 496 1019 requirit,
517 958 547 1004 ut
569 953 609 1006 sic
632 955 829 1014 contrahentes
844 969 897 1019 quo
914 955 994 1009 citius
1013 957 1072 1008 fleri

74 1025 158 1086 poterit,
172 1026 205 1076 ad
218 1025 369 1077 Ecclesiam
379 1025 516 1088 accedant,
527 1032 554 1077 et
565 1039 655 1078 coram
669 1026 794 1089 testibus,
808 1030 836 1078 at
846 1027 979 1086 ministro,
989 1028 1070 1078 amis·
1161 1025 1165 1036 '

73 1093 102 1144 sis
114 1095 209 1148 actibus
221 1096 293 1154 fidei,
306 1097 374 1161 spei,
384 1101 412 1148 et
427 1096 575 1156 charitatis,
589 1096 624 1148 ed
637 1096 837 1148 matrimonium
851 1110 1011 1149 consensum
1023 1112 1071 1150 ax-

71 1168 168 1229 primant
180 1181 229 1234 per
239 1169 324 1220 verba
337 1167 371 1220 da
382 1168 521 1234 praesenti,
536 1172 564 1220 et
579 1167 764 1235 sponsalitiam
779 1168 992 1220 benedictionem
1006 1170 1073 1221 acci·

70 1237 138 1300 piant,
149 1239 241 1290 eodem
261 1243 381 1305 tempore
400 1239 481 1292 dehet
501 1239 556 1290 illis
576 1239 1072 1301 11111111111111111,1111111111-

70 1308 165 1361 ctionem
177 1311 208 1362 ad
221 1311 387 1362 matrimonii
404 1310 573 1364 validitatem
585 1325 640 1362 non
650 1325 710 1364 esse
720 1311 910 1364 necessariam.
923 1311 1073 1368 11111111.

71 1379 132 1432 Pont
143 1395 191 1434 aer.
206 1382 231 1442 2,
246 1395 275 1448 p.
293 1381 364 1434 1813.

95 1553 149 1609 ua.
165 1547 386 1611 clandestinum
399 1549 621 1612 matrimonium
634 1549 797 1627 improprie
810 1549 924 1610 dictum
936 1555 981 1611 eat
991 1549 1073 1625 iilud,

69 1640 170 1714 quando
184 1639 287 1716 sponsi
309 1639 523 1716 aggrediuntur
542 1641 708 1716 parochum
728 1655 798 1700 cum
819 1639 955 1715 testibue,
971 1657 1075 1701 coram

69 1727 158 1801 quibus
169 1737 307 1789 mutuum
321 1728 458 1790 emittunt
479 1728 659 1788 matrimonii
678 1745 869 1790 consensum.
889 1733 1075 1805 Quamquam

69 1814 115 1876 hoc
125 1817 343 1878 matrimonium
355 1820 445 1894 vulgo
459 1817 575 1877 dicatur
589 1817 807 1877 clandestinum
821 1817 991 1893 simpliciter
1004 1836 1012 1889 3
1032 1825 1076 1878 ta·

70 1917 125 1963 men
137 1913 167 1965 ut
180 1907 395 1967 clandestinum
413 1905 586 1982 improprie,
602 1905 671 1981 quia
685 1905 791 1964 dehitae
805 1913 920 1966 tantum
935 1905 1077 1966 solemni-

69 1998 130 2052 tates
142 1995 318 2055 extrinsecae
332 1995 516 2068 omittuntur,
533 2001 562 2054 et
584 1994 709 2070 proinde
722 2011 841 2055 summo
856 1997 924 2072 jure
942 1995 1075 2056 validum

71 2087 112 2140 est.
126 2083 242 2154 Quoties
254 2084 354 2160 itaque
375 2084 406 2144 id
431 2083 594 2158 contingat,
610 2082 690 2158 quod
711 2088 788 2142 Deus
811 2085 940 2144 avertat!
957 2091 1075 2145 tenetur

71 2173 210 2248 peronnae,
223 2191 283 2250 quo
299 2173 384 2233 citius
397 2172 461 2232 fleri
475 2177 583 2249 potest,
598 2171 657 2231 hoc
670 2171 886 2237 clandestinum
896 2172 1077 2234 denunciare

71 2259 207 2336 Episcopo,
222 2261 322 2338 quiea
337 2262 375 2321 de
387 2278 421 2322 re
440 2260 539 2321 statim
554 2277 732 2336 processum
751 2260 816 2320 fleri
829 2261 960 2335 mandat,
977 2269 1007 2320 et
1022 2262 1078 2322 rite

73 2350 227 2410 examinatis
255 2351 389 2422 testibus,
419 2356 449 2410 et
471 2349 601 2425 sponsis,
631 2349 830 2426 omnibusque
857 2349 913 2409 rite
938 2349 1075 2424 cognitis,

74 2451 141 2497 suam
152 2439 329 2514 pronunciat
343 2439 529 2513 sententiam,
552 2455 611 2515 qua
624 2444 675 2497 aut
688 2437 818 2497 validum
831 2437 962 2498 declarat
975 2438 1077 2498 matri·

74 2527 197 2600 monium,
213 2527 238 2588 si
252 2544 356 2587 omnes
371 2526 573 2587 solemnitates
586 2527 754 2586 intrinsece
766 2525 877 2586 fuerint
890 2527 1076 2602 observatae;

75 2618 242 2691 cuinullum,
253 2617 278 2676 si
289 2617 346 2676 iliae
361 2616 562 2677 solemnitates
573 2615 680 2690 desint,
690 2633 738 2676 ex.
749 2632 794 2691 gr.
808 2615 834 2674 si
843 2621 1027 2676 contractum
1041 2616 1080 2678 sit

77 2717 159 2764 coram
175 2707 330 2766 sacerdote
345 2723 406 2766 uon
427 2706 569 2781 parocho,
594 2710 624 2765 et
646 2722 663 2763 a
685 2704 819 2780 parocho
843 2722 904 2765 non
930 2705 1077 2781 delegato,

76 2799 115 2850 aut
126 2793 184 2855 sine
196 2795 331 2866 testibus,
342 2800 393 2854 aut
407 2793 607 2854 communico
619 2799 735 2866 tautum
747 2800 832 2874 teste.
847 2799 991 2855 Praeterea
1002 2795 1080 2854 clau·

77 2879 204 2944 destinam
217 2885 438 2958 contrahentes,
452 2880 581 2958 graviter
595 2888 731 2957 peccant,
748 2877 777 2944 et
793 2883 831 2943 ab
848 2884 996 2962 Episcopo
1010 2902 1079 2963 gra·

79 2970 140 3032 riter
151 2981 218 3035 sunt
231 2973 373 3052 puniendi
387 2979 398 3048 t
417 2977 438 3043 ).

101 3120 212 3190 (1)Trid‚
226 3137 295 3181 sesa.
306 3123 349 3184 tt,
360 3136 383 3178 c.
397 3125 419 3186 1,
434 3121 468 3174 de
482 3122 623 3177 11111111.
