2524 4080
625 162 785 220 ...2520-

188 286 301 340 tutionis
313 283 431 338 bodium
445 285 547 340 nethm
556 287 587 338 in
602 284 806 351 nunciasse
825 283 909 339 elbon
923 283 950 334 in
965 281 1059 335 litteris
1075 278 1189 334 etscien·

187 357 234 410 tiis
246 357 282 410 ad
294 357 481 422 magisterium
494 357 623 410 Ecclesiae
637 355 787 408 referendis
807 359 878 419 suut,
897 357 1032 420 quatenus
1052 367 1094 404 nec
1114 351 1191 404 utiles

187 428 293 492 litterae,
303 443 353 480 nec
366 443 440 480 sanes
453 430 574 480 scientiae
588 430 691 494 absque
706 427 834 492 religione
850 429 964 492 possunt
977 437 1045 476 esse.
1061 425 1133 475 Porro
1144 435 1190 470 ne-

186 511 229 550 mo
242 505 291 561 est,
305 501 352 564 qui
365 501 451 565 possit
464 501 612 565 ambigere,
626 499 712 551 bonas
722 502 803 561 artes,
821 501 848 549 et
866 496 1024 561 disciplinas
1038 495 1071 545 ab
1084 490 1192 544 Ecclesia

186 569 326 628 catholice,
343 579 371 621 et
384 571 418 622 ab
433 573 494 636 ejus
508 570 580 622 clero
593 583 653 622 esee
672 570 815 634 proiectas.
832 568 955 634 Capitulis
970 562 1142 617 Ecclesiamm
1154 576 1191 613 ca·

185 640 348 693 thedralium
360 643 394 694 ab
406 642 522 708 antiquis
544 641 713 706 temporibus
738 653 770 690 ex
785 639 812 690 S.
834 638 911 690 Sedis
934 638 1061 688 mandato
1080 635 1192 686 instituo·

185 717 249 762 runt
262 711 378 764 oilicium
392 714 513 765 canonici
526 708 693 774 Scholastica,
708 715 740 762 ut
754 711 884 776 Episcopi
902 709 1010 760 nomine
1025 707 1123 759 scholas
1138 705 1192 755 iun·
1254 759 1255 762 Ἴ

172 780 271 848 'deret
284 783 333 834 ubl
358 783 492 843 deessent,
518 784 596 835 stetis
618 781 785 848 temporibus
805 782 914 844 viseret,
928 784 956 832 et
975 781 1010 831 ad
1027 791 1125 832 omnem
1136 789 1192 842 pro·

184 853 283 908 lectum
298 855 445 906 extolleret.
473 856 581 906 Primus
602 854 776 906 Innocentius
790 853 833 904 ΙΙΙ
847 851 1041 906 Unieerettatee
1053 847 1191 909 nominavit,

185 929 213 978 et
230 925 390 992 opportunis
407 927 508 992 regulis
524 926 706 983 communivit.
721 937 789 990 quas
812 927 906 988 postea
927 924 976 975 elii
993 921 1127 974 Ponbiices
1142 919 1191 969 lie-

184 997 258 1048 mani
272 1011 321 1065 per
334 1011 373 1057 se.
388 997 430 1049 vel
446 1011 496 1064 per
507 998 621 1062 Legatos
640 1010 705 1048 suos
719 995 902 1058 constabilire,
918 1001 946 1046 et
959 1005 1060 1059 augere
1071 990 1189 1050 curarunt,

171 1067 257 1134 ’quod
268 1067 301 1120 ile
315 1067 373 1136 ipse
389 1069 566 1120 universitate
586 1067 734 1120 Parisiensi
757 1067 888 1130 evenisse,
903 1066 982 1118 testis
1007 1068 1048 1118 est
1069 1064 1155 1126 llleurp
1166 1059 1191 1110 in

184 1139 248 1192 inst.
260 1139 306 1204 tur
325 1140 389 1192 eccl.
405 1144 468 1191 tom.
490 1141 513 1204 l,
529 1154 552 1192 c.
577 1139 618 1200 to.
633 1139 759 1206 quodque
772 1139 807 1190 ad
827 1141 913 1190 totum
932 1140 1028 1190 orbem
1048 1135 1193 1188 catholicum
1254 1199 1255 1204 ἵ

183 1211 277 1278 postca
292 1214 433 1263 extensum
457 1211 542 1264 tuisse
559 1212 625 1263 satis
646 1225 678 1262 ex
696 1211 809 1262 historia
833 1213 948 1262 constat.
973 1209 1060 1260 Bouix
1073 1207 1105 1258 de
1120 1205 1192 1272 indic.
1254 1209 1255 1226 l

184 1279 246 1334 eccl.
260 1285 331 1347 part.
348 1284 369 1342 l,
385 1286 450 1334 sect.
466 1283 489 1342 3,
501 1297 524 1334 c.
535 1284 558 1334 6.
570 1283 606 1334 At
616 1295 680 1334 vero
693 1282 848 1348 respublica
857 1281 945 1332 civilis
955 1280 1085 1332 lioclesiae
1095 1276 1194 1328 nimium

184 1351 291 1418 ingrata
304 1355 354 1412 est,
369 1357 396 1406 et
409 1353 535 1406 continuo
549 1355 607 1406 vias
619 1354 732 1418 justitiae
755 1353 914 1405 subvertere
931 1353 1030 1403 nititur
1046 1371 1052 1402 ι
1070 1349 1135 1402 unde
1146 1347 1190 1398 iio·
1254 1407 1255 1410 Ἴ

183 1424 257 1476 mani
274 1423 417 1477 Pontifices
434 1427 554 1491 primum
574 1439 622 1491 per
638 1423 806 1478 concordate
821 1421 986 1486 educationi,
1000 1427 1029 1474 et
1049 1415 1191 1472 institutioni
1254 1421 1255 1484 l

184 1493 213 1546 ln
229 1493 339 1560 scholis,
364 1496 492 1562 crillegiis,
512 1500 539 1548 et
560 1495 786 1548 universitatibus
809 1493 953 1546 consulere
976 1493 1144 1550 studuerunt;
1166 1501 1192 1539 ac
1254 1485 1255 1554 l

184 1565 282 1618 deinde
296 1567 365 1618 hanc
377 1567 565 1619 educationem
578 1571 606 1619 et
619 1567 815 1618 institutionem
829 1579 845 1617 a
863 1565 997 1618 civilibus
1013 1561 1144 1630 guberniis
1154 1573 1192 1611 sa·
1254 1557 1255 1626 l

183 1637 392 1762 &teristratum
406 1642 433 1690 et
445 1639 658 1706 pacaairrctam
672 1637 977 1690 solemniter-damnarit
993 1635 1117 1702 syllabus
1127 1643 1190 1698 prop.
1254 1632 1255 1676 l

218 1889 281 1946 ios.
303 1891 335 1946 ln
350 1887 605 1962 commeabilibus,
621 1885 726 1964 quales
739 1892 809 1948 sunt
820 1885 959 1962 politae,
971 1882 1155 1961 temporales,
1167 1883 1193 1940 et

182 1977 314 2053 profanae
326 1977 471 2038 laicorum
486 1983 660 2052 competens
674 1981 790 2039 tantiun
801 1982 846 2036 est
857 1975 952 2052 judex
966 1973 1117 2034 saeculeris
1127 1989 1134 2044 i
1146 1985 1194 2028 nec
1254 1973 1255 1984 ³

182 2065 401 2126 ecclesiasticus
421 2067 521 2144 potest
540 2063 570 2124 in
592 2064 638 2124 his
658 2082 691 2125 se
709 2063 897 2124 immiscere:
910 2077 984 2124 nam
1000 2079 1068 2140 quae
1088 2057 1195 2122 cesaris

181 2159 262 2228 eunt,
288 2155 386 2214 danda
409 2160 479 2216 sunt
501 2155 617 2216 Caesari.
643 2159 803 2231 Propterea
820 2147 988 2214 Alexander
1009 2157 1047 2212 lll
1072 2150 1196 2216 incensa

181 2241 338 2317 cuiusdam
350 2243 530 2304 matrimonii
543 2243 696 2305 mandarit
710 2241 874 2319 Episcopis,
891 2246 924 2300 ut
938 2247 1152 2317 cognoscerent
1163 2235 1196 2294 de

181 2331 246 2405 ejus
258 2331 418 2408 validitate,
433 2341 463 2394 et
483 2339 515 2393 nt
535 2331 730 2410 questionem
755 2331 979 2407 possessionum
1001 2326 1197 2406 temporalium

180 2425 321 2500 potestati
344 2419 480 2486 saeculari
500 2425 686 2485 remitterent
717 2427 767 2496 (l).
792 2429 866 2484 ltem
886 2425 1024 2484 Clemens
1043 2427 1102 2484 lilll
1116 2417 1197 2482 curia

180 2513 343 2590 episcopali
363 2513 480 2576 Tuderti
497 2513 698 2590 praecepitei
721 2513 830 2574 laicum
843 2513 912 2572 furii
934 2531 1024 2574 reum
1043 2513 1083 2572 ab
1104 2510 1197 2582 eadem

179 2602 353 2678 inquisitum
366 2603 442 2664 laico
456 2602 604 2677 tribunali,
621 2604 702 2664 nulla
715 2602 888 2680 interposita
901 2619 999 2679 mora,
1012 2599 1197 2680 judicandum

179 2693 335 2767 traderet(
355 2699 376 2766 ),
750 2709 754 2714 ¹

181 2834 246 2956 17(617)
259 2835 326 2902 cap.
340 2836 364 2901 7,
379 2835 426 2902 qui
448 2835 484 2886 til.
501 2835 556 2888 sint
574 2835 648 2902 legit.
662 2862 693 2874 -
707 2793 820 2902 (ttBul.
839 2833 951 2888 hartel
966 2834 1127 2899 lienteriam,
1141 2829 1195 2883 anni

215 3102 433 3161 liniacensis
447 3101 575 3178 denique
588 3099 688 3161 mixtis
702 3106 876 3176 competens
890 3118 958 3161 esse
968 3107 1071 3177 potest
1081 3107 1193 3172 uterque
1254 3107 1255 3152 l

171 3191 279 3266 ¹iudex,
295 3190 516 3251 ecclesiasticus
542 3197 573 3250 et
587 3189 747 3263 saeculmis
771 3196 893 3266 propter
913 3191 1100 3263 relationem,
1115 3199 1191 3264 qoam

178 3280 289 3340 habent
303 3281 341 3340 ad
355 3279 526 3353 Ecclesiam,
546 3281 592 3339 vel
610 3279 649 3338 ad
667 3277 783 3338 civilem
801 3278 982 3340 societatem.
998 3283 1191 3340 iuramentum
1254 3271 1255 3360 l

174 3387 228 3430 ex.
243 3387 288 3445 gr.
302 3376 349 3430 est
368 3375 451 3428 actus
465 3366 625 3443 religionis,
641 3375 671 3428 et
686 3367 772 3428 simul
789 3367 951 3444 vinculum,
967 3386 1027 3446 quo
1042 3366 1135 3444 magis
1146 3363 1189 3424 ob·
1254 3387 1255 3390 ¹

171 3457 363 3534 stringuntur
383 3461 555 3516 contractus
580 3477 588 3516 :
612 3457 693 3518 unde
712 3462 884 3518 contractus
901 3458 1071 3533 juramento
1096 3449 1188 3518 firmali

176 3545 374 3620 subjiciuntur
384 3538 478 3620 judici
492 3544 696 3606 ecclesiastico
711 3551 834 3621 propter
846 3544 1022 3621 religionem
1033 3537 1187 3622 iuramenti
