2560 4080
593 165 755 268 ..ιιι-

155 352 167 382 ι
185 331 379 398 monemus.
388 331 481 384 atilli
492 331 632 398 appellare
641 335 754 402 possint
765 331 803 385 ιι.
814 331 912 385 Decem
921 329 981 385 dies
991 324 1130 384 numerari
1142 327 1184 382 in·

155 421 168 451 ι
186 403 289 468 cipiunt
306 417 391 456 nona
408 402 534 472 dieque
552 406 687 457 sententia
701 405 755 457 lata
768 408 820 464 est,
835 404 883 456 sed
899 404 985 465 adie,
999 418 1055 470 quo
1072 417 1127 463 reo,
1141 400 1185 454 rel

156 477 245 540 «ejus
269 475 404 527 defensori
422 490 473 542 per
493 489 631 528 cursorem
651 476 814 528 denunciata
833 475 895 528 fuit.
918 475 969 526 llI.
997 475 1038 528 Eo
1065 477 1186 540 tempore

156 565 168 595 ι
185 546 286 612 elapso,
300 547 366 612 quin
381 561 453 612 reus,
466 547 509 599 vel
524 549 585 612 ejus
606 545 733 598 defensor
752 547 931 630 appellaverit
946 545 1063 598 latama
1080 559 1110 596 se
1125 558 1185 596 sen·

156 617 297 668 «tentiam
320 617 469 686 Episcopus
495 617 721 683 exspectanti.
746 617 909 684 Interposita
923 617 995 669 intra
1011 617 1109 669 decem
1127 615 1188 668 dies

155 707 168 736 ι
186 688 375 755 appellatione,
385 690 467 741 Curia
478 689 640 754 episcopalis
653 693 710 740 acta
724 689 892 754 autographa
904 690 988 740 totius
1001 700 1094 740 causas
1108 687 1145 738 ad
1156 685 1185 737 S

153 777 165 808 ι
186 760 425 826 congregationem
438 759 613 822 transmittet,
626 774 736 828 nempe.
749 762 773 812 ι’
786 774 943 826 processum
955 760 1047 825 ipsum
1061 759 1090 809 in
1102 759 1188 810 curia
1270 747 1277 770 ¹

156 831 337 883 «confectum
348 831 395 894 ιι
408 835 468 898 ejus
488 829 652 891 restrictam,
672 845 723 884 seu
746 831 976 896 compendiariam
989 829 1189 895 expositionem

156 921 168 950 ι
186 915 290 961 eorum,
305 915 367 969 quae
381 903 476 954 eodem
491 917 523 956 ex
535 917 666 968 processu
681 907 841 968 emergtmt;
854 903 879 954 3·
890 902 1063 955 defensiones
1076 915 1124 966 pro
1138 913 1187 952 reo

156 991 170 1021 ι
186 973 337 1034 exhibitam
351 974 378 1026 l·
392 973 509 1039 denique
525 973 687 1026 sententiam
700 974 791 1026 iatam.
805 974 839 1026 V.
856 973 923 1038 Ipsa
937 973 1019 1026 curia
1039 987 1095 1032 reo,
1108 974 1186 1036 eius·

157 1061 169 1092 ι
188 1057 240 1112 que
254 1043 389 1098 defensori
404 1044 586 1108 denunciahit,
595 1045 805 1111 appellationem
815 1059 905 1097 coram
916 1045 1011 1096 eadem
1023 1045 1051 1096 S.
1068 1044 1186 1108 congre-

156 1135 168 1165 ι
187 1116 295 1181 gatione
308 1116 525 1182 prosequendam
534 1129 604 1168 esse
618 1115 666 1168 Vl
682 1118 710 1168 Si
727 1131 806 1169 nemo
817 1120 981 1182 compareat,
995 1119 1043 1168 aut
1057 1117 1083 1168 si
1097 1113 1188 1182 appel-

157 1204 170 1236 ι
187 1185 293 1239 latronis
313 1191 373 1239 acta
397 1187 578 1252 negligenter,
595 1187 640 1240 vel
658 1188 794 1240 malitiose
815 1188 1020 1254 protrahantur,
1035 1197 1188 1252 congruens

158 1276 172 1306 ι
192 1259 366 1324 tempuseS.
381 1258 593 1325 congregatione
604 1259 781 1325 praeilnretur
795 1273 849 1326 quo
863 1259 994 1311 inutiliter
1003 1258 1108 1325 elapso
1116 1271 1188 1310 --cau

157 1346 170 1377 ι
188 1339 219 1380 se
237 1328 347 1380 deserta
371 1333 522 1394 censeatur,
542 1331 570 1382 et
590 1331 725 1382 sententia
739 1330 829 1382 cnrise
851 1329 1017 1396 episcopalis
1036 1325 1188 1382 executioni

158 1398 341 1451 «mandetur
361 1401 423 1452 Vll.
437 1399 502 1460 ileo,
518 1403 565 1450 aut
577 1399 626 1462 illi,
645 1401 691 1467 qui
707 1402 768 1466 ejus
787 1400 971 1452 defensionem
985 1400 1117 1466 suscepit,
1132 1403 1189 1450 tra·

158 1486 170 1517 ι
188 1469 294 1522 dendus
313 1473 354 1523 est
366 1471 505 1524 restrictus
521 1483 674 1536 processus,
688 1485 735 1538 qui
749 1485 765 1522 ι
783 1469 800 1522 J
802 1471 880 1524 udrce
895 1471 1014 1524 delatore
1036 1471 1190 1524 coniicitur.

158 1559 170 1589 ι
187 1539 265 1592 VlII.
278 1541 470 1607 allegationes,
486 1555 535 1593 seu
546 1541 717 1594 defensiones
726 1542 952 1596 Eminentissimis
962 1543 1092 1594 Patribus
1098 1541 1190 1594 distri·

157 1629 169 1662 ι
186 1609 312 1664 buendas
324 1613 396 1679 typis
409 1627 465 1665 non
484 1614 693 1673 committantur,
714 1613 767 1666 nisi
786 1613 872 1680 judex
891 1615 991 1666 relator
1013 1611 1189 1680 imprimendi

158 1698 170 1731 ι
188 1683 295 1735 veniam
305 1684 417 1736 dederit.
426 1684 476 1736 IX.
487 1685 575 1736 Causa
585 1683 728 1736 delinietur
739 1689 839 1737 statuta
850 1685 894 1738 die
910 1686 944 1738 ab
957 1685 1045 1737 Smin.
1058 1683 1191 1736 Patribus

158 1773 170 1804 ι
188 1753 216 1806 ln
231 1755 310 1822 pleno
324 1755 457 1807 auditorio
472 1755 650 1820 congregatis.
668 1755 704 1806 X.
718 1755 813 1808 Eidem
829 1757 1037 1822 congregationi
1050 1757 1188 1808 Procura-

157 1831 230 1876 «tor
244 1826 378 1890 generalis
391 1825 458 1890 fisci,
472 1831 499 1878 et
520 1824 610 1878 iudex
631 1827 731 1879 relator
753 1825 894 1882 intersunt
920 1827 968 1878 XL
994 1827 1087 1880 Judex
1112 1827 1185 1878 rela-

158 1917 171 1946 ι
188 1900 232 1948 ιιι
245 1897 279 1948 de
297 1901 351 1948 toto
365 1900 438 1949 statu
453 1910 543 1949 ceusae
566 1897 600 1948 ιιι
619 1897 707 1949 ιιιιιιιι.
727 1898 822 1950 Patres
845 1899 956 1962 referet,
971 1903 999 1950 et
1022 1898 1188 1950 Procurator

158 1987 171 2016 ι
188 1968 324 2034 generalis
333 1969 391 2020 fisci
404 1969 487 2021 stabit
498 1982 549 2034 pro
559 1968 642 2020 curia
653 1969 787 2036 Episcopi,
802 1981 919 2034 suasque
934 1968 1124 2020 conclusiones
1142 1981 1189 2020 er·

159 2058 172 2087 ι
187 2040 320 2106 planabit.
332 2041 396 2092 XII.
413 2041 479 2092 Post
487 2040 547 2091 haec
559 2039 647 2091 limin.
664 2041 758 2092 Patres
768 2039 903 2105 judicium
917 2041 1065 2104 proferent,
1077 2043 1188 2092 senten·

160 2129 172 2158 ι
188 2113 256 2163 ιιιιιι
267 2111 355 2164 curiae
369 2111 531 2178 episcopalis
544 2115 591 2162 aut
601 2111 792 2171 conllrmando,
806 2115 853 2162 ant
864 2111 1035 2176 infirmando,
1048 2111 1190 2162 autetiam

160 2204 175 2230 a
188 2183 369 2235 reformando.
382 2183 459 2234 Xlll.
477 2183 587 2234 Prolata
601 2181 735 2233 sententia
748 2195 873 2233 unacum
883 2182 1009 2233 omnibus
1019 2181 1090 2234 actis
1099 2194 1190 2233 causa

160 2273 172 2304 ι
191 2255 225 2306 ad
248 2254 370 2305 eamdem
393 2254 503 2306 Curiam
522 2253 705 2319 episcopalem
729 2253 879 2318 remittitur,
903 2259 934 2304 ut
951 2267 1011 2305 eam
1031 2258 1193 2319 exequatur.

164 2344 175 2376 ι
193 2325 268 2378 XIV.
286 2325 403 2390 derisio,
418 2339 468 2377 seu
482 2325 620 2391 recognito
631 2324 671 2376 rei
683 2323 812 2390 judicatae
824 2339 877 2376 nou
891 2324 1056 2384 conceditur,
1067 2325 1122 2376 nisi
1133 2327 1193 2387 ejus

164 2415 176 2446 ι
197 2396 351 2448 tribuendae
362 2399 510 2463 potestasa
525 2395 673 2448 Sanctitate
681 2408 731 2448 sua
744 2397 815 2448 fecta
824 2397 914 2460 fuerit,
929 2401 955 2448 et
963 2397 1073 2448 subsint
1084 2395 1191 2460 gravis-

163 2486 174 2518 ι
193 2468 270 2520 simae
285 2481 385 2528 causas,
400 2481 481 2534 super
500 2467 600 2533 quibus
615 2466 740 2532 cognitio,
759 2471 786 2518 et
796 2466 928 2533 judicium
942 2467 976 2518 ad
992 2467 1105 2531 plenam
1120 2465 1192 2518 Gon·

162 2559 174 2588 ι
192 2541 372 2605 gregationem
384 2540 511 2605 pertinet.
529 2556 541 2584 ι
555 2539 597 2589 Ita
611 2539 639 2590 S.
657 2537 832 2604 Congregatio
843 2537 964 2604 procedit
976 2543 1038 2604 poet
1049 2536 1127 2603 leges
1143 2551 1191 2590 no·

161 2609 316 2662 vissimesa
332 2609 359 2662 S.
376 2609 446 2662 Sede
459 2609 545 2661 editas
559 2609 588 2660 in
604 2607 662 2662 bul.
676 2607 738 2663 Post
747 2607 893 2662 diatomos
901 2609 944 2661 Pii
957 2609 1017 2663 VII.
1031 2609 1115 2660 Anal.
1132 2610 1191 2675 jur.

165 2681 244 2734 Pout.
259 2681 294 2733 ad
308 2694 353 2732 an.
364 2681 434 2744 itit,
443 2693 506 2747 pag.
518 2681 589 2733 ilic.

201 2881 264 2938 ιιι.
286 2873 382 2938 Tertia
404 2873 609 2952 congregatio,
625 2889 692 2950 quae
713 2871 752 2935 de
773 2873 967 2936 contentiosis
988 2874 1195 2936 criminalibus

164 2964 330 3041 cognoscit,
339 2971 384 3025 est
394 2963 589 3041 congregatio
598 2979 691 3024 sacrae
699 2959 1080 3040 universalislnquisitionis
1091 2971 1122 3025 et
1128 2970 1193 3025 San·

165 3053 205 3114 cti
219 3051 322 3128 Officii,
335 3069 402 3130 quae
416 3060 485 3114 ante
499 3069 603 3113 omnes
614 3052 687 3113 alias
699 3051 832 3112 instituta
845 3052 935 3112 habet
948 3065 1101 3114 summum
1120 3053 1194 3112 Pon·

171 3141 281 3204 tiflcem
292 3141 322 3200 in
336 3143 520 3217 Praefectum,
531 3143 632 3219 plures
646 3158 736 3218 quam
754 3156 809 3201 sex
824 3141 993 3202 cardinales
1016 3139 1047 3199 in
1063 3141 1196 3216 judices,

169 3231 260 3291 alium
275 3231 458 3293 cardinalem
472 3231 502 3291 in
521 3230 723 3304 secretariam,
738 3230 913 3306 Regularem
926 3229 964 3290 de
976 3228 1086 3289 familia
1101 3235 1130 3290 S.
1146 3234 1201 3290 llo·

168 3319 270 3380 minici
289 3319 319 3378 in
333 3319 579 3396 commissarium,
593 3320 644 3397 qui
661 3326 762 3396 partes
782 3319 858 3395 gerit
874 3317 982 3395 judicis
996 3317 1151 3394 ordinarii,
1166 3325 1196 3379 et

167 3409 363 3482 coadiuvatur
384 3409 423 3468 ab
441 3409 499 3467 alio
512 3425 665 3468 assessore
676 3413 728 3483 (i),
741 3409 916 3484 Regularem
927 3407 965 3468 de
978 3406 1089 3468 familia
1102 3407 1194 3468 ilino-

167 3508 236 3552 rum
252 3494 495 3554 conventualium
517 3494 548 3552 in
563 3498 776 3571 consultorem,
793 3504 823 3556 et
842 3507 988 3574 praeterea
1004 3497 1118 3557 multos
1131 3514 1200 3556 san-

176 3578 278 3639 ctitate
287 3580 366 3653 vitae,
381 3587 411 3640 et
424 3580 560 3643 decuma
572 3584 734 3657 praeclaros
747 3584 922 3664 Episcopus,
937 3585 1199 3662 reformatae
