2410 4068
390 651 596 735 TITULUS
621 653 719 734 XIX.

348 873 385 918 DE
399 873 607 922 anuarrcroltull
620 873 734 922 ΠΝΙΟΝΕ.

62 1067 201 1124 Sllttllltlllnr
219 1070 275 1126 ate.
289 1071 350 1124 Unio
365 1075 401 1124 eet
419 1072 497 1136 reule,
510 1071 545 1124 vel
556 1071 691 1138 personalia.
702 1100 733 1110 -
747 1073 802 1124 516.
816 1073 892 1126 iiealie
904 1074 1019 1140 quomodo
1029 1075 1065 1128 rii·

82 1140 165 1206 ulatur,
180 1147 203 1194 et
219 1143 337 1209 quomodo
351 1143 470 1194 ertinollva
486 1143 541 1194 liot‘?
553 1171 584 1181 -
604 1143 659 1196 alr.
673 1143 728 1204 Qua
742 1143 881 1210 subjectiva?
898 1171 924 1180 -
939 1146 993 1196 518.
1009 1145 1064 1206 Quo

83 1209 157 1263 untur
172 1227 238 1278 aque
250 1214 396 1279 principalis?
407 1241 435 1252 -
451 1215 504 1265 519.
521 1213 642 1274 Quomodo
655 1216 736 1282 possit,
752 1220 792 1268 aut
805 1213 885 1281 debeat
894 1216 1015 1282 episeopus
1024 1216 1065 1268 he·

81 1283 201 1336 reinerum
217 1289 314 1337 uniones
324 1285 419 1336 lacere?
432 1313 463 1324 -
477 1285 530 1338 520.
543 1287 639 1346 Quando
653 1287 726 1352 possit
738 1287 802 1338 unire
817 1285 926 1338 boneium
940 1291 1064 1352 reseruata,

80 1356 108 1406 rel
118 1356 215 1408 aneae?
227 1383 258 1394 -
274 1357 329 1408 521.
355 1357 412 1416 oca
431 1356 593 1410 lumleianum
614 1359 711 1409 uniones
723 1358 830 1423 episcopo
843 1357 1021 1411 mterdioanluri
1032 1369 1064 1398 '-

79 1427 124 1478 522.
140 1427 254 1480 Beneficia
271 1428 334 1480 unita
349 1431 424 1493 potest
436 1428 557 1494 epiecopus
570 1430 593 1479 in
607 1429 729 1496 pristinum
743 1432 826 1480 statum
834 1427 951 1480 reducere.
965 1455 997 1468 -
1008 1430 1062 1482 523.

80 1497 142 1556 Quare
155 1499 285 1566 personalis
297 1499 458 1550 beneficiorum
470 1499 525 1551 unio
537 1499 706 1566 prohibeatur?
716 1525 746 1538 -
761 1500 816 1551 5il.
830 1499 957 1564 Quotuplioi
977 1500 1064 1552 mtione

77 1567 171 1621 moelem
181 1571 228 1622 sint
240 1569 433 1635 incompatibilia?
444 1597 475 1608 -
495 1572 553 1622 iia.
571 1571 627 1631 Qua
641 1571 689 1621 sint
705 1583 781 1636 poena
802 1573 882 1622 eontra
900 1570 1009 1624 benenom
1026 1572 1064 1622 in·

77 1638 213 1706 mmpatileitia
231 1641 376 1692 retinentes?
390 1669 420 1684 -ψ
433 1641 488 1693 526.
499 1642 536 1694 aa
546 1640 689 1694 cousuetudo
705 1641 790 1694 licitam
811 1641 906 1694 reddere
928 1645 996 1708 queat
1009 1641 1061 1709 plu-

76 1712 124 1764 rium
136 1713 300 1766 strenuorum
312 1713 485 1766 retentionem?

79 1883 131 1942 515.
149 1881 224 1942 Unio
246 1881 465 1942 beneficiorum
490 1879 650 1958 dupliciter
674 1880 833 1958 contingit,
860 1896 969 1959 nempe
993 1897 1063 1942 cum

54 1965 137 2028 duoin
159 1987 255 2031 unum
274 1978 507 2049 componuntur,
526 1979 579 2032 aut
601 1987 670 2032 oum
695 1971 756 2031 duo
770 1971 822 2031 uni
844 1971 1060 2032 conferuntur:

53 2055 129 2128 prima
142 2059 249 2120 dicitur
262 2060 362 2134 reolo,
380 2061 513 2120 seeundo
523 2060 699 2137 personalis.
711 2065 841 2135 Utraque
853 2059 957 2119 odiosa
965 2063 1021 2132 est,
1032 2065 1062 2119 et

53 2158 97 2204 noo
107 2147 187 2208 laoilc
200 2148 355 2224 probatur,
375 2148 433 2208 nisi
444 2148 558 2224 justam
571 2147 716 2208 euidentia
728 2146 870 2221 utilitatis,
892 2153 944 2207 aut
956 2163 1061 2208 neces-

53 2231 127 2294 sitatis
138 2237 247 2296 hebeat
261 2252 394 2311 causam,
412 2242 442 2297 et
463 2255 481 2295 a
501 2235 632 2312 legitima
646 2234 824 2296 auctoritate
846 2235 906 2308 iiai,
926 2235 994 2312 quia
1007 2237 1061 2296 ad·

52 2330 166 2386 versatur
181 2325 295 2401 regulae
304 2325 381 2400 juris
395 2343 402 2384 :
418 2325 538 2400 simpulo
551 2324 683 2402 Simpulio
700 2325 836 2407 beneficio
850 2325 1059 2400 conserantur:

51 2423 106 2471 uam
117 2413 139 2472 si
159 2416 246 2490 plura
260 2413 290 2475 in
305 2429 408 2487 unum,
424 2412 470 2474 rel
483 2413 536 2473 uni
554 2413 740 2490 adjiciantur,
755 2412 894 2474 Ecolcoiae
908 2410 1061 2476 servitium

50 2498 135 2576 minui,
149 2510 179 2562 el
188 2501 411 2562 ecclesiasticus
425 2503 500 2562 ordo
514 2502 644 2580 perverti
657 2503 756 2563 debet.

76 2591 130 2648 lli.
150 2591 246 2654 llealis
261 2589 332 2650 unio
348 2597 395 2650 est
416 2589 533 2666 triplex,
549 2592 606 2650 alia
626 2592 795 2660 collectiva,
812 2590 870 2650 alia
890 2589 1058 2666 subjectiva,

51 2677 133 2738 etalio
145 2698 222 2758 aque
238 2679 423 2758 principalis.
449 2680 618 2744 Extinctiva
630 2679 702 2741 unio
724 2679 902 2758 appellatur,
917 2694 986 2745 oum
999 2677 1058 2740 duo

51 2762 175 2830 beneficia
188 2769 426 2846 supprimuntur,
446 2777 476 2832 et
498 2787 539 2830 ex
559 2785 665 2830 eorum
688 2767 780 2840 veluti
801 2767 927 2828 materia
945 2783 1059 2828 nouum

50 2853 213 2930 elormaeur,
229 2865 262 2917 ut
275 2859 300 2916 si
312 2875 352 2918 ex
365 2859 484 2920 <luobus
498 2856 723 2920 canonicatibus
736 2857 909 2916 efformatae
918 2855 1056 2934 dignitas,

50 2949 88 3001 aut
99 2961 135 3004 err
152 2946 268 3010 duabus
281 2949 430 3023 parochiis
442 2967 502 3010 uua
515 2966 572 3026 pro
588 2949 717 3008 duorum
731 2946 912 3023 populorum
926 2945 1057 3006 necessi·

49 3035 96 3091 ate
109 3035 287 3111 efformetur,
303 3054 372 3113 quae
386 3037 424 3096 sil
436 3037 576 3098 omnibus
591 3036 719 3112 propria.
735 3041 767 3096 ln
781 3035 838 3095 hac
855 3035 973 3096 unionis
987 3052 1055 3112 spo-

48 3118 92 3193 eie,
106 3125 185 3200 nujus
202 3142 290 3186 rarus
306 3131 351 3185 est
367 3141 450 3199 usus,
469 3125 543 3186 illud
557 3123 708 3202 peculiare
721 3130 776 3197 ost,
792 3123 874 3201 quod
894 3131 1054 3186 cousuetu-

48 3207 128 3286 emm,
149 3223 178 3274 et
191 3212 344 3292 privilegia
357 3213 506 3290 primitivo
520 3221 588 3290 post
609 3212 751 3275 urionem
763 3214 870 3274 adhue.
880 3213 1052 3284 subsistant,

49 3303 71 3355 el
82 3299 104 3358 si
118 3303 197 3378 prius
210 3297 285 3365 lor'te
301 3303 452 3380 contraria
467 3303 587 3376 luerint,
601 3320 638 3363 ea
652 3301 823 3378 subsistant,
838 3318 905 3378 quae
918 3300 1052 3375 meliora,

49 3391 72 3444 et
82 3387 279 3452 favorabilium
290 3409 371 3452 noro
384 3390 529 3454 beneflcio
544 3395 638 3463 aunt(
658 3395 679 3464 ).

71 3523 103 3590 (¹)
111 3526 215 3598 Pirhlng
229 3531 359 3606 oepraelo.
372 3543 400 3584 n.
415 3531 471 3586 iol.
485 3530 669 3587 Nihilominus
684 3529 736 3585 hoc
758 3542 812 3584 nou
830 3525 937 3582 uidetur
954 3523 1050 3580 obser-
