2426 4070
470 81 574 138 -lss
594 91 630 124 -'

54 199 141 274 ctione,
152 205 200 260 ant
208 202 433 263 consecratione
445 202 567 279 indiget,
576 203 645 280 qnia
659 201 791 264 Ecclesia
800 202 950 263 moraliter
963 203 1052 263 hobe-

54 295 89 348 tnr
106 303 213 366 semper
237 291 358 366 eadem,
386 307 565 370 semperque
590 295 687 368 major
713 309 783 369 pars
807 291 977 364 benedicta,
1003 293 1051 352 vel

53 385 197 438 consecrata
218 380 306 438 trahit
319 379 360 440 ad
378 397 411 440 se
433 388 549 461 partem
573 381 729 455 minorem,
750 380 790 441 'ed
810 397 901 457 qnam
926 385 1050 456 propter

53 465 166 526 unionem
183 467 350 528 benedictio
369 475 398 530 et
411 470 598 530 consecratio
625 469 796 532 successive
815 470 1009 544 extenditur(
1028 473 1049 541 ).

76 595 99 658 (ll
111 597 167 662 (lep.
180 597 204 660 6,
221 597 255 650 de
271 611 377 653 consec.
391 599 488 652 eccles.
499 600 674 654 Roillenstuel
689 601 723 654 ed
739 599 829 655 eumd.
844 600 884 652 tit.
899 613 927 650 n.
950 598 988 650 ll.

79 768 127 823 lli.
140 768 266 828 Ecclesia
279 768 421 845 polluitur
435 771 475 830 ob
494 771 648 847 sequentia
667 772 743 831 factu
758 769 814 830 sibi
828 769 959 846 graviter
973 767 1050 843 inju-

55 850 115 912 riosa
130 856 325 919 ctcriminosa
350 858 427 918 intra
439 875 527 920 suum
546 859 697 920 internum
716 858 859 920 ambitum
880 856 1051 926 commisse,

55 938 184 1004 mmmm:
199 951 228 1004 l⁰
241 947 282 1006 ob
300 947 509 1020 voluntariam,
529 955 558 1008 et
575 948 750 1025 injuriosam
760 947 882 1008 humani
901 941 1054 1019 sanguinis
1109 959 1112 966 ’

55 1029 199 1094 effunonem
211 1053 230 1094 a
242 1037 367 1098 vulnere
380 1038 558 1112 productam
570 1041 610 1110 (l)
622 1055 633 1110 ;¹
644 1043 676 1096 2⁰
695 1038 734 1097 ob
747 1035 940 1096 homicidium
951 1033 1057 1094 volun·

54 1117 147 1194 unum,
160 1122 226 1182 licet
240 1125 362 1200 sanguis
377 1142 437 1184 nou
459 1126 628 1186 effundatur
645 1131 703 1199 (E);
719 1131 749 1185 3⁰
762 1124 801 1184 ob
815 1122 1053 1195 fornicationem,

54 1206 217 1284 aduertam,
246 1219 277 1272 et
301 1214 463 1289 quamlibet
486 1213 683 1276 voluntariam
703 1221 733 1274 et
760 1213 890 1274 illicitam
916 1209 1054 1286 pollutio-

54 1309 107 1354 nem
126 1303 191 1373 (3);
218 1307 250 1360 4⁰
274 1303 316 1362 ob
340 1306 524 1379 sepulturam
550 1303 693 1376 infidelis,
718 1309 770 1363 aut
792 1296 1053 1370 excommunicati,

55 1387 150 1458 quando
162 1395 206 1450 est
224 1393 369 1452 notorius.
389 1393 546 1470 inspicitur
565 1400 665 1454 autem
682 1395 767 1453 locus
780 1391 832 1451 nbi
851 1407 941 1450 causa
955 1386 1054 1448 crimi-

55 1474 89 1533 nis
107 1477 195 1551 posita
213 1481 269 1539 furit
288 1483 389 1542 :unde
404 1483 429 1542 si
443 1482 686 1558 qnispcrcussus
704 1481 733 1540 iu
750 1480 881 1540 Ecclesia
895 1484 981 1539 extra
999 1481 1055 1536 Ec-

56 1565 150 1626 clesiam
170 1569 345 1646 sanguinem
363 1571 481 1643 fuderit,
502 1572 552 1630 vel
564 1577 693 1630 mortem
706 1568 822 1642 obierit,
838 1572 940 1628 manet
953 1567 1056 1625 Eccle-

56 1651 214 1729 risnellum,
232 1675 294 1717 non
307 1675 380 1718 vero
394 1659 423 1718 in
440 1676 512 1718 casu
527 1659 688 1732 contrario,
710 1658 762 1718 ubi
774 1655 840 1733 quis
853 1663 940 1716 extra
954 1655 1056 1714 Eccle-

55 1739 110 1802 titm
119 1760 275 1817 percussus
284 1746 322 1806 ad
337 1747 474 1808 eamdem
488 1747 659 1819 accesserit,
672 1747 762 1822 inque
775 1763 812 1806 es
826 1743 1010 1820 sanguinem,
1025 1747 1056 1800 et

54 1827 121 1892 iilum
132 1833 248 1907 ludent,
264 1835 333 1911 qnia
342 1838 425 1896 nullo
435 1837 465 1896 in
476 1839 535 1896 boc
548 1853 620 1896 casu
629 1835 736 1912 injuria
745 1835 893 1909 irrogatur
905 1831 1053 1890 Ecclesiae.

54 1917 95 1975 set
106 1935 159 1980 uon
172 1921 258 1982 aliter
273 1941 312 1984 ex
327 1924 414 1984 dictis
430 1925 514 1986 lactis
528 1926 670 2001 polluitur
693 1923 834 1996 Ecclesia,
849 1937 939 1996 quem
953 1919 978 1977 si
990 1919 1056 1978 iue-

52 2002 95 2064 u'nt
113 2011 237 2072 notoria.-
254 2017 329 2072 Nam
344 2013 369 2073 si
382 2014 441 2072 sint
454 2015 582 2088 occulta
602 2031 663 2074 non
679 2013 806 2073 violatur
831 2007 973 2080 Ecclesia,
987 2007 1056 2083 quic

53 2095 143 2158 nulum
172 2107 216 2160 est
239 2102 374 2176 ejusdem
398 2102 530 2163 dedecus
549 2102 579 2162 iu
598 2101 816 2163 existimatione
840 2097 1009 2168 homiuum,
1026 2102 1057 2155 et

53 2181 146 2248 aliunde
171 2189 312 2250 Ecclesiae
336 2189 449 2266 puritas
472 2191 603 2252 humano
624 2190 735 2266 flagitio
758 2189 788 2248 in
810 2205 842 2247 sc
864 2184 967 2245 violari
996 2201 1055 2243 non

53 2277 187 2350 luent).

75 2403 101 2470 (l)
112 2407 177 2462 Hinc
188 2423 245 2462 non
259 2411 390 2477 polluitur
404 2413 517 2464 ecclesie
528 2413 552 2464 si
566 2411 678 2476 sanguis
701 2409 830 2461 tundatur
842 2417 916 2468 casu,
931 2406 978 2454 eut
988 2403 1056 2454 torte

54 2484 76 2523 tt
87 2481 199 2547 neribus,
213 2485 261 2534 eut
273 2496 323 2548 per
339 2483 439 2534 lectum
462 2484 576 2534 ementis
590 2488 638 2533 eut
650 2481 685 2532 ad
699 2481 742 2532 sui
756 2478 950 2531 defensionem,
966 2475 1013 2524 ant
1027 2474 1055 2523 in

54 2547 126 2612 digua
146 2555 305 2618 quantitate,
319 2555 363 2606 vel
379 2555 473 2620 paucis
493 2555 585 2620 guttis.
600 2554 641 2605 ld.
657 2551 724 2604 ibid.
739 2565 769 2602 n.
790 2547 921 2610 15‚-(·t)
941 2545 1004 2596 Gan.
1027 2545 1055 2596 19
1133 2573 1135 2577 -

53 2613 96 2669 list.
112 2624 294 2682 succenseo.
311 2630 338 2676 et
356 2639 416 2691 cap.
439 2626 462 2686 4,
478 2627 511 2677 de
529 2639 632 2677 consec.
650 2623 752 2678 Eccles.
775 2620 828 2674 Sed
851 2616 1056 2669 homicidinma

52 2686 130 2746 furioso
146 2700 293 2763 patratum,
314 2699 356 2750 vel
372 2700 406 2750 ob
422 2701 464 2750 sui
477 2698 672 2756 defensionem,
687 2695 728 2746 vel
751 2707 825 2750 casn,
840 2691 912 2741 hunc
929 2685 1055 2770 ellectum

53 2767 225 2828 ncnprodncit,
241 2769 333 2820 1d.ib.
348 2771 384 2834 (3)
397 2797 427 2807 -
442 2770 505 2821 Cen.
522 2769 562 2832 to,
577 2767 637 2818 dist,
656 2768 677 2828 l,
694 2765 727 2816 dc
742 2765 888 2815 consecet
904 2773 962 2825 cap.
981 2772 1053 2809 umc.

54 2829 78 2881 (le
89 2849 183 2890 consec.
207 2841 280 2892 Eccl.
295 2841 323 2890 in
340 2841 363 2892 6.
379 2840 528 2904 Propterea
541 2839 655 2904 pollutio
674 2850 728 2887 non
741 2836 828 2892 obest,
846 2833 869 2883 si
884 2834 983 2898 praeter
996 2843 1054 2882 om·

53 2911 98 2980 tren
108 2907 279 2962 intentionem
292 2916 417 2963 occurret
432 2913 578 2968 insomne,
593 2909 636 2960 vel
651 2904 885 2962 occurretinvitis,
900 2907 947 2954 eut
961 2915 1053 2953 amen·

53 2973 115 3028 ttbns.
141 2981 237 3034 Obstat
256 2986 347 3034 tammr
367 2997 400 3034 ex
420 2981 598 3048 probabiliori
623 2977 757 3030 sententia
780 2976 836 3034 ille,
862 2987 924 3041 quae
951 2973 1056 3054 copules

53 3048 147 3101 neuun
160 3052 240 3122 inest,
255 3053 308 3104 nisi
326 3054 476 3106 necessitas
489 3054 609 3104 excuset.
623 3049 665 3100 Id.
681 3049 717 3100 ib.
732 3063 761 3099 n.
775 3047 806 3098 tt
820 3070 827 3108 ·,
842 3051 869 3098 et
879 3045 907 3095 S.
925 3045 964 3096 De
977 3046 1054 3109 Ergo·

53 3115 82 3165 ric
92 3119 109 3170 l.
118 3123 140 3181 6.
154 3137 180 3174 u.
200 3124 256 3174 365.
267 3151 299 3161 ·—
311 3125 346 3190 (l)
361 3127 489 3176 Doctores
501 3124 534 3174 ad
549 3122 589 3173 tit.
605 3121 639 3172 de
652 3133 759 3172 consec.
775 3118 847 3170 Eccl.
867 3117 919 3168 Hic
930 3118 1056 3196 notamus

52 3186 119 3242 rideri
132 3194 281 3246 Ecclesiam
295 3199 360 3248 tunc
375 3196 456 3248 etiam
468 3194 562 3261 pollui,
570 3207 632 3245 cum
641 3192 792 3258 Episcopus
801 3191 923 3242 intrusus
937 3184 1056 3238 endetm

53 3267 77 3306 ee
86 3259 243 3318 pertineatis
257 3267 405 3329 celebrare,
424 3270 451 3318 et
461 3265 688 3332 jurisdictionem,
703 3275 784 3328 quem
801 3274 855 3312 non
871 3259 962 3314 hebet.
978 3267 1054 3306 exer-

54 3333 150 3406 tuslta
159 3337 265 3388 eruitur
278 3351 312 3388 ex
326 3351 456 3402 responso
472 3337 514 3387 Pii
523 3336 571 3399 Vl,
583 3335 615 3386 ed
627 3335 785 3400 episcopum
799 3330 1055 3407 Argentoratensem

55 3395 93 3450 dici
104 3405 131 3455 ll
139 3407 199 3471 julii
215 3408 285 3466 1791,
299 3408 327 3458 in
347 3419 400 3475 quo
414 3407 502 3459 eidem
524 3405 656 3473 precipit,
671 3409 710 3463 ut,
723 3404 746 3456 si
763 3402 797 3453 ad
816 3400 1055 3476 Ecclestem'suem

55 3475 222 3538 autumem,
238 3479 351 3544 expulso
367 3478 472 3532 intruso
482 3477 616 3540 brandei,
633 3474 731 3528 reuerti
745 3470 841 3538 possit,
856 3466 1056 3522 solemnitatem
