2426 4070
458 183 617 238 -ldl-

38 303 236 368 testimonium:
254 307 336 378 Quod
349 305 428 368 Deus
450 305 614 382 eonjteaeit,
631 304 717 366 homo
736 310 943 380 montmoret,
960 303 1042 380 qnod

40 397 204 457 confirmavit
218 397 348 457 Christus
359 395 440 474 apud
453 401 482 456 S.
496 401 606 456 Lucam
620 393 667 462 his
678 393 798 454 verbis:
815 393 918 453 Omnis
931 393 984 470 qui
996 393 1043 452 di·

39 485 111 542 nittit
128 502 251 545 umorem
271 502 360 544 suunt
376 493 403 544 et
425 485 554 544 alteram
576 483 666 558 decit,
681 483 865 555 maechetur,
882 489 908 541 et
931 481 983 560 qui
996 482 1042 542 di·

39 573 142 633 itinam
154 592 173 634 u
186 575 250 634 viro
264 575 355 648 decit,
372 575 536 634 mechatur
554 576 594 647 (t)
608 590 615 632 :
636 571 744 633 similia
757 571 905 632 habemus
919 571 998 648 apud
1011 575 1042 632 S.

40 665 147 722 lucum
161 667 221 735 (9)ss
238 665 318 724 unde
332 669 360 725 S.
376 665 483 724 Paulus
496 661 625 739 Magistri
639 659 817 722 sententiam
835 659 989 736 explicans
1002 660 1044 720 ita

43 751 87 810 ait:
99 751 135 812 lia
146 753 198 829 qui
211 755 406 814 matrimonio
413 753 515 829 juncti
528 759 610 824 aunt,
624 751 832 828 precipientem
847 766 906 826 eye,
922 750 972 808 sed
985 749 1043 810 Do·

42 841 131 914 inians,
145 859 272 903 aeonem
293 859 314 901 e
333 841 397 902 viro
422 859 476 902 suo
496 856 558 902 non
578 840 732 909 discedere,
747 839 865 918 quodsi
881 838 1044 898 discesserit

41 945 140 989 numne
159 931 331 1006 innuptam,
354 939 408 991 out
425 933 489 992 viro
509 947 563 990 suo
583 928 777 990 reconciliari.
797 928 835 988 Et
855 928 901 988 eir
918 942 1044 988 oaorem

41 1033 88 1076 oon
98 1018 223 1078 dimittet
233 1023 284 1090 (3).
307 1019 509 1079 Tridentinum
523 1017 652 1095 denique
666 1016 807 1090 delinivit,
821 1015 1043 1076 matrimonium

41 1108 121 1179 quoad
133 1108 286 1168 uinculum
301 1107 420 1169 dissolri
434 1125 494 1167 non
509 1125 597 1184 posse
610 1113 734 1183 propter
748 1105 897 1178 haeresim,
913 1110 964 1162 ant
977 1119 1043 1163 mo-

40 1194 156 1256 lestatam
171 1197 433 1269 cohabitationem,
448 1203 500 1256 ant
514 1194 702 1268 adulterium,
724 1201 754 1254 et
776 1193 806 1254 in
825 1210 889 1266 eos,
905 1191 956 1268 qui
970 1209 1043 1252 con·

40 1284 144 1344 tranum
157 1285 301 1352 dicerent,
312 1286 469 1345 anathema
481 1286 546 1345 tulit
557 1289 608 1358 (t).
625 1289 770 1344 Gaeterum
782 1279 963 1342 matrimonii
977 1297 1045 1340 oon·

42 1373 159 1432 summati
171 1373 459 1434 indissolubilitatem
470 1373 535 1450 ipsa
546 1373 688 1433 naturalis
697 1371 773 1432 ratio
784 1373 943 1431 eoniirmat
955 1389 961 1429 :
975 1385 1045 1430 nam

42 1460 69 1517 ab
80 1479 111 1520 ea
131 1463 337 1536 eonventiooe,
353 1466 383 1523 in
405 1481 464 1539 qua
481 1480 531 1522 res
545 1480 606 1522 non
622 1461 807 1538 estamplius
823 1463 948 1535 integra,
963 1476 1046 1534 quae·

43 1565 85 1622 qna
95 1551 213 1627 initiam
223 1558 361 1624 executa,
376 1551 479 1626 nequit
491 1552 618 1626 amplius
630 1550 743 1622 reaedi3
755 1557 785 1610 et
798 1549 876 1609 siant
889 1550 979 1608 homo
991 1565 1045 1608 ne·

44 1638 90 1710 quit
102 1656 210 1716 corpus
224 1657 312 1700 suum
325 1639 483 1713 dimittere,
498 1639 538 1699 ita
552 1640 623 1700 illud
635 1639 767 1700 mulieris
776 1639 923 1699 dimittere
932 1636 1046 1712 nequit,

45 1725 104 1802 quia,
118 1745 203 1788 sacro
219 1727 339 1804 eloquio
363 1735 498 1802 testante,
511 1731 574 1806 jam
593 1747 654 1788 una
669 1747 740 1788 earo
754 1727 851 1788 effecti
870 1733 950 1802 suut,
969 1733 1000 1786 et
1013 1725 1045 1785 in
1088 1738 1090 1741 ·

45 1822 95 1875 nata
110 1819 189 1893 prole
203 1826 350 1894 perpetuo
364 1818 439 1878 uniti
451 1826 703 1896 repraesentantur
712 1823 764 1892 (d).
992 1815 995 1820 '

66 1981 94 2046 (t)
105 1983 164 2036 nuc.
179 1999 202 2036 ο.
220 1984 257 2036 ia.
273 2012 305 2024 -
317 1985 353 2050 (a)
367 1961 449 2036 nire.
465 1999 488 2036 e.
512 1985 548 2036 io.
568 2011 599 2022 -
612 1985 647 2050 (a)
659 1985 672 2034 1
684 1985 718 2035 au
741 1983 860 2036 oanan.
876 1999 900 2037 ο.
925 1984 953 2036 r:
965 2011 995 2021 -
1010 1983 1046 2050 (i)

45 2049 91 2103 un.
107 2056 120 2104 5
136 2062 162 2106 et
174 2058 198 2114 6,
214 2069 283 2118 sess,
296 2057 337 2118 tl,
354 2057 388 2108 da
408 2071 465 2108 sue.-
481 2057 560 2113 Matr.
571 2083 603 2096 -
619 2057 655 2122 (5)
673 2057 778 2108 ideireo
799 2057 943 2107 Romulum
959 2057 1047 2120 legem

45 2123 229 2186 alienatorum,
243 2127 317 2179 eirea
327 2127 366 2180 aie
379 2127 478 2180 hebere
489 2141 594 2190 naeres,
608 2131 637 2180 ut
650 2141 708 2178 rem
722 2128 911 2189 neeessariam,
924 2126 1048 2193 nulloque

47 2191 198 2250 divellendum
212 2197 300 2250 modo.
318 2199 373 2250 Nee
383 2202 461 2264 juvat
476 2213 609 2264 regerere,
624 2200 825 2250 matrimonium
839 2213 855 2250 a
871 2200 1047 2251 conventione

46 2267 143 2330 accipere
156 2269 211 2318 vim
220 2290 229 2319 ιἸ
251 2283 314 2320 uam
333 2271 375 2320 vel
390 2272 531 2321 conventio
549 2270 580 2321 lit
596 2271 805 2336 inperpetuum,
819 2271 1046 2335 utpostuletne-

46 2337 90 2386 tnra
102 2341 270 2399 matrimonii,
284 2340 355 2406 qnod
371 2355 404 2392 ex
418 2341 498 2392 dietis
512 2342 539 2392 in
556 2341 711 2408 definitione
724 2336 891 2393 individuam
905 2343 967 2394 vitae
981 2355 1048 2392 oon-

48 2410 191 2462 suetudinam
215 2414 342 2476 eontinet,
358 2412 399 2463 vel
418 2413 448 2463 iit
467 2413 499 2462 ad
517 2417 639 2478 tempus,
654 2413 699 2464 sed
719 2403 768 2464 h‘oo
785 2427 850 2464 casu
864 2417 972 2464 nonest
990 2425 1047 2462 am·
1094 2435 1097 2442 ·

47 2476 98 2536 ullus
113 2483 321 2545 matrimonium,
342 2497 403 2533 cum
422 2483 449 2533 in
471 2484 609 2534 essentiali
631 2485 760 2536 attributo
784 2484 900 2535 deficiat.
916 2481 1048 2534 Similiter

48 2547 74 2596 nil
90 2553 194 2615 prodest
214 2567 352 2618 opponere
367 2553 455 2606 looum
464 2557 522 2620 jam
536 2557 646 2606 citatum
662 2555 689 2606 S.
701 2555 830 2613 Matthaei,
843 2557 871 2604 in
883 2568 935 2620 quo
950 2552 1050 2602 dieitur

48 2629 85 2670 non
99 2623 175 2676 lieare
194 2623 341 2687 dimittere,
359 2625 415 2678 ne'st'
435 2628 465 2678 ab
483 2626 714 2691 luminationem:
737 2641 800 2678 nem
819 2627 877 2678 hmo
894 2625 978 2677 verba
995 2637 1049 2674 non

49 2697 91 2768 sunt
104 2695 242 2748 referenda
255 2697 289 2747 ad
306 2697 464 2763 sequentia:
485 2702 510 2751 et
526 2698 612 2750 alium
631 2698 740 2752 deserit
752 2711 761 2764 ‚'
775 2698 823 2750 sed
837 2698 872 2748 ad
888 2696 1048 2763 praecedeu-

49 2761 85 2810 ia:
95 2766 137 2830 qni
149 2765 285 2820 dimiserit
301 2781 412 2819 erarem
423 2782 502 2820 auem
514 2789 520 2820 ι
531 2783 584 2835 quo
599 2769 776 2835 significatur,
786 2783 835 2838 per
846 2769 1049 2832 fornicationem

48 2841 167 2900 turpasse
182 2837 241 2888 lieri
256 2839 402 2890 divortium
415 2840 502 2905 quoad
522 2841 670 2900 vinculum,
691 2840 739 2892 sed
756 2846 860 2891 tautum
881 2839 971 2907 quoad
990 2839 1048 2891 tho·

50 2914 98 2957 nn.
109 2907 212 2970 Quihns
226 2910 310 2962 rebus
326 2911 365 2962 sio
380 2912 525 2971 stantibus,
538 2913 682 2964 manifesta
696 2913 725 2962 flt
745 2912 882 2964 temeritas
895 2927 988 2962 eorum
1002 2913 1049 2978 qui

50 2984 179 3040 ementem
199 2983 321 3032 statuunt
342 2982 496 3032 damnatam
513 2983 734 3049 propositionem,
749 2997 862 3049 eamque
882 2983 1050 3036 detendunt:

49 3041 94 3126 dee
104 3055 206 3103 autore
218 3052 393 3104 enutrimenta·
406 3052 545 3106 vineatum
557 3057 664 3106 nonest
680 3053 870 3120 indeantando,
881 3057 906 3108 et
920 3054 951 3108 in
965 3053 1051 3108 vertis

50 3118 128 3242 Ξωιιιὺιξ
141 3121 289 3246 &orheim
303 3121 412 3191 proprie
430 3123 534 3178 dietum
554 3123 718 3180 anctoritate
733 3125 809 3180 civili
830 3125 934 3182 sanciri
955 3127 1050 3192 potest.

63 3201 218 3258 ya.prop.
265 3232 272 3244 .

77 3385 127 3444 433.
146 3387 308 3449 ltivortium
332 3389 431 3466 quoad
453 3392 573 3453 thorum
591 3397 621 3454 et
641 3393 855 3454 habitationem
877 3392 908 3452 in
922 3391 1050 3468 ipsomet

53 3473 214 3538 matrimonio
236 3487 443 3540 consummato
461 3481 525 3542 lieri
549 3488 718 3558 potestant
740 3483 771 3542 in
793 3487 983 3558 perpetuum,
998 3486 1050 3540 aut

54 3557 203 3642 aitempus,
211 3572 276 3627 tum
285 3567 439 3644 utriusque
449 3571 585 3646 conjugis
597 3587 756 3644 consensu,
767 3577 832 3630 tum
841 3571 934 3628 altero
943 3567 1046 3627 invito.
