2410 4068
453 146 615 209 -203..

49 275 75 328 ul
84 268 110 328 in
120 231 245 346 corpore
255 269 349 346 iuris,
363 269 434 331 min
449 287 510 345 aas,
524 289 591 348 quae
605 273 636 332 in
647 272 762 349 regulis
773 269 960 334 Conoellmiae
973 275 1052 349 Apo

50 359 141 418 stolim
154 358 355 433 continentum
380 364 411 420 3⁰
431 359 463 420 in
486 377 548 435 eas,
573 377 640 438 quae
653 378 708 438 per
725 367 862 438 posteras
877 361 1054 424 Pontificum

51 447 254 510 constitutiones
264 449 385 509 luerunt
398 449 587 512 introductae.

73 650 101 715 (l)
112 651 199 703 devoti
212 651 268 704 Int.
282 664 342 704 ean.
358 651 376 704 l.
391 654 412 712 l,
425 655 446 704 t.
462 653 486 715 5,
501 653 514 717 ξ
528 651 567 713 30,
578 652 606 704 in
616 655 671 704 not.
681 654 751 719 -ttt
765 653 915 721 Scriptores
926 652 1050 715 aderunt,

51 723 131 785 primos
143 723 287 776 Pontifices
302 724 497 776 reservationes
511 739 565 777 non
578 725 686 790 iecisse,
700 739 761 792 quae
772 725 969 792 posterioribus
984 732 1052 778 tem-

50 794 138 856 poribus
147 794 257 847 luerunt
272 795 442 848 introduotre.
457 797 574 850 Possunt
587 797 696 863 quidem
721 797 820 849 summi
845 797 991 850 Pontifices
1008 810 1052 850 re·

51 865 190 917 sacrationes
208 879 264 918 non
278 866 383 928 lacerer
398 865 447 919 sed
469 881 524 918 uon
538 870 653 934 possunt
667 867 701 919 oh
718 881 915 934 quamcumque
935 868 1050 934 praxim,

51 937 287 989 otconsuetudinem
299 939 362 1002 jnra
372 937 488 990 lactendi
498 939 608 1003 privari.
619 937 784 992 labantibus
794 939 875 1004 plane
890 939 999 992 seculis
1008 939 1050 990 vi-

50 1017 98 1068 pera
108 1013 262 1072 ooepemnt3
279 1008 328 1060 sed
342 1009 425 1073 iustis
440 1014 467 1061 et
489 1010 669 1061 rationalibus
683 1010 717 1062 da
743 1011 842 1068 causis,
857 1022 925 1075 quas
939 1023 1049 1062 enume·
1145 1015 1154 1028 ¹

50 1081 80 1126 rot
92 1076 189 1142 Riganti
201 1079 237 1130 ad
255 1079 301 1132 cit.
320 1093 375 1144 reg.
392 1079 414 1144 l,
429 1093 481 1132 sn.
496 1082 520 1132 9.
542 1079 618 1132 Inter
632 1079 771 1145 Principes
784 1079 948 1145 apostolicis
961 1093 1051 1132 reser-

49 1147 176 1201 rotiooihus
190 1150 311 1214 primum
324 1150 453 1202 obstitere
470 1151 562 1216 Angli,
578 1149 676 1203 deinde
690 1151 814 1216 Hispani,
829 1155 857 1204 et
870 1149 961 1202 Galli:
979 1151 1053 1202 unde

47 1230 135 1270 necasse
146 1221 197 1272 snit
208 1221 262 1272 hac
273 1234 355 1287 super
369 1235 398 1273 re
408 1221 478 1275 inire
492 1222 662 1274 concordata.
677 1221 740 1284 Sed,
754 1222 834 1273 leons
847 1223 928 1274 etism
942 1234 1052 1272 concor·

48 1285 109 1352 datis,
122 1291 192 1342 solva
202 1305 313 1358 semper
323 1293 423 1344 mansit
432 1306 559 1359 supremo
570 1293 668 1344 srrmml
679 1291 815 1346 Poulltcis
825 1293 980 1356 auctoritas,
990 1305 1052 1358 quae

48 1359 105 1410 solra
117 1362 192 1412 etiam
202 1368 299 1416 manet
308 1377 391 1428 snpra
404 1364 491 1428 ipsum
502 1363 651 1416 Concilium
665 1363 862 1428 Tridentinnm,
875 1366 907 1414 ut
916 1363 944 1414 in
958 1362 1052 1414 eodem

48 1431 216 1493 sapientissimi
233 1434 330 1486 Patres
343 1434 523 1486 declararunt.
539 1435 614 1486 Trid.
635 1447 702 1488 sess.
718 1434 758 1498 25,
776 1449 798 1485 o.
820 1433 860 1497 tl,
873 1432 907 1486 de
919 1434 968 1486 ret.
981 1433 1052 1484 Hinc

49 1503 184 1556 concordata
199 1505 378 1570 intelligenda
393 1511 456 1557 suut
470 1507 578 1571 dejure
593 1505 729 1558 ordinario
744 1524 751 1557 ε
765 1519 829 1558 nam
846 1518 968 1558 summus
978 1505 1051 1558 Pon-

49 1571 97 1622 tilar
106 1574 136 1625 de
153 1579 288 1640 potestate
301 1589 351 1628 sna
374 1577 508 1640 absoluta,
522 1581 548 1630 et
561 1577 722 1642 urgentibus
735 1577 864 1643 gravibus
876 1577 975 1642 causis,
990 1580 1051 1643 pot-

49 1645 78 1691 est
95 1644 153 1708 ipsis
172 1647 344 1700 concordatis
362 1647 500 1712 derogare.
517 1647 690 1700 Reiffenstuel
709 1647 743 1700 do
758 1648 897 1714 prebent.
916 1661 933 1700 a
950 1661 975 1699 n.
994 1648 1050 1700 425.

48 1737 69 1749 -
79 1715 106 1780 (3)
117 1715 252 1768 Peculiari
263 1719 397 1770 mentione
414 1719 496 1786 digna
509 1723 551 1770 est
562 1719 672 1784 partitio
689 1721 717 1770 in
733 1721 929 1771 reservatioues
941 1731 1052 1784 penmo-

49 1782 409 1852 accommodaremus
430 1791 485 1842 illae
507 1791 687 1858 appellantur,
703 1790 803 1855 quibus
827 1790 906 1856 pluro
919 1789 1053 1842 beneficia

49 1853 209 1924 inconcinni,
225 1862 331 1912 ratione
343 1875 530 1926 personarum,
548 1864 595 1912 aut
608 1866 763 1923 rorum,uut
777 1860 897 1912 locorum
911 1873 1053 1912 reservan-

49 1929 81 1976 tur
91 1947 96 1988 ;
108 1930 237 1994 speciales
255 1945 319 1984 vero
332 1931 387 1984 illae
402 1937 475 1990 sunt.
497 1933 598 1999 quibus
611 1935 715 1984 camum
728 1931 890 1984 beneficium
905 1945 954 1998 pro
968 1935 1052 1989 certo,

49 1997 78 2046 rel
91 1999 185 2053 incerta
196 2016 324 2070 persono,
341 2017 375 2056 ers
388 2003 521 2068 singulari
532 2017 613 2055 causa
629 2017 682 2054 non
693 2008 825 2069 perpetua
835 2005 999 2054 reservatur.
1010 1999 1066 2054 nd-

50 2071 157 2132 speciales
177 2075 378 2126 reservationes
397 2076 552 2126 reseruntur
570 2075 696 2126 mandata
711 2075 745 2125 de
766 2072 943 2140 providendo,
958 2073 1055 2136 gratiss

49 2144 200 2203 expecucivae
211 2145 248 2196 ad
257 2145 396 2205 hecateia,
409 2151 437 2198 at
449 2147 517 2210 lpsae
531 2145 729 2197 reservationes
740 2145 954 2209 mortalesque
968 2141 1053 2196 aTri-

50 2207 134 2264 dcndno
148 2216 267 2268 sublatae
282 2222 353 2278 sunt,
368 2221 400 2267 ut
412 2219 548 2282 nequeant
560 2216 678 2281 amplius
687 2216 807 2281 concedi,
821 2219 849 2268 at
864 2215 1001 2268 concessis
1014 2214 1055 2266 uti

50 2283 177 2338 conticeat.
190 2285 268 2338 Trid.
283 2300 351 2340 sess.
365 2287 406 2354 24,
422 2302 446 2340 o.
457 2287 497 2352 19,
513 2287 547 2340 de
558 2288 607 2340 rel.

74 2555 249 2628 ortonnes
270 2556 402 2633 primum
423 2561 511 2633 Papae
532 2561 724 2618 reservantur
749 2554 895 2616 beneflcio
916 2553 1054 2622 vacantia

50 2641 110 2710 trud
121 2645 218 2704 radam
231 2646 437 2720 apostoticam.
460 2647 594 2706 Clemens
608 2650 653 2720 lv,
667 2644 746 2704 hano
764 2641 999 2712 reservationem
1013 2659 1054 2702 ex

50 2727 147 2804 antiqua
160 2735 378 2794 consuetudine
391 2734 421 2793 ln
440 2733 670 2797 ecclesiasticam
684 2735 782 2808 legem
794 2731 929 2812 redusit,
941 2747 1008 2806 quoe
1022 2730 1052 2792 in

50 2827 161 2891 corpore,
183 2821 276 2896 iuris,
302 2821 415 2882 scilicet
438 2821 469 2882 iu
496 2828 583 2882 sento
611 2819 806 2880 decretalium
833 2823 878 2891 (l)
903 2818 1054 2880 recensita

51 2899 89 2961 trit
105 2911 152 2978 (2).
176 2910 344 2970 Boniiaoius
364 2927 438 2970 vero
458 2915 529 2984 vlll,
548 2909 685 2970 eamdem
697 2906 933 2969 reservationem
945 2907 986 2968 ita
999 2925 1055 2967 ex-

50 2989 156 3071 llicarit,
170 3004 204 3057 ut
226 3000 495 3076 comprehenderet
514 2997 660 3060 beneflcio
677 3003 864 3073 legatorum,
880 3005 910 3058 et
930 2996 1053 3058 Nuntio·

49 3087 139 3143 1111118.
155 3087 249 3160 Sedis,
271 3095 301 3148 et
320 3089 448 3149 aliorum
466 3103 723 3164 quorumcumque
739 3086 985 3148 beneficiatorum
1001 3103 1054 3146 re·

50 3165 174 3234 cientium
187 3175 226 3234 ad
240 3177 357 3237 Curiam
378 3182 549 3249 Romanam,
564 3175 664 3236 veleb
683 3191 720 3234 ea
739 3173 951 3248 recedentium,
971 3175 1003 3233 si
1024 3174 1056 3234 in

52 3249 403 3337 transducendum
420 3264 525 3324 vicinis
542 3263 620 3324 intra
644 3263 719 3324 duas
739 3263 844 3336 dietae,
859 3265 908 3324 vel
926 3261 1055 3338 quadra-

50 3342 114 3438 unta
125 3351 258 3412 milliaria
272 3353 370 3414 italica
391 3353 470 3414 diem
484 3368 658 3429 supremum
671 3351 788 3413 obirent
802 3355 843 3425 (3)
855 3369 863 3425 ;
876 3350 929 3412 sed
944 3353 1053 3422 Grego-

50 3441 99 3492 rrus
110 3440 154 3512 lx,
170 3440 199 3500 in
213 3440 342 3503 Concdio
355 3441 545 3518 lugdunensi
557 3442 636 3504 hano
647 3439 882 3502 reservationem
901 3434 1056 3498 restrinxit

51 3518 79 3580 td
90 3539 227 3608 mensem,
240 3529 282 3592 ita
295 3537 339 3609 ut,
359 3537 510 3593 mansueto
530 3545 633 3594 mense
646 3545 665 3589 a
680 3527 728 3590 die
741 3524 915 3602 vocatoris,
928 3529 959 3586 et
972 3523 1054 3588 ncdle
