2426 4070
614 135 757 192 ..9⁰-

174 253 197 308 6.
210 255 379 308 Contrarium
395 259 485 310 tamen
495 257 655 310 observatur
670 257 698 309 in
713 255 858 309 affinitate:
873 269 936 308 nam
947 256 993 322 qui
1007 257 1068 324 pust
1083 267 1203 320 sponsa·

174 327 254 380 liade
276 328 365 379 tuturo
382 343 443 380 cum
459 343 523 387 una.
538 329 684 380 carnaliter
699 329 835 392 cognoscit
850 329 909 393 ejus
923 327 1160 391 consanguineam
1182 327 1203 377 ir

173 400 268 464 primo,
284 399 327 450 vel
350 400 467 452 secundo
483 399 578 465 meda,
598 413 651 450 nun
670 404 758 465 potest
775 398 892 465 amplius
911 397 1116 449 matrimonium
1135 397 1203 449 inire

172 483 233 522 cam
244 470 416 536 desponsata,
431 471 495 538 quia
515 471 631 522 affinitas
645 472 757 523 suborta
771 470 827 534 epil
843 473 964 528 retract
978 465 1069 536 priora
1084 481 1203 532 spunsa-

171 540 208 592 lia
216 541 353 593 rescindit.
365 543 429 609 Gap.
439 544 453 593 8
463 546 490 595 et
499 544 523 606 9,
531 542 564 594 de
575 556 606 594 eu
617 547 663 608 qui
674 556 749 605 cogn.
762 548 813 593 etc,
824 569 851 578 -
862 543 896 606 (3)
909 542 968 592 Bul.
980 540 1022 592 la
1031 539 1203 593 Romanum.

171 640 202 651 —
214 613 247 678 (il
262 613 326 665 Can.
345 613 382 676 lt,
394 621 421 665 et
433 614 471 678 15,
486 628 509 666 c.
524 615 563 665 27.
579 628 605 680 q.
617 613 642 678 2,
652 618 679 665 et
690 627 750 678 cap.
763 615 788 672 8,
800 612 833 664 de
851 625 942 678 spons.
958 611 1006 664 ubi
1021 610 1162 676 sancitur,
1176 619 1203 662 ut

169 684 262 736 nullus
275 685 546 750 consanguineorum,
563 684 591 737 id
610 688 652 737 est
671 685 743 736 intra
762 689 890 751 quartum
902 683 1027 750 gradum,
1038 687 1125 749 queat
1150 683 1203 736 sibl

170 767 298 824 sponsam
309 757 435 825 copulare
449 757 571 809 alterius.

202 981 269 1038 383.
290 975 420 1038 Dubitari
433 983 533 1055 polest
551 977 582 1038 in
602 977 708 1038 ordine
730 977 769 1038 ad
788 977 919 1053 primurn
940 993 979 1038 an
1002 977 1203 1054 sponsalibus

168 1065 317 1126 dissolutis
331 1083 386 1143 per
396 1073 526 1127 ‘mortem
540 1066 709 1127 alterutrius
728 1065 911 1143 desponsati,
926 1073 978 1126 aut
989 1083 1043 1142 per
1057 1071 1203 1126 mutuum

168 1172 359 1230 mosomum,
375 1164 426 1216 aut
439 1172 494 1232 per
508 1154 596 1216 aliam
606 1157 717 1233 justam
732 1171 864 1228 causam,
882 1154 1010 1230 publicae
1030 1154 1203 1214 honestatis

166 1243 411 1321 impedimentum
424 1245 528 1305 adhuc
536 1244 674 1304 subsistat
684 1246 697 1304 l
708 1243 766 1304 Sed
779 1243 922 1304 resolutio
935 1243 1110 1303 affirmativa
1125 1261 1203 1318 pru-

166 1333 286 1392 balura
307 1331 458 1393 decisione
479 1337 507 1392 S.
532 1331 775 1408 congregatione
796 1335 813 1391 6
836 1331 901 1391 iulii
927 1336 998 1391 luas
1022 1332 1202 1408 apluribus

166 1420 344 1480 Ductoribus
362 1420 460 1493 citata,
486 1427 516 1480 et
532 1420 570 1479 ab
586 1419 755 1479 alexandro
777 1424 824 1480 llll
847 1418 1034 1492 confirmata,
1054 1419 1114 1495 qni,
1138 1421 1201 1480 hac

116 1559 125 1570 .
165 1509 315 1569 mediante
338 1509 574 1582 confirmatione,
601 1508 708 1568 meritc
736 1507 959 1568 canonistarum
978 1507 1199 1584 disputationes

100 1617 104 1624 ’
165 1596 338 1672 amputavit.
362 1601 437 1656 llam
459 1614 529 1658 cum
551 1596 797 1672 impedimentum
818 1613 858 1656 ex
877 1595 981 1655 validis
1004 1597 1199 1672 sponsalibus

161 1685 224 1760 pm
238 1683 277 1744 sit
290 1693 400 1759 ortum,
416 1702 477 1745 nun
492 1691 589 1761 potest
602 1684 731 1761 amplius
745 1686 876 1746 humanu
891 1685 981 1760 lacto,
996 1692 1046 1746 aut
1061 1686 1196 1762 despon-

164 1777 297 1833 saturum
309 1775 481 1849 voluntate,
495 1780 548 1834 eut
561 1773 650 1834 eliam
664 1773 813 1834 ordinaria
824 1773 934 1850 iudicis
947 1773 1124 1836 auctoritate
1138 1793 1196 1836 au-

163 1860 235 1921 ferri
249 1863 300 1934 (l).

193 1999 229 2124 (l)
243 1999 354 2124 Rictlboer
364 1999 443 2052 affert
460 1999 542 2052 aliam
556 2001 745 2055 resolutionem
760 2001 887 2066 similem,
904 2001 939 2054 ad
955 2014 1021 2055 sess.
1036 2003 1076 2064 tl,
1090 2003 1124 2056 dc
1139 2006 1191 2057 ref.

162 2085 207 2124 ma
219 2086 240 2124 r.
254 2087 282 2124 n.
346 2111 352 2124 .

195 2271 260 2328 386.
283 2267 414 2328 Dubitari
427 2274 526 2344 potest
539 2267 570 2328 in
583 2268 688 2332 urdine
711 2270 750 2330 ad
767 2269 999 2341 accendamur
1020 2286 1060 2328 ex
1083 2268 1186 2330 matri-

160 2355 261 2417 monio
275 2357 404 2416 invalido
425 2357 538 2418 oriatur
552 2359 678 2434 publicae
698 2359 864 2420 honestetis
884 2357 1140 2434 impedimentum,
1156 2366 1189 2420 et

159 2462 254 2522 usque
268 2446 306 2505 ad
318 2452 457 2522 quartum
470 2446 597 2522 gradum
611 2446 729 2522 vigeat?
739 2447 796 2508 Sed
810 2446 1039 2523 respondemus,
1056 2447 1186 2506 affirma-

161 2533 251 2594 tivam
265 2551 333 2595 esse
347 2541 480 2608 certam,
505 2535 573 2596 licet
590 2536 670 2596 enim
686 2553 725 2596 ex
752 2535 941 2612 sponsalibus
966 2535 1125 2595 defuturo
1145 2553 1184 2596 ex

160 2637 348 2698 quacumque
371 2639 460 2710 causa
487 2623 623 2684 invalidis
650 2640 704 2700 per
725 2622 938 2700 supracitatum
962 2622 1118 2682 Tridentini
1137 2616 1193 2685 de'

160 2718 275 2771 cretum
289 2728 349 2770 nun
364 2710 476 2770 oriatrrr
489 2711 751 2788 impedimentum,
766 2709 850 2771 aliter
865 2717 964 2772 tamen
979 2720 1025 2772 est
1034 2712 1073 2772 de
1084 2711 1185 2774 inveli-

159 2795 199 2856 du
211 2797 401 2857 matrimonio
416 2797 604 2864 sentiendum
624 2817 631 2858 ε
653 2816 724 2859 nam
741 2803 769 2858 S.
794 2799 861 2858 Pius
884 2804 964 2873 ll(l)
987 2798 1065 2859 idem
1083 2799 1185 2862 decre-

158 2891 222 2946 tum
242 2885 393 2961 restringit
406 2886 445 2947 ad
458 2885 608 2962 sponsalia
619 2887 656 2947 de
670 2888 781 2962 tuturo,
803 2894 833 2946 et
847 2887 979 2948 declarat
992 2887 1021 2947 in
1036 2887 1183 2950 matrimu-

157 2972 208 3032 niu
222 2975 443 3034 observandum
455 2992 521 3034 esse
528 2976 577 3052 jus
591 2976 763 3052 antiquum3
780 2977 861 3054 alqui
876 2993 915 3036 ex
926 2979 993 3053 jure
1004 2976 1122 3053 antiqno
1139 2996 1181 3042 ex

156 3061 345 3121 matrimonio
358 3062 447 3122 etiam
467 3065 548 3123 nullu
562 3064 713 3124 oriebatur
727 3064 853 3141 publicae
873 3066 1037 3126 honestatis
1057 3067 1181 3143 impedi·-

156 3147 300 3224 mentum,
314 3150 405 3210 modo
429 3153 543 3212 nullum
564 3169 625 3212 nun
642 3159 720 3212 esset
739 3170 778 3213 ex
796 3153 913 3214 deiectu
933 3171 1096 3216 consensus
1113 3161 1175 3229 (tlt

156 3254 229 3314 ergo
247 3255 285 3298 ex
300 3239 382 3298 nullu
399 3239 589 3300 matrimonio
609 3239 704 3300 uritur
724 3241 850 3316 publieae
873 3241 1036 3303 honestatis
1055 3244 1176 3320 mpedi-

155 3332 301 3400 mentum,
316 3327 406 3386 modu
420 3328 534 3387 nullum
549 3345 609 3388 nun
623 3328 661 3388 sit
674 3346 713 3389 ex
726 3329 844 3390 deiectu
862 3347 1038 3406 consensus,
1049 3337 1081 3392 ut
1098 3332 1120 3392 ai
1133 3350 1175 3393 es·

156 3420 202 3474 set
214 3420 403 3474 contractum
417 3431 470 3490 per
485 3431 628 3490 errorem,
641 3423 692 3477 aul
699 3434 754 3493 per
765 3425 889 3492 metum,
902 3435 963 3494 quo
973 3420 1091 3496 quidem
1103 3438 1175 3483 casu

156 3503 270 3562 nullum
287 3503 426 3580 producit
443 3503 698 3582 impedimentum.
714 3507 797 3567 Ratio
811 3514 910 3569 autem
924 3510 1012 3585 huJus
1031 3511 1172 3588 exceptio
