2410 4068
604 119 767 186 ..1⁸3-

160 241 197 317 (a
210 248 275 318 (lap.
288 232 337 315 ir,
357 249 391 302 ds
411 235 487 302 elect.
504 251 531 302 et
544 261 605 316 cap.
626 249 651 310 t,
672 249 706 302 de
723 259 843 301 concess.
866 249 1005 316 praebend.
1024 247 1085 301 lloe
1098 251 1179 301 tamen

161 326 268 444 marsus
281 335 334 404 non
348 321 432 402 currit
454 321 589 404 ignoranti
606 321 787 404 meutiquam,
800 323 846 372 eut
863 319 898 372 ad
918 320 1085 404 beneficium
1099 321 1179 402 conle-

161 406 208 446 rsn
230 405 275 444 um
291 391 429 457 impedito,
451 391 505 444 aisr
519 405 535 444 a
549 393 593 444 dre
609 397 730 444 screnum
747 405 775 442 m
799 405 896 474 primo,
910 393 938 442 et
953 394 1129 474 potentiam
1146 405 1179 443 se·

161 461 248 586 titt
257 463 570 586 illaedibile?
577 464 628 586 tt
633 463 712 600 itt
726 463 990 600 latitaret.
1001 464 1028 586 Ξ.
1037 463 1179 600 {titt

160 603 249 690 linger
262 604 296 657 de
309 605 397 673 suppl.
411 604 483 671 negl.
498 605 602 672 praelat.
618 619 645 657 n.
662 605 716 658 ddi.

195 793 258 851 tae.
277 793 348 850 Post
365 807 516 852 summum
528 789 705 854 Pontificem
715 789 882 852 ordinarius
894 789 1118 852 beneficiorum
1124 805 1179 850 om·

161 879 244 940 nium
255 879 379 939 collator
392 885 438 940 est
451 882 616 957 Episcopus
629 879 729 958 quoad
739 897 800 941 suae
814 879 953 940 dioecesis
968 879 1125 953 beneficia,
1139 875 1179 953 qui

160 967 315 1028 fundatam
328 967 417 1028 habet
431 967 461 1026 in
473 969 540 1046 jure
554 969 707 1029 communi
724 975 903 1046 potestatem
919 967 1105 1040 conterendi,
1134 964 1179 1025 nisi

162 1056 222 1116 sint
231 1059 346 1131 affecta,
361 1064 413 1117 aut
425 1064 587 1131 reservata,
603 1059 651 1120 vet
664 1058 749 1118 alteri
761 1057 927 1134 probentur
940 1057 1083 1117 devoluta
1093 1059 1143 1128 (i).
1157 1059 1179 1113 E·

161 1145 303 1222 piscopns
316 1147 372 1206 lrac
386 1153 533 1222 potestate
543 1147 584 1206 uti
598 1164 659 1206 non
672 1144 857 1222 prohibetur,
872 1143 986 1206 etiamsi
1002 1153 1091 1206 extra
1105 1159 1179 1203 suam

162 1233 316 1294 dioecesim
328 1236 503 1311 reperiatur,
521 1235 591 1313 quia
603 1234 739 1295 beneficii
760 1233 879 1294 collatio
896 1240 942 1294 est
955 1233 1090 1308 donabo,
1109 1239 1138 1292 et
1152 1229 1179 1289 ad

162 1324 277 1384 tructus
288 1323 335 1382 sui
348 1325 485 1384 beneficii
500 1325 639 1402 pertinet,
655 1341 741 1400 quos,
758 1323 939 1400 ubicumque
952 1323 1131 1400 reperiatur,
1146 1335 1179 1379 re

164 1419 212 1473 cte
224 1412 348 1490 colligit,
363 1418 393 1473 et
407 1413 520 1476 donare
533 1419 633 1490 potest
649 1419 659 1487 (
679 1417 700 1487 ).

195 1585 231 1650 (l)
245 1585 309 1637 Gan.
322 1585 351 1636 lu
364 1590 391 1637 et
406 1585 443 1645 li,
458 1599 481 1638 c.
500 1585 538 1649 ta,
552 1601 579 1654 q.
594 1587 619 1638 7.
638 1615 662 1626 -
679 1586 716 1652 (i)
730 1585 822 1654 Aliqui
835 1587 926 1638 tamea
940 1584 1081 1653 excipiunt
1095 1583 1179 1636 urben

164 1655 286 1720 Romam,
303 1656 332 1706 in
341 1671 395 1722 qua
410 1658 433 1708 si
448 1659 601 1723 reperiatur
617 1658 776 1723 Episcopus,
788 1658 883 1723 nequit
896 1671 954 1709 suae
967 1657 1097 1710 dioecesls
1111 1657 1179 1706 bane«

165 1728 226 1780 licia
239 1726 368 1788 conterre,
383 1729 448 1793 quia
464 1736 494 1782 ut
509 1729 690 1782 Proconsules
704 1730 885 1782 Romanorum
894 1727 1078 1794 ingredientes
1091 1726 1179 1780 Urbem

165 1797 334 1863 deponebant
347 1800 500 1866 imparium,
516 1800 556 1852 sic
569 1801 696 1869 Episcopi
711 1799 894 1866 ingredientes
912 1800 1063 1852 Romanam
1085 1797 1179 1852 Curiam

164 1870 291 1922 videntur
303 1870 436 1936 deponere
454 1871 544 1936 aliquo
559 1871 638 1924 modo
652 1872 847 1936 auctoritatem,
860 1885 922 1937 quea
938 1872 965 1922 in
986 1872 1093 1923 minore
1105 1877 1179 1921 coram

164 1943 267 2010 majore
276 1941 376 1994 dieitur
388 1942 578 1996 conticescere.

200 2148 264 2206 490.
284 2149 394 2206 Praeter
418 2143 601 2222 Episcopum
621 2151 692 2206 sunt
710 2145 760 2206 alii
782 2143 998 2206 beneficiorum
1026 2144 1178 2206 collatores.

165 2231 214 2294 Sic
228 2232 327 2294 omnia
340 2233 471 2309 capitula
485 2233 677 2308 cathedralia,
691 2233 768 2318 sede·
781 2241 917 2308 vacante,
933 2235 1092 2296 oentenrnt
1104 2235 1178 2292 bene·

165 2322 233 2384 ficia
254 2323 293 2383 ad
314 2323 504 2384 collationem
526 2323 678 2400 Episcopi,
705 2332 735 2384 et
760 2322 885 2399 Capituli
906 2323 1106 2385 communiter
1126 2335 1178 2396 spe·

166 2411 277 2472 etantie
299 2415 358 2486 (l);
384 2409 455 2474 licet
477 2411 664 2488 generaliter
677 2419 828 2489 nequeant
841 2413 977 2474 conterre
991 2407 1134 2474 beneficia
1152 2405 1178 2466 ad

165 2501 345 2577 Episcopum
359 2502 508 2575 devoluta,
525 2508 555 2561 et
572 2501 721 2578 adipsum
734 2503 802 2578 jure
817 2501 938 2579 proprio
952 2503 1116 2578 spectantia
1130 2501 1178 2572 (ili

166 2589 238 2650 item
253 2592 411 2652 conferunt
424 2589 579 2664 beneficia,
602 2607 669 2667 qoae
683 2598 784 2652 erecta
797 2591 918 2651 luerunt
932 2609 970 2651 ex
983 2591 1071 2652 bonis
1084 2600 1177 2651 mensa

166 2677 260 2755 ipsius
273 2680 407 2756 Capituli,
423 2688 453 2743 et
471 2697 538 2755 quae
551 2697 591 2740 ex
605 2679 754 2752 diuturna,
780 2685 810 2739 et
828 2679 1056 2740 immemorabili
1068 2691 1177 2739 consue·

166 2768 269 2828 tudine
285 2786 303 2826 a
321 2767 454 2842 capitulo
476 2769 585 2830 collata
603 2785 723 2844 semper
740 2770 861 2830 fuerunt
881 2773 931 2839 (3).
948 2775 1008 2832 ilac
1032 2769 1061 2828 in
1075 2785 1108 2828 re
1120 2761 1177 2827 illud

166 2855 397 2927 observandum,
413 2857 494 2932 quod
508 2857 640 2917 existens
654 2857 683 2916 in
698 2857 900 2932 possessione,
915 2865 966 2919 aut
980 2858 1065 2935 quasi
1075 2869 1177 2934 posses⁴

167 2940 251 3002 sione
264 2943 394 3020 legitima
408 2944 485 3020 juris
499 2946 672 3006 conterendi
685 2946 782 3006 relide
798 2944 925 3021 confert,
941 2949 1077 3024 quamvis
1091 2949 1177 3022 postea

166 3039 356 3107 agnoscatur,
376 3033 426 3110 jus
440 3035 612 3096 conterendi
633 3035 748 3096 ratione
770 3035 858 3110 tituli,
880 3043 932 3096 aut
947 3035 1134 3114 proprietatis
1150 3027 1177 3090 ad

165 3117 258 3182 alium
270 3120 430 3197 pertinere,
440 3122 509 3199 qnia
522 3124 640 3184 collatio
651 3123 779 3200 pertinet
791 3125 830 3185 ad
842 3126 1058 3188 beneficiorum
1067 3125 1176 3191 fructuri

167 3225 244 3286 quos
252 3211 332 3288 juste
345 3211 433 3272 bonae
444 3211 513 3272 fidei
526 3229 683 3288 possessor
698 3229 771 3274 suos
783 3212 855 3274 lacit
868 3219 878 3286 (
899 3220 921 3288 ).

198 3375 234 3442 (l)
251 3375 315 3444 Cap.
326 3377 399 3442 unio.
412 3391 446 3428 ne
457 3375 513 3429 sed.
526 3391 584 3430 vac.
602 3379 630 3430 in
643 3378 668 3430 6.
682 3405 714 3416 —
727 3378 762 3443 (2)
775 3379 814 3430 Ex
825 3380 888 3444 J'ure
902 3381 1038 3431 communi
1047 3373 1176 3431 beneflcio·

167 3461 228 3499 rum
242 3447 447 3513 canonicalium,
461 3451 488 3500 et
504 3449 585 3500 etiarn
601 3447 759 3502 interiorum
771 3451 877 3502 collatio
891 3451 1010 3516 pertinet
1022 3451 1112 3515 simul,
1122 3451 1145 3501 et
1155 3446 1176 3494 it

167 3517 284 3573 solidum
300 3519 333 3572 ad
347 3517 509 3587 Episcopum
521 3521 550 3574 et
563 3521 725 3588 Capitulum,
741 3523 806 3589 quia
818 3521 932 3578 tundata
941 3526 1140 3589 presumuntur
1151 3528 1176 3571 ex
