2426 4070
463 181 496 194 ...
516 139 604 210 87¹..

96 271 145 330 ur.
157 269 225 330 llinc
238 271 277 330 ob
295 273 469 334 affinitatem
491 274 675 351 prohibitum
693 279 739 336 est
751 273 974 337 matrimonium
987 274 1065 336 inter

72 358 194 419 uuluam
212 362 370 438 cognitam,
386 373 416 423 et
431 363 672 439 consanguineos
684 362 750 437 viri,
774 371 804 424 et
819 365 897 424 inter
912 364 1019 436 virum,
1035 368 1065 423 et

69 447 273 524 romanguineos
301 451 436 511 muberis
450 457 502 523 (l).
522 452 580 515 Sed
605 469 675 512 cum
698 452 824 512 affinitas
842 453 980 529 proprias
1003 467 1064 510 non

70 535 151 595 lrabeat
166 536 267 612 bnans,
281 546 371 615 atque
383 540 504 616 gradus,
519 557 572 600 eos
587 558 605 599 a
619 539 876 617 consanguinitate
899 546 1063 613 mutuatur,

68 622 125 682 unda
136 624 222 684 oritur
235 629 340 703 regula
356 647 363 686 :
379 627 597 702 1111111111111111
614 635 641 687 et
656 636 742 704 quoto
755 629 852 704 gradu
862 629 928 704 quis
939 634 980 688 ast
995 643 1063 688 con·

69 713 214 788 conuictus
233 716 309 792 uiro,
328 715 574 786 aeternitatum
594 716 691 792 91111111
704 724 746 776 ert
765 717 868 792 utfinis
887 717 949 791 ejus
962 715 1063 789 taurus,⁸

70 806 91 858 et
99 800 146 862 vice
156 821 241 864 versa
258 823 264 864 :
282 805 348 874 Quo
359 805 392 864 in
405 804 492 878 tinec,
505 811 532 864 ct
546 811 632 881 quoto
644 805 741 882 gradu
754 805 818 880 quis
831 812 874 864 cst
888 803 1063 879 consangui-

67 903 118 948 aas
128 892 219 966 111111,
233 893 339 952 cadem
351 892 439 966 tineo,
454 901 481 953 at
495 893 592 969 gradu
610 900 654 953 ast
667 893 769 968 affinis
786 893 847 969 cius
861 889 924 958 olto
937 897 988 964 (2).
1004 891 1063 952 sed

67 980 248 1055 consanguinei
262 981 330 1054 viri,
346 985 377 1040 et
392 981 495 1040 uxoris
508 981 586 1042 inter
599 998 632 1042 se
649 982 754 1042 almos
767 997 828 1040 uon
842 973 922 1056 sort,
937 978 1006 1056 quia
1018 980 1061 1040 ad·

66 1063 139 1127 dnus
150 1069 319 1130 affinitatem
332 1085 394 1129 non
408 1068 485 1144 parit
499 1072 551 1142 (3).

84 1211 110 1276 (l)
122 1213 171 1266 lloc
182 1215 264 1268 babet
278 1213 370 1267 locum
382 1216 487 1268 etiamsi
502 1216 601 1268 mulier
618 1215 726 1281 cognita
739 1214 822 1266 suerit
839 1212 932 1276 invita,
946 1212 989 1265 vel
1011 1225 1061 1279 per

62 1281 115 1333 rin:
126 1299 174 1337 non
192 1288 263 1338 anim
278 1287 308 1338 in
328 1288 379 1339 hoc
398 1301 462 1338 casu
476 1287 626 1340 attenditur
639 1286 674 1338 ad
688 1285 1059 1351 personarumvoluntatsm,

62 1353 96 1402 sed
107 1357 135 1405 ad
149 1357 245 1409 tactum
259 1359 466 1424 conjunctionis.
479 1358 542 1424 Gap.
559 1359 627 1417 6,(11
643 1371 673 1409 eo
685 1358 731 1424 qui
746 1371 823 1421 cogn.
834 1361 885 1408 etc.
902 1382 931 1394 -
945 1356 981 1422 (t)
994 1357 1060 1408 Pro·

62 1425 132 1486 parea
150 1429 171 1480 si
196 1443 340 1494 ponamus,
367 1430 511 1481 carnaliter
534 1433 693 1495 conjunctos
715 1429 817 1480 habere
846 1427 1061 1492 consanguineos
1133 1489 1139 1506 ἱ

61 1498 216 1560 ascendentes,
229 1501 409 1560 collaterales,
417 1505 444 1554 et
453 1502 657 1563 descendentes,
669 1501 756 1552 aderit
767 1500 839 1552 linea
850 1497 1055 1558 ascendentalls,

61 1565 201 1634 collateralis,
216 1576 243 1623 at
262 1571 489 1632 descendantalis‚
505 1576 532 1624 et
546 1573 627 1624 simul
642 1572 758 1624 aderunt
778 1571 881 1636 gradus
897 1569 1059 1635 consangui-

61 1637 137 1692 nitatis.
149 1643 225 1696 Unde
241 1645 265 1695 si
279 1643 378 1696 Petrus
392 1643 572 1710 conjungatur
586 1643 690 1706 Mariae,
703 1649 735 1694 ut
748 1643 775 1693 in
790 1641 913 1708 sequenti
924 1641 1061 1716 schemata

61 1707 135 1764 Petrus
146 1716 193 1768 erit
205 1715 294 1766 affinis
312 1716 399 1767 Annae
414 1717 493 1766 matri
510 1715 604 1766 Mariae
618 1715 646 1765 in
660 1715 747 1781 primo
762 1713 846 1780 gradu
861 1712 941 1763 lineas
960 1725 1055 1764 ascen·

61 1777 244 1846 dentalis,tuliae
259 1799 325 1838 vero
338 1787 424 1838 sorori
439 1786 532 1837 Mariae
542 1785 570 1835 in
581 1785 676 1836 eodem
687 1785 774 1852 primo
787 1784 872 1850 gradu
887 1784 965 1834 lineae
980 1783 1060 1834 colla·

61 1851 138 1912 trians.
153 1860 177 1907 et
191 1857 265 1908 Caiae
285 1855 350 1907 filie
368 1856 462 1908 Marica
485 1857 584 1907 iterum
605 1857 633 1906 ln
648 1857 735 1923 primo
750 1855 835 1920 gradu
850 1854 930 1905 lineas
945 1853 1058 1906 descen·

61 1919 157 1977 lanulis.
171 1927 201 1978 ur
222 1927 297 1979 idem
320 1927 465 1978 dicandum
488 1928 522 1980 de
548 1927 644 1990 Maria,
664 1941 725 1993 quae
750 1927 837 1977 affinis
856 1927 908 1976 erit
930 1925 1058 1991 losepho‚

60 1989 141 2055 loanni,
153 2001 179 2048 at
192 1999 284 2050 Lucio.
296 1997 350 2050 Sed
363 1997 463 2049 Lucius
475 2012 530 2049 non
543 1997 572 2049 tit
585 2011 634 2064 per
649 1998 699 2050 hoc
711 1997 800 2049 affinis
815 1997 896 2057 Gaiae,
914 2001 943 2047 at
960 1996 1000 2047 sic
1015 1997 1058 2047 di·

62 2068 117 2114 catur
133 2066 163 2118 de
176 2069 245 2122 aliis.
262 2069 291 2118 Si
310 2069 362 2120 hoc
386 2068 495 2120 schema
514 2070 675 2120 extendatur
688 2071 722 2120 ad
737 2069 805 2119 alios
817 2067 1058 2132 consanguinitatis

60 2135 135 2211 tradas
148 2153 232 2205 usque
246 2139 281 2191 ad
298 2146 426 2206 quartum
441 2140 582 2199 inclusive,
597 2146 628 2190 ut
644 2141 672 2192 in
687 2140 823 2191 schemate
838 2141 1057 2202 consanguinita-

61 2208 91 2268 tu,
102 2210 232 2263 nauilaste
243 2210 396 2278 apparebit,
408 2224 461 2276 quo
475 2209 570 2276 gradu,
583 2216 609 2262 et
622 2225 676 2278 qua
688 2211 760 2262 linea
769 2209 864 2262 affines
878 2210 933 2261 sint
946 2213 1057 2276 conjun-

61 2276 92 2328 cti.
104 2281 182 2332 Arbor
198 2281 339 2334 affinitatis
360 2281 515 2334 authentica
535 2282 679 2334 exhibetur
697 2296 714 2334 a
730 2289 804 2334 sexto
825 2281 1007 2333 Decretallum
1022 2281 1057 2333 da

61 2358 156 2420 uumng.
173 2357 200 2405 at
212 2351 286 2406 affin.
302 2353 358 2405 Nos
371 2352 422 2405 hoc
435 2353 593 2406 adducimus
606 2354 717 2407 brevius
729 2352 867 2405 affinitatis
879 2351 1007 2404 schema:

295 2461 390 2584 Josfpl.
711 2462 787 2588 11111.

190 2591 875 2712 sumamma.

191 2722 286 2836 ud.
808 2723 871 2835 cd.

60 2904 80 2920 ·
90 2888 117 2950 (1)
128 2889 273 2960 Propterea
286 2891 339 2946 duo
353 2891 451 2944 fratres
464 2904 561 2943 exuna
575 2892 654 2958 parta
669 2904 731 2942 cum
745 2889 852 2942 duabus
867 2887 1005 2942 sororibus
1021 2901 1055 2942 ex

62 2953 360 3034 altera,quemadmodum
373 2968 450 3028 pater
460 2965 486 3014 et
495 2963 563 3014 lilius
572 2962 654 3014 unius
664 2961 774 3014 familiae
789 2976 849 3012 cum
863 2963 948 3012 matre
958 2963 984 3012 et
999 2960 1056 3012 tilia

61 3025 145 3085 durius
157 3037 265 3088 familias
278 3049 332 3087 non
345 3037 471 3086 vetentur
484 3034 685 3085 matrimonium
700 3033 869 3096 contrahere,
885 3040 912 3084 et
923 3033 995 3084 idern
1012 3032 1053 3083 di-

62 3103 116 3152 utur
128 3105 158 3157 da
171 3109 280 3160 casibus
294 3105 436 3158 similibus.
449 3107 513 3174 Gap.
529 3108 553 3168 5,
564 3106 597 3158 de
610 3119 737 3170 consang.
751 3111 778 3158 et
791 3104 861 3158 affiri.
879 3112 906 3157 et
919 3104 1055 3169 Zallinger

63 3176 164 3246 agnaqq
180 3179 223 3234 143
236 3183 265 3232 et
276 3191 352 3246 seqq.

86 3351 135 3411 311.
148 3358 286 3431 superest
297 3360 330 3416 ut
347 3353 501 3416 videamus
521 3369 678 3430 quousque
695 3352 773 3414 inter
787 3354 890 3414 affines
901 3352 1055 3414 maiduno-

64 3434 125 3500 nium
141 3442 340 3506 interdicatur,
359 3447 443 3505 Ε11ο
457 3448 491 3503 ut
513 3441 544 3502 in
562 3442 830 3518 consanguinitate,
849 3441 893 3502 sic
913 3441 944 3501 in
959 3439 1055 3500 alfini-

64 3527 143 3592 ltteia
155 3532 233 3599 linea
244 3539 329 3601 recta
342 3531 568 3621 ascendendam
577 3537 607 3606 et
618 3529 864 3602 descendentium
876 3524 1056 3594 matrimonii
