2560 4080
529 166 563 186 ..
581 141 636 200 “3
655 169 692 184 -

123 259 160 324 Ι(ι)
171 259 233 327 Gap.
249 263 270 322 l,
284 263 300 314 6
315 264 341 316 et
356 263 393 327 tt,
409 263 443 318 de
456 262 501 316 ttd.
522 263 648 316 instmm.

130 424 189 482 80³.
210 425 406 483 Instrumenta
419 423 534 500 privata
548 439 618 484 cum
629 424 745 500 privata
759 415 927 483 condantur
941 422 1115 485 auctoritate

96 510 263 584 regulariter
277 513 341 572 sola
359 513 600 589 adprobandum
617 530 679 572 non
702 511 863 573 sufficiunt.
884 519 939 572 Sec
952 512 1019 572 haec
1032 507 1115 574 com-

96 600 189 659 munis
208 600 361 678 utriusque
380 602 455 679 juris
477 603 582 678 regula
609 604 711 679 plures
730 601 840 678 patitur
859 601 1059 676 limitationes,
1082 609 1116 664 ut

95 694 161 747 sunt
176 697 354 765 sequentes:
375 691 620 752 1⁰·instrumenta
636 691 753 768 privata
774 690 903 766 probent
923 697 1027 752 contra
1041 691 1114 752 scri-

94 774 209 836 bentem
219 796 225 836 :
236 784 305 837 sunt
314 777 393 838 enim
403 778 559 839 scribentis
571 779 775 839 confessiones
786 778 877 838 veluti
886 786 1112 854 permanentes;

93 877 193 924 verum
204 865 243 925 ad
255 866 314 927 hoc
331 883 456 928 necesse
473 876 528 940 est,
547 874 580 927 ut
597 867 635 927 ab
652 869 718 944 ejus
736 874 860 927 auctore
877 867 1031 944 recognita
1044 868 1113 946 sint,
1143 879 1145 884 “
1223 917 1228 927 .

93 957 140 1010 ιιι
156 951 310 1029 injudicio
323 955 484 1029 velificata,
504 962 533 1016 et
547 956 681 1032 probata,
700 956 847 1032 simulque
861 972 970 1016 eorum
990 973 1113 1021 causam

93 1041 259 1103 contineant
274 1049 328 1117 (l),
347 1049 377 1104 20
391 1045 587 1106 instrumente
609 1045 726 1122 privata
747 1047 834 1122 plene
847 1045 987 1121 probant,
1006 1045 1049 1108 nti
1067 1046 1112 1106 in-

92 1133 251 1191 strumenta
271 1133 406 1208 publica,
418 1135 468 1194 ubi
486 1135 643 1211 egaturde
660 1141 817 1196 contractu
830 1134 935 1209 mutui,
949 1134 1111 1211 societatis,

92 1222 119 1276 et
130 1220 306 1282 venditionis
317 1221 472 1298 mercium,
484 1240 585 1283 rerum
601 1221 764 1296 mobilium,
780 1231 850 1283 etse
863 1223 1058 1324 moventium,
1073 1223 1112 1284 de

90 1313 241 1370 contractu
254 1310 409 1370 locationis
421 1312 459 1371 ad
472 1312 563 1373 breve
586 1317 714 1388 tempus,
733 1312 771 1371 de
785 1313 909 1388 apochis
921 1311 1110 1389 pensionum,

90 1412 245 1472 canonum,
267 1399 450 1477 aliarumque
472 1401 627 1472 annalium
642 1401 876 1478 perceptionem,
899 1402 937 1462 de
955 1407 1111 1462 contractu

90 1487 268 1560 sponsalium
282 1493 310 1560 (
312 1495 340 1562 );
357 1494 387 1550 3ο
401 1489 596 1551 ιιιιιιιιιιιιιιιι
609 1491 734 1567 private,
750 1489 813 1549 siva
825 1491 981 1566 scriptarae
995 1506 1110 1549 merea·

90 1578 182 1636 torum
203 1577 243 1637 ad
265 1579 352 1655 plene
370 1579 525 1656 probanda
546 1580 624 1641 inter
647 1585 829 1641 mercatores
846 1584 931 1655 gesta
949 1576 1110 1662 admittam

88 1667 134 1723 tur
148 1669 198 1738 (3).

116 1809 228 1876 (l.)Cap
245 1810 283 1870 tt,
298 1811 331 1864 de
344 1811 388 1863 tid.
412 1791 581 1882 instmm.-
551 1810 633 1875 -(²t
650 1809 743 1873 Quoad
758 1809 817 1862 brae
833 1812 925 1862 tamen
943 1813 1004 1862 sunt
1024 1810 1108 1874 leges.

89 1883 113 1932 et
129 1881 337 1935 consuetudines
354 1877 492 1948 regionum
507 1881 695 1934 observandae.
718 1881 784 1945 Cep.
800 1878 867 1934 Cum
883 1880 996 1934 dilectus
1015 1881 1049 1932 de
1061 1881 1106 1932 lid.

88 1952 145 2005 inst.
160 1953 256 2005 Devoti
271 1953 289 2004 l.
310 1954 366 2013 et.
382 1951 531 2020 Mil.-
543 1953 579 2018 (3)
569 1953 797 2017 )Soripturaein
816 1951 921 2016 judicio
947 1951 1108 2017 regulariter

88 2023 281 2088 presentandae
295 2031 359 2077 sunt
373 2027 401 2076 in
413 2026 526 2077 termino
552 2023 717 2090 probatorlq.
743 2027 770 2074 et
782 2027 844 2074 ante
866 2022 1065 2074 conclusionem
1080 2022 1109 2072 in

13 2123 15 2130 ·
87 2107 173 2159 cause,
189 2111 248 2163 cap.
265 2097 310 2146 cit.
325 2101 353 2148 ot
365 2096 489 2163 captore
501 2097 534 2147 de
545 2095 637 2149 testib.
653 2094 706 2145 Sed
715 2095 739 2146 ai
747 2098 946 2160 praesententur
955 2094 1037 2144 etiam
1047 2095 1109 2159 post

87 2168 280 2219 conclusionem
298 2167 327 2219 in
341 2181 431 2227 causa,
445 2167 533 2219 adhuc
546 2181 562 2218 ι
573 2165 739 2217 Cancellurio
750 2165 933 2229 recipiuntur;
947 2177 1042 2216 verum
1056 2177 1106 2228 pn-

86 2242 183 2288 nuntur
196 2242 274 2293 entra
287 2253 443 2303 processum
458 2239 492 2289 ad
502 2237 605 2304 judicis
619 2236 835 2297 instructionem,
846 2249 901 2287 non
918 2235 953 2286 ad
969 2234 1106 2301 probatio-

86 2320 153 2359 nem,
173 2310 345 2376 Pellegrinus
366 2313 435 2377 part
458 2311 483 2370 2,
513 2309 614 2366 ιοιι.,2
636 2306 753 2358 subsect.
775 2307 799 2366 5,
821 2318 849 2357 ιι
875 2306 912 2358 13.
935 2305 1108 2370 Regulariter

86 2379 226 2444 scripturae
243 2380 496 2462 nequeuntpetiab
513 2377 677 2440 edversario,
700 2377 835 2442 quianon
856 2379 919 2429 sunt
943 2373 1107 2429 commenda

86 2461 161 2502 arma
182 2450 214 2503 de
233 2449 311 2504 domo
329 2451 380 2515 rei,
394 2451 434 2504 nie
438 2450 447 2501 i
463 2452 495 2504 de
517 2449 660 2516 scripturis
674 2447 863 2500 communibus
878 2451 982 2513 agatur.
999 2445 1065 2513 Cap
1078 2448 1106 2512 ·,ι

85 2523 110 2572 ιι
124 2522 160 2583 tt,
170 2523 204 2576 de
219 2523 311 2575 testib.

117 2693 179 2750 aot.
199 2691 242 2751 Ad
251 2691 342 2751 iidem
355 2689 504 2768 injudicio
513 2689 680 2751 taciendam
693 2689 889 2749 instrumenta
900 2656 1109 2762 praesentanda

85 2786 151 2839 sunt
168 2781 348 2854 authentica,
370 2787 403 2840 ut
418 2781 481 2857 jam
496 2780 636 2849 diximus,
656 2779 705 2838 vel
718 2775 848 2852 legitime
866 2774 1035 2850 exemplata
1054 2777 1106 2848 (l),

85 2882 161 2942 vera,
178 2876 208 2929 et
221 2868 354 2929 falsitatis
372 2886 432 2928 non
452 2874 591 2944 suspecte
606 2873 657 2942 (ι),
672 2868 787 2942 integra
801 2867 854 2938 (3),
876 2869 907 2923 et
922 2862 1107 2923 nullomodo

84 2955 220 3028 vitiatetl
222 2963 251 3030 ι,
203 2958 356 3018 taliter
369 2975 423 3033 per
437 2955 666 3033 oppositionem,
683 2960 712 3015 et
730 2953 791 3014 vitii
805 2952 1014 3028 exceptionem
1028 2953 1109 3012 nulla

85 3060 185 3106 eorum
197 3046 241 3105 vis
252 3047 337 3106 reddi
350 3051 463 3132 posset,
480 3052 510 3105 et
525 3053 677 3120 tamquam
691 3043 815 3103 sarcinae
832 3041 951 3101 inutiles
969 3040 1107 3106 conside-

83 3133 149 3206 rari,
165 3135 327 3212 haberique
341 3127 475 3210 possunt.
488 3133 571 3195 llinc
592 3134 630 3192 ad
650 3133 916 3191 instrumentorum
929 3117 1106 3190 verificetio·

67 3251 69 3258 ·
84 3237 150 3282 nem
164 3234 233 3299 post
256 3241 359 3283 eorum
383 3221 610 3300 productionem
629 3221 748 3280 adtacta
761 3235 830 3294 pars
851 3219 976 3278 adversa
990 3214 1108 3275 citanda

84 3318 126 3371 est
138 3313 177 3371 ad
198 3330 232 3372 ea
245 3313 383 3386 videnda,
403 3319 432 3373 et
454 3311 493 3372 ad
506 3310 720 3388 opponendum
733 3306 877 3386 quidquid
891 3323 945 3366 sua
963 3304 1109 3364 interesse

84 3400 239 3473 putaverit.

113 3536 147 3602 (t)
162 3537 292 3592 Dicuntur
306 3495 484 3591 instrumenta
505 3533 661 3600 exemplari,
681 3546 743 3586 cum
762 3510 797 3584 ob
811 3529 972 3583 vetustatem
986 3525 1108 3592 ajudlca
