2560 4080
529 183 685 240 -501...
786 221 787 224 ,

74 359 76 366 ,
110 305 177 358 dicia
190 306 357 366 sufficientia.
371 310 398 360 st
408 306 566 372 precedens
587 304 733 357 diffamatio
750 305 934 372 requiruntur.
951 307 1121 374 Pellegrinus

105 381 175 442 part,
187 378 212 437 l,
226 381 290 430 sect.
306 379 327 442 l,
338 393 365 430 n.
388 379 427 430 ia.
447 379 473 428 i·
486 379 529 430 An
550 377 660 428 monitio
678 375 833 440 evangelica
855 377 952 430 debeat
967 380 1121 444 praeoedere

106 449 335 502 denunciationem
356 449 531 516 judicialem
546 451 573 500 et
593 449 681 500 verior
694 447 800 499 videtur
820 451 955 501 sententia
976 452 1119 516 negativa:

107 535 167 572 nam
180 537 210 572 ex
226 521 346 587 generali
360 521 501 573 Curiorum
525 521 603 586 praxi
622 520 725 586 ubsque
739 520 842 584 praevia
855 522 1011 586 evangelica
1034 525 1121 575 moni·

105 592 177 644 tione
190 593 329 660 judicialis
339 592 510 645 denunciatio
524 591 683 642 admittitur.
696 589 871 642 Reiffenstuel
885 591 918 643 de
932 607 1021 645 accus.
1030 601 1068 646 ἠ.
1079 595 1118 646 la.

134 753 197 809 892.
218 753 262 808 Ex
276 749 340 808 sola
356 746 529 807 traditurum
541 745 747 807 definitionum
764 743 948 824 inspectione
961 750 1041 811 ultro
1056 766 1119 812 ma-

100 835 204 896 nifesta
214 838 290 896 flunt
303 835 484 909 discrimina,
495 851 561 911 quae
571 833 649 894 inter
657 834 887 910 accusationem,
901 834 1120 914 inquisitionem

98 931 128 986 et
139 925 398 986 denunciationem
411 924 512 1000 vigeni
524 927 575 995 (i).
589 922 647 983 Sed
660 923 821 998 accusatio,
831 929 861 982 et
873 924 1062 989 denunciatio
1076 930 1119 990 fa-

97 1015 156 1076 cilc
167 1015 197 1074 in
208 1014 428 1092 inquisitionem
441 1012 675 1074 transfunditur:
687 1028 758 1072 nem
770 1017 937 1088 Promotou,
951 1015 1013 1076 sive
1026 1016 1120 1078 advo·

99 1110 182 1164 catus
205 1104 316 1164 fiscalis
330 1111 393 1164 tum
409 1121 448 1163 ex
468 1103 535 1175 hac,
549 1109 614 1162 tum
627 1118 666 1161 ex
684 1100 735 1160 illa
751 1117 926 1179 processum
939 1103 1067 1180 instruit,
1080 1108 1119 1167 ad

98 1194 182 1270 cujus
196 1193 411 1270 perfectionem
424 1192 484 1251 duo
495 1189 683 1267 potissimum
696 1190 899 1266 requiruntur,
913 1191 1069 1254 nimirum
1085 1202 1119 1256 ut

99 1283 176 1344 clare
191 1289 311 1344 constet
333 1299 387 1360 per
402 1296 472 1342 eum
486 1279 524 1340 de
539 1278 647 1339 delicto
667 1277 697 1336 in
718 1295 838 1354 genere,
853 1285 884 1338 et
904 1279 942 1340 de
956 1281 1063 1342 delicto
1087 1283 1119 1344 in

96 1371 205 1447 specie,
224 1379 258 1432 ut
272 1373 435 1447 loquuntur
447 1367 633 1444 Pragmatici,
652 1367 715 1428 sive
728 1374 761 1428 ut
776 1373 895 1428 constet
915 1370 953 1429 de
970 1370 1079 1431 delicto
1089 1379 1119 1434 et

96 1459 133 1520 de
147 1467 270 1522 auctore
284 1459 393 1533 delicti,
407 1473 536 1534 quorum
549 1458 725 1516 alterutrum
738 1455 764 1515 si
777 1457 904 1530 deliciet,
920 1459 1001 1518 nulla
1019 1467 1119 1536 potest

93 1549 185 1611 emitti
206 1547 435 1610 condemnatio:
459 1563 548 1606 nemo
566 1545 647 1605 enim
668 1551 767 1621 potest
785 1546 930 1621 damnari,
945 1548 1065 1623 quando
1079 1550 1118 1611 de

10 1655 14 1664 ·
93 1639 158 1698 solo
177 1644 295 1700 constat
312 1637 432 1706 delicto,
447 1643 476 1696 et
491 1635 611 1712 quando
625 1635 662 1695 de
677 1634 784 1695 eodem
809 1652 871 1695 uon
890 1643 1017 1712 constet,
1032 1637 1129 1706 dam·¹

91 1729 154 1788 nari
173 1745 236 1788 non
255 1732 363 1804 potest,
380 1725 430 1802 qui
446 1724 587 1786 delictum
607 1725 777 1798 confitetur,
792 1725 861 1800 quia
879 1726 1027 1787 confessio
1040 1729 1117 1790 foret
1146 1742 1147 1746 ’

90 1815 153 1876 sine
169 1832 274 1890 causa,
285 1821 315 1876 et
329 1829 489 1890 personam
505 1813 676 1873 ostenderet
688 1813 758 1873 vitae
771 1819 943 1889 pertaesam3
959 1822 990 1876 at
1003 1815 1028 1876 si
1042 1817 1116 1878 deli·

90 1911 172 1966 ctum
184 1903 273 1979 adsit,
289 1901 436 1964 confessio
449 1908 549 1976 nocet,
564 1907 594 1961 et
607 1899 782 1978 regulariter
790 1900 957 1979 impugnari
973 1922 1034 1966 non
1048 1912 1115 1983 pot·

92 2002 137 2057 est
150 1997 202 2069 (ἵ).

118 2130 154 2196 (l)
167 2131 227 2182 Hoc
239 2130 297 2181 loco
314 2125 520 2186 observandum.
534 2124 605 2192 quod
628 2125 751 2178 moribus
773 2125 911 2179 hodiernis
934 2129 989 2180 tam
1008 2128 1037 2180 in
1057 2129 1115 2183 foro

88 2203 171 2266 civili,
186 2215 269 2269 quam
282 2198 463 2252 ecclesiastico
478 2199 620 2250 Promotor
636 2196 737 2249 fiscalis
757 2198 923 2250 accusatoris
936 2202 1029 2264 partes
1051 2213 1114 2254 sus-

90 2274 182 2339 cipiat.
194 2272 300 2326 etiamsi
318 2271 389 2325 adsit
409 2268 534 2336 specialis
550 2272 702 2320 accusator:
717 2267 777 2320 haeo
791 2268 955 2336 procedendi
964 2271 1009 2322 ria
1022 2273 1113 2338 perfe-

87 2345 156 2397 ctior
167 2345 295 2402 habetur,
305 2341 370 2408 quia
382 2340 453 2400 odia,
467 2344 494 2391 et
507 2339 656 2391 calumnias
667 2339 764 2392 melius
781 2339 908 2403 excludit,
920 2340 985 2392 dum
1000 2354 1112 2395 accusa-

91 2422 164 2469 tores
178 2429 228 2482 per
240 2413 380 2480 publicum
394 2411 548 2464 ministrum
558 2413 650 2476 agunt
665 2437 696 2448 -
708 2410 745 2476 (2)
758 2410 823 2476 Gap.
836 2411 859 2470 l,
869 2411 903 2465 de
919 2423 1010 2465 accus.
1025 2413 1054 2464 in
1066 2415 1091 2467 6.

94 2625 96 2636 ι
120 2597 185 2654 893.
206 2596 370 2673 Processus
381 2589 603 2664 informatione,
617 2594 651 2648 ut
665 2603 775 2648 nomen
788 2587 945 2664 significat,
960 2605 1017 2667 pro
1033 2590 1113 2666 judi-

86 2683 129 2742 cis
141 2677 352 2742 informatione
365 2677 533 2752 conficitur,
543 2683 576 2736 ut
589 2682 793 2753 agnoscentem
806 2677 844 2737 sit
857 2683 961 2738 contra
972 2677 1112 2739 crimino·

86 2789 155 2834 sum
170 2766 406 2847 procedendum,
421 2768 470 2826 vel
483 2782 545 2826 non
559 2770 611 2839 (f).
631 2765 776 2838 Quocirca
794 2773 912 2828 secreto
929 2784 1032 2828 coram
1045 2768 1111 2846 ipso

85 2861 201 2938 iudice,
217 2873 332 2932 suoque
345 2854 461 2916 noerio
479 2854 687 2916 examinantur
701 2861 801 2930 testes,
819 2863 850 2916 et
865 2855 1060 2918 admittuntur
1073 2859 1112 2918 cd

86 2947 314 3012 testificandum
329 2943 419 3006 etiam
436 2943 590 3020 inhabiles,
605 2946 656 3022 qui
673 2944 811 3006 notiones
827 2953 1011 3023 opportunas
1026 2948 1110 3008 exhi-

86 3039 163 3100 bere
176 3041 305 3113 possunt
315 3034 354 3095 cd
363 3034 459 3111 magis
471 3033 692 3110 inquirendum,
705 3035 815 3111 quique
828 3051 934 3097 omnes
945 3043 1013 3112 post
1025 3035 1112 3098 inter·

85 3125 263 3205 rogationes
274 3140 366 3200 snper
378 3123 565 3200 generalibus
579 3126 620 3196 (2)
633 3123 871 3199 interrogantur:
886 3129 917 3186 1ο
928 3142 1020 3202 super
1032 3126 1112 3185 ierne

85 3213 232 3293 inquisiti,
248 3229 286 3273 ex
300 3230 361 3289 quo
375 3218 561 3288 compertum
574 3211 608 3272 fit
618 3211 776 3296 judici,en
796 3215 964 3274 necessaria
977 3213 1109 3274 diffama-

84 3305 127 3366 tio
143 3303 266 3377 existat,
280 3303 327 3362 vel
346 3318 417 3376 non,
431 3307 464 3360 ut
480 3301 575 3378 possit
591 3301 766 3376 decernere,
782 3319 821 3362 an
834 3303 1058 3380 procedendum
1072 3302 1111 3363 sit

83 3396 124 3454 cd
138 3391 297 3464 ulteriora,
313 3390 338 3451 si
351 3391 492 3451 decernat
504 3390 728 3466 procedendum
738 3408 803 3451 esse
814 3392 853 3450 ad
868 3391 1008 3452 [ulteriora
1017 3391 1109 3452 inter-

83 3487 251 3559 rogantur3
269 3485 300 3539 2⁰
320 3495 411 3556 super
429 3477 616 3554 generalibus
630 3485 660 3538 et
673 3477 780 3538 deinde
795 3495 886 3560 super
902 3479 968 3554 ipso
986 3478 1110 3562 crimine

82 3573 115 3632 in
139 3585 264 3646 genere,
285 3574 315 3628 et
335 3568 365 3627 in
383 3567 483 3644 specie
501 3571 552 3640 (3).
568 3571 628 3626 llac
643 3566 743 3627 habita
761 3567 968 3628 informatione
986 3585 1109 3644 prosus
