2432 4078
181 355 245 415 tlt.
264 348 660 430 Obbgatioincontractlbns
672 353 772 427 potest
785 351 1139 426 emensasqueemen-

145 441 280 504 nentium
292 445 387 517 parta,
401 440 450 500 vel
469 455 509 500 ex
527 455 589 505 uns
611 447 735 502 tantum.
752 437 799 500 Sic
812 437 843 500 in
856 439 1006 524 emptione
1018 443 1046 501 et
1056 435 1139 497 uendi-
1200 443 1201 466 ³

146 529 228 592 bona
240 528 377 592 venditor
389 527 538 606 obligatur
551 527 624 590 dare
644 544 719 600 ram,
740 534 771 589 at
793 533 910 604 emptor
931 528 997 604 eius
1020 525 1139 604 putum,

146 619 201 680 aed
213 617 244 678 in
257 624 361 680 mutuo
374 618 457 678 solus
469 616 665 678 mutuatarius
675 623 830 694 acceptam
842 616 997 694 pecuniam
1009 613 1142 678 restituere

147 705 304 784 mmm·
320 706 404 769 ΜΘ
423 723 462 766 0¹
474 721 531 766 ⁰⁸¹¹
543 705 610 778 ‘⁰¹52
625 706 746 782 wando
759 712 884 783 uterque
896 704 1071 765 contrahens
1083 700 1141 762 obi·
1201 700 1202 734 u

146 801 243 874 gutur,
265 801 437 856 contractus
455 792 563 856 dicitur
584 792 745 854 bilotarulis
769 794 818 853 vel
840 793 1096 872 spantopmotinu,
1119 796 1140 850 et

147 883 267 962 quando
279 901 359 948 uuus
371 889 486 946 mutum
499 882 679 944 contrahens
689 888 790 944 manet
803 881 959 958 obligatus,
977 877 1142 946 uuilutorolia

146 974 321 1052 appellatur.
342 977 488 1034 marna
505 970 646 1048 obligatio
666 977 765 1048 potest
781 988 849 1034 esse
872 975 988 1032 tautum
1004 967 1142 1032 nutorolis

146 1063 196 1124 uel
210 1068 324 1122 tantum
347 1061 450 1135 οἰυίῑίι,
464 1060 512 1121 vel
532 1059 683 1122 naturalis
697 1066 727 1120 ot
747 1060 839 1122 ciuilia
864 1059 962 1120 amul.
978 1065 1134 1120 rantunna

146 1151 249 1212 taralis
263 1157 308 1212 est
322 1149 461 1227 obligatio
482 1155 548 1210 orta
570 1165 610 1210 ex
633 1165 781 1210 consensu
801 1147 901 1210 debito
918 1142 1009 1209 modo
1023 1145 1137 1226 praestito
1202 1147 1203 1228 l

147 1239 197 1306 eui
208 1241 259 1302 lex
272 1238 365 1300 civibs
379 1256 436 1300 nec
449 1237 568 1308 assistit,
583 1254 640 1302 uec
654 1237 764 1298 resistit
787 1241 846 1315 (ης
872 1237 926 1298 sed
937 1239 987 1314 ius
999 1245 1137 1310 natureae
1202 1241 1203 1266 ³

146 1329 281 1406 matium
292 1328 462 1392 mittem
474 1327 576 1389 tribuit
590 1331 641 1399 (2).
652 1332 778 1392 uantum
793 1328 887 1390 civilia
900 1327 1007 1390 dieitur
1016 1323 1139 1402 obligatio

147 1417 196 1480 cui
209 1417 317 1479 assistit
331 1417 450 1494 quidem
462 1418 513 1477 lex
526 1417 632 1491 civilia,
647 1417 701 1476 aed
721 1415 834 1476 resistit
847 1419 897 1493 jns
911 1424 1036 1490 naturae,
1051 1422 1080 1476 et
1090 1429 1136 1490 gen

146 1507 231 1580 tium,
242 1513 276 1566 ut
288 1506 318 1568 in
329 1512 508 1580 mutuatore,
525 1504 575 1584 qui
597 1505 718 1568 exhibet
738 1505 967 1582 chirographum
984 1502 1138 1578 mutuilirc

147 1595 305 1672 pecuniam
317 1612 379 1655 non
391 1594 600 1668 numeraverit,
615 1595 662 1656 vel
676 1600 745 1671 post
759 1593 994 1658 numerationem
1010 1591 1138 1670 pecunias

148 1683 284 1746 eamdam
297 1682 453 1760 receperit,
479 1682 678 1760 chirographo
691 1700 752 1746 uon
765 1683 928 1746 destructo.
942 1681 1073 1760 benique
1084 1686 1138 1742 nau

147 1770 217 1832 ralis
230 1776 262 1831 et
274 1770 369 1831 civilis
382 1769 522 1847 obligatio
536 1777 592 1846 est,
605 1772 655 1831 cui
665 1772 714 1848 Jus
728 1781 852 1846 naturae,
868 1778 897 1832 et
919 1771 1062 1850 gentium,
1081 1767 1137 1829 ete?

147 1861 210 1924 mul
227 1859 278 1922 lex
297 1859 391 1920 civilis
408 1859 527 1935 assistit,
542 1866 631 1938 atque
644 1859 812 1921 firmitatem
826 1859 936 1921 tribuit.
953 1865 1022 1924 llaeo
1037 1858 1137 1936 appele

147 1953 197 2008 tur
216 1965 288 2008 uera
310 1947 448 2024 obligatio
463 1951 581 2020 efficax,
597 1965 664 2026 qrrae
683 1948 715 2008 in
735 1956 862 2026 utroque
880 1949 946 2011 loro
964 1948 1135 2019 actionem(

148 2036 358 2112 exceptionem
380 2037 440 2097 dat.
465 2037 608 2114 obligatio
623 2045 721 2099 umen
735 2037 877 2099 naturalis
889 2044 997 2113 praeter
1011 2034 1137 2098 couscien

147 2125 196 2190 tioe
211 2124 370 2200 uinculum,
390 2125 491 2186 tribuit
502 2127 549 2204 jus
560 2125 746 2200 retentionis,
761 2133 791 2186 et
804 2126 935 2188 excludit
946 2126 1136 2202 repetitioneu

148 2212 226 2292 parit
239 2215 456 2290 exceptionem,
471 2225 501 2276 et
516 2215 802 2292 compensationem
823 2221 854 2276 et
870 2213 998 2280 admittit
1011 2215 1133 2294 fidejussi
1205 2219 1206 2242 ³

148 2317 209 2378 res,
223 2308 253 2364 et
266 2301 399 2379 pignora.
414 2305 489 2365 llino
501 2304 570 2365 licet
587 2305 618 2364 in
637 2303 703 2364 foro
723 2309 848 2364 externo
868 2302 1015 2364 actionem
1034 2319 1093 2364 uon
1110 2299 1137 2360 tr?

60 2477 63 2484 ¹
148 2389 231 2468 buat,
242 2391 289 2452 bis
302 2389 389 2452 valde
403 2391 522 2454 utilibus
534 2391 720 2454 adminiculis
730 2393 862 2474 juvatur.

179 2561 280 2629 (birex
292 2561 379 2615 civilis
392 2575 446 2615 uon
458 2561 564 2615 assistit
584 2563 639 2616 illts
659 2563 890 2623 conventionibus,
904 2575 966 2631 quiae
985 2562 1129 2617 solemnitat

149 2647 204 2687 non
213 2634 314 2687 babent
326 2634 361 2688 ab
376 2635 470 2688 eadam
484 2634 543 2700 legs
557 2633 702 2688 institutae.
714 2635 767 2687 Sed
780 2635 956 2688 nihilominus
969 2635 1038 2692 tales
1050 2645 1133 2688 conver

149 2705 236 2759 tiones
247 2719 280 2758 ax
296 2707 430 2760 communi
443 2707 587 2760 Doctorum
602 2706 735 2758 sententia
749 2705 901 2772 producunt
916 2707 1129 2770 obligationem

36 2791 38 2798 ’
150 2775 275 2840 ruralem,
284 2789 346 2842 quae
358 2777 460 2844 ubsque
469 2778 578 2842 peccato
588 2777 681 2844 nequit
695 2777 815 2844 infringi,
826 2783 853 2830 et
862 2779 910 2846 jus
923 2778 1018 2831 tribuit
1030 2775 1130 2834 credito·

149 2848 181 2898 ut
191 2849 252 2912 post
262 2860 353 2911 unam,
363 2852 410 2897 aut
419 2848 532 2899 alteram
543 2849 716 2900 monitionem
731 2848 817 2914 possit
826 2848 947 2914 jndicem
956 2847 1129 2901 emlesiastiou·

150 2915 225 2967 adire
238 2917 272 2967 ad
286 2915 485 2983 proponendam
500 2919 682 2985 evangelicam
696 2919 929 2973 denunciationem
948 2919 983 2972 ad
1000 2916 1127 2986 spiritual(
1186 2970 1189 2980 ,

148 2986 279 3039 debitoris
292 2985 514 3041 emendationem.
531 2989 675 3055 Imauus
689 2991 717 3042 iu
733 3003 792 3056 cap.
805 2985 916 3058 Siquis,
930 2991 966 3042 da
981 2990 1063 3056 repul.
1081 2987 1129 3042 nt

149 3057 181 3110 ai
193 3069 256 3109 uero
272 3057 314 3109 tex
333 3058 419 3110 civilia
437 3061 606 3115 conventioni
624 3062 742 3127 maletat,
754 3067 781 3116 at
797 3063 900 3114 ratione
917 3062 1047 3116 bonorum
1059 3073 1130 3114 mora

151 3127 353 3182 conventionem
365 3126 484 3182 declaret
507 3132 610 3186 irritam
631 3138 658 3186 at
672 3133 788 3198 inanem,
808 3133 866 3198 ipsa
887 3135 1025 3186 conventio
1042 3133 1080 3184 sic
1096 3131 1129 3188 in?

151 3197 253 3251 nullam
270 3212 357 3264 nequa
371 3201 522 3255 naturalem
536 3204 660 3271 producit
673 3204 871 3270 obligationem,
882 3205 947 3271 quia
957 3218 1074 3257 eumnon
1084 3201 1127 3253 lie(
1147 3218 1151 3227 ·

151 3271 339 3338 contraiustas
354 3269 428 3336 leges
440 3284 531 3337 agere,
550 3275 689 3329 moraliter
707 3275 874 3340 impossibile
884 3281 1009 3330 censetur
1021 3274 1128 3328 contiuer

149 3341 238 3395 Glosa.
257 3341 292 3393 ad
309 3341 433 3407 capuit
452 3343 486 3396 ds
503 3347 575 3410 panti
595 3347 678 3399 verbo
697 3346 840 3413 leodimus,
856 3350 884 3398 et
899 3347 1040 3412 Fagnanus
1056 3346 1083 3396 in
1099 3357 1127 3395 cr.

151 3411 265 3467 stolato
279 3411 313 3466 da
328 3412 404 3466 elect.
418 3427 444 3467 n.
460 3415 499 3468 33.
512 3443 540 3452 -
555 3415 590 3481 (i)
600 3417 639 3469 Ex
653 3415 961 3484 regulatensem
973 3415 1122 3485 eumdum

152 3485 182 3536 ut
198 3497 244 3544 ec..
255 3496 313 3550 ouo
322 3483 531 3551 promittuntur,
548 3499 626 3554 opere
640 3487 834 3555 compleantur.
844 3489 908 3555 Gap.
921 3489 945 3553 ³,
955 3490 988 3544 de
1000 3492 1066 3556 pact.
