2592 4018
627 167 770 224 -72-

177 287 359 361 aimonium,
374 289 467 350 multa
488 289 598 362 forent,
621 305 687 365 quae
706 289 735 350 iu
749 289 881 350 dedecus
904 272 1075 366 conjugum,
1098 289 1206 365 prolis,

177 385 207 439 at
226 377 379 453 utriusque
394 375 574 452 reipublice,
599 385 738 438 nutarent
756 377 953 452 matrimonia,
968 395 1036 438 mam
1050 378 1134 438 multi
1147 378 1211 438 siut

177 467 330 542 conjuges„
345 465 396 541 qui
414 464 445 524 in
459 463 629 541 hujusmodi
649 483 743 526 vanos
757 473 917 542 erumpunt
930 467 1057 542 gemitus
1079 487 1086 527 :
1102 465 1137 527 Si
1149 467 1210 528 sei·

175 555 292 627 nissam,
307 570 369 614 oon
382 555 596 614 contrusissem
610 558 662 628 (3),
677 547 735 615 elo.
751 555 883 616 Diximus
895 573 1029 617 errorem
1043 555 1124 616 circa
1136 572 1210 631 per-

177 661 260 705 sonae
270 643 426 718 qualitates
438 660 493 718 per
510 660 542 703 se
555 659 613 703 non
630 661 720 718 posse
733 643 877 720 impedire
890 643 1069 704 matrimonii
1082 644 1210 703 firmita-

177 739 251 804 tem3
264 748 332 791 uam
342 748 396 807 par
405 731 546 791 accidens
560 739 657 808 potest
666 731 785 810 quidem
796 732 956 809 impedire;
971 733 1053 810 quod
1062 732 1211 806 condiscit

177 821 295 881 duobus
320 821 349 880 in
374 819 515 881 casibus:
538 827 568 881 ·l⁰
583 821 609 881 si
635 821 769 896 qualitas
793 821 825 882 in
846 839 904 898 qua
928 822 1013 882 adest
1035 837 1130 896 error,
1151 839 1211 896 per

176 911 300 972 modum
316 909 493 970 conditionis
506 910 696 970 matrimonio
710 919 888 987 apponatur,
904 919 938 971 ut
957 911 983 971 si
997 911 1122 985 dicatur,
1136 910 1163 970 si
1178 927 1210 972 cs

176 998 282 1060 nobilis
303 1007 330 1059 te
351 1000 458 1077 campio
475 1001 509 1060 io
522 1016 658 1070 waram,
673 1000 749 1060 alios
765 1015 846 1074 amm
868 1005 899 1060 2⁰
918 1001 948 1060 Si
961 1017 1046 1061 error
1058 999 1210 1076 qualitatis

175 1089 308 1150 involvat
322 1105 455 1149 errorem
470 1105 626 1166 personam
643 1090 724 1166 quod
739 1089 875 1166 contigit,
891 1106 960 1150 cum
974 1090 1098 1166 qualitas
1110 1087 1210 1150 delen

177 1179 271 1240 minat
293 1176 466 1251 individum,
482 1186 513 1238 ut
529 1177 555 1238 si
575 1177 641 1254 quis
667 1177 736 1238 velit
749 1179 861 1238 ducere
879 1176 1106 1254 promigenitam
1120 1177 1209 1252 Regis

178 1275 208 1328 et
218 1267 368 1328 heredem
380 1265 475 1344 regui,
488 1267 724 1343 eiqueofferatur
735 1267 869 1328 secundo
880 1265 990 1344 genita,
999 1265 1031 1326 in
1041 1281 1131 1343 quam
1139 1266 1209 1342 ejus

177 1373 240 1418 non
253 1357 347 1418 fertur
360 1371 525 1416 consensus
537 1361 589 1430 (l).

209 1487 246 1554 (l)
259 1487 289 1547 L,
304 1487 319 1540 8
335 1489 363 1538 et
374 1483 399 1537 9.
418 1483 483 1538 cod.
500 1483 534 1537 de
544 1485 601 1551 Jnr.
613 1488 641 1538 et
653 1485 717 1538 lact.
737 1485 823 1552 ignor.
839 1511 870 1525 -
885 1485 922 1552 (t)
935 1485 976 1537 lix
988 1484 1039 1536 hoc
1052 1484 1152 1537 erroris
1163 1499 1207 1538 ca·

179 1567 236 1636 pite
252 1567 287 1619 ab
297 1566 374 1618 initis
388 1565 553 1617 lultnullum
566 1565 769 1618 matrimonium
781 1565 866 1618 Jacob
881 1579 941 1617 cnm
957 1565 1006 1616 Lis
1019 1563 1075 1616 nita
1089 1565 1206 1626 Labani,

179 1639 245 1691 dum
255 1637 340 1690 Jacob
355 1637 469 1703 putabat
481 1650 511 1688 aa
531 1635 631 1689 ducere
654 1651 773 1689 sororem
787 1639 847 1702 ejus
861 1635 1075 1701 uscudamam
1092 1649 1147 1701 qua
1160 1650 1206 1688 se·

180 1715 255 1776 ptem
269 1709 418 1760 serviverant
430 1707 517 1759 annis.
531 1706 598 1758 Gan.
609 1720 633 1758 o.
648 1707 689 1759 29.
701 1707 776 1774 -(³)
786 1709 916 1760 Doctores
932 1707 967 1760 ad
988 1710 1028 1758 tit.
1045 1707 1081 1760 18.
1097 1709 1205 1760 Deerat
1272 1761 1273 1764 ,

179 1781 229 1833 lib.
242 1780 267 1840 i.
282 1793 315 1832 ox
329 1778 474 1840 communi,
489 1782 516 1829 et
529 1780 663 1830 constanti
677 1781 764 1844 praxi,
778 1782 805 1831 et
821 1779 849 1829 S.
864 1779 945 1843 Cong.
960 1778 1039 1831 Cone.
1056 1779 1083 1830 in
1097 1777 1207 1832 Frisio-

180 1854 255 1923 qmsi
267 1855 283 1906 'l
297 1860 324 1906 et
336 1856 366 1906 28
379 1855 447 1919 Aug.
465 1853 532 1913 lili,
545 1857 572 1905 at
583 1853 611 1904 iu
626 1851 747 1906 Romano
759 1853 791 1906 27
807 1853 871 1904 maii
888 1853 956 1906 1820.
970 1853 1081 1906 Rictbar
1095 1855 1140 1906 cit.
1151 1855 1206 1907 loc.

179 1927 384 2065 {iogztesteaffiq'
400 1953 430 1964 -
442 1925 478 1990 (l)
492 1923 605 1990 Pirhing
619 1925 653 1978 de
677 1939 771 1992 spons.
795 1940 822 1977 n.
838 1925 882 1978 163
898 1931 925 1978 st
938 1924 1075 1992 Zallingar
1085 1926 1145 1980 eod.
1162 1928 1208 1979 tit.

215 2143 279 2202 367.
295 2136 430 2199 conditio
443 2136 599 2213 dupliciter
609 2137 746 2211 sumitur,
759 2136 881 2210 seilicet,
893 2152 949 2214 pro
959 2137 1130 2199 conditione
1141 2153 1207 2200 scr·-

180 2229 243 2299 ot'li,
261 2235 291 2289 ct
305 2245 361 2304 pro
375 2226 545 2288 conditione
568 2225 688 2286 verbali.
711 2225 844 2286 conditio
859 2225 983 2300 servilis,
996 2225 1060 2287 sive
1077 2225 1208 2289 servitus

181 2318 261 2394 apud
274 2321 423 2377 Romanos
436 2324 509 2388 erat,
525 2315 693 2375 constitutio
709 2313 855 2386 Gentium,
871 2332 930 2390 qua
953 2317 1086 2376 homines
1101 2325 1208 2378 contra

179 2415 325 2468 naturam
346 2406 475 2466 dominio
491 2403 588 2464 uliam
602 2402 840 2479 subjiciebantur.
866 2403 920 2475 Qui
940 2403 984 2464 sic
1006 2413 1092 2465 erant
1113 2406 1206 2482 servi,

180 2497 244 2558 sive
258 2494 406 2569 mancipia
420 2499 629 2564 Romanorum,
646 2492 713 2567 jure
727 2491 946 2552 connubiorum
960 2494 1113 2568 carebant,
1128 2511 1207 2570 quo-

179 2601 249 2646 rum
273 2581 499 2666 conjunctiones
522 2597 583 2640 non
605 2580 804 2654 matrimonia,
829 2581 882 2640 sed
905 2581 1099 2641 contubernia
1122 2583 1208 2645 dice·

179 2673 288 2733 bantur
303 2677 344 2744 (t)
368 2670 503 2731 Primitus
513 2669 640 2730 Ecclesia
651 2669 759 2728 horum
770 2685 925 2729 servorum
934 2669 1121 2730 matrimonia
1133 2689 1207 2748 pro-

178 2761 270 2834 bavit,
286 2761 406 2836 quando
420 2759 609 2819 dominorum
621 2757 723 2818 aderat
738 2773 918 2830 caussasse,
934 2776 970 2819 ac
981 2759 1098 2833 deinde,
1114 2761 1208 2824 etiam

180 2850 309 2911 dominis
322 2848 431 2921 invitis,
446 2847 564 2908 admisit
586 2845 774 2907 matrimonia
794 2863 949 2907 servorum
963 2847 1039 2908 inter
1059 2865 1102 2922 se,
1124 2857 1155 2910 et
1171 2853 1208 2912 li-

180 2940 322 2999 berorum
336 2954 405 2996 crim
419 2935 524 3010 servis,
549 2935 573 2994 si
597 2935 636 2994 illi
660 2951 729 2995 eum
752 2935 815 2994 istis
835 2936 1055 2996 matrimonium
1075 2937 1208 3001 scienter

181 3028 391 3090 contraherent
406 3029 459 3098 (ἓ).
474 3029 547 3084 Nam
570 3024 595 3083 si
615 3023 690 3084 liber
703 3023 843 3100 ignorans
866 3024 987 3085 alterius
1002 3027 1208 3092 conditionem

179 3117 319 3179 servilem
334 3131 402 3174 cum
419 3132 455 3174 ea
474 3111 694 3172 matrimonium
712 3113 919 3188 contraxisset,
936 3116 1067 3175 Ecclesia
1090 3119 1208 3180 nullum

181 3213 211 3268 et
228 3205 343 3266 irritum
367 3203 496 3263 babebat
522 3201 760 3273 matrimonium,
786 3202 856 3278 quia
878 3219 963 3262 error
985 3204 1014 3263 in
1034 3205 1208 3267 conditione

180 3291 280 3354 servili
293 3290 508 3351 assimilabatur
522 3289 617 3349 errori
635 3289 716 3349 circa
730 3306 890 3366 personam
904 3295 955 3364 (3).
971 3295 1030 3353 sed
1046 3311 1128 3354 nuno
1140 3311 1207 3355 ma-

180 3381 320 3442 trimonia
334 3395 439 3440 eorum
457 3395 624 3450 servorum,
649 3378 700 3454 qui
720 3379 906 3454 adscriptitii,
921 3379 984 3441 sive
997 3381 1082 3458 eleba
1096 3383 1208 3446 addicti

178 3470 210 3531 in
234 3469 401 3542 Germania,
420 3466 543 3543 aliisque
567 3465 642 3526 locis
659 3466 863 3541 inveniuntur,
885 3467 997 3545 absque
1015 3471 1207 3536 distinctione

179 3561 218 3620 ab
227 3559 360 3621 Ecclesia
373 3557 551 3636 probantur,
568 3561 598 3616 ct
611 3554 709 3615 valida
722 3555 894 3633 habentur(
914 3561 935 3628 ).
