2410 4068
471 147 633 204 ...229-

57 285 115 326 rerso
126 285 173 338 per
191 271 422 324 renunciationem
436 270 559 337 pensioni
579 269 742 322 heneficium
760 272 882 322 remanet
895 269 1017 336 planum,
1031 273 1059 323 et

57 344 180 396 litonnino
195 343 322 404 liberum,
337 345 365 395 et
379 342 507 394 damnum
522 345 611 407 potest
633 355 694 394 esse
710 345 814 392 tantum
829 343 857 392 in
872 341 1056 394 renunciante.

57 415 157 482 liroaptio
171 419 260 466 tamma
275 415 306 464 lit
320 414 348 465 in
359 414 499 478 pensione,
513 427 595 480 quam
609 413 725 464 clericus
740 412 823 464 habat
836 413 864 463 in
878 412 986 464 utulnm
1000 425 1057 464 suae

58 487 226 538 ordinationis:
242 485 307 536 huie
321 485 395 537 enirn
406 485 565 538 renunciare
579 497 634 535 non
648 488 755 550 potest,
770 484 823 535 nisi
837 483 922 536 alium
940 483 1059 536 obtineat

58 558 140 608 titolum
153 555 328 610 ordinationis
339 575 347 618 3
362 556 443 608 aliter
456 555 532 607 fleret
546 555 714 620 irregularis.

82 732 131 788 538.
147 727 259 790 vicaria
270 726 470 789 ecclesiastice
484 728 513 787 in
533 726 755 788 beneficialibus
769 735 810 788 cst
830 726 881 802 las
902 727 1058 788 marcradi

56 818 192 891 [amthoar
205 818 332 878 atterius
345 817 480 892 benefitio
492 816 668 884 inherentes
681 833 750 878 oum
761 832 892 892 toopruo
902 819 1059 891 sumtuum

57 907 235 982 palpitatione.
260 907 362 966 Differt
380 906 509 982 proinde
527 905 638 964 vicaria
658 922 676 964 a
697 905 841 981 pensione
858 922 865 964 ι
882 921 952 965 narn
966 903 995 963 in
1009 903 1060 964 illa

57 995 161 1054 literius
181 995 273 1056 habet
293 994 457 1094 temporale
478 993 630 1054 fructuum
652 1010 707 1071 pro
728 991 826 1052 oiticio
846 993 1007 1069 spiritua1i3
1028 992 1059 1052 in

57 1082 98 1141 hac
112 1099 178 1142 vero
194 1083 404 1158 pensionarius
418 1082 532 1158 absque
543 1081 688 1158 spirituali
701 1082 879 1158 plerumque
895 1078 1059 1140 ministerio

56 1170 123 1230 south
141 1171 336 1247 temporalem
358 1171 510 1232 fructuum
534 1171 706 1230 utilitatem:
731 1176 762 1230 et
781 1169 811 1228 in
829 1169 879 1228 illa
901 1168 1060 1243 respicitur

56 1257 232 1338 principaliter
244 1260 281 1318 ad
295 1257 450 1320 utilitatem
465 1259 614 1330 Ecclesiae,
636 1258 666 1316 in
690 1259 747 1317 hae
768 1273 841 1316 vcro
855 1257 893 1316 ad
905 1255 1060 1318 utilitatem

56 1347 223 1421 pensionarii.
239 1345 383 1406 Dividitur
396 1345 507 1406 vicaria
526 1346 555 1406 in
577 1347 777 1422 temporalem,
798 1361 867 1406 curn
886 1345 1001 1406 scilicet
1015 1343 1060 1408 lll-

56 1435 133 1496 urius
143 1443 187 1496 est
199 1434 376 1510 mollibilis,
389 1441 441 1495 aut
459 1437 498 1494 ad
515 1442 632 1511 tempus
649 1435 819 1510 deputatur,
834 1452 900 1510 quae
914 1434 1060 1496 rationem

57 1523 172 1584 benefici
188 1541 251 1586 non
265 1525 373 1598 hahet;
389 1530 420 1586 et
440 1525 471 1584 in
492 1532 674 1601 perpetuam,
690 1540 760 1584 cum
779 1523 908 1584 vicarius
921 1523 1060 1586 advitam

54 1613 232 1686 constituitur,
249 1629 316 1689 quae
329 1612 448 1689 quidem
462 1629 566 1674 veram
578 1612 714 1673 beneficii
729 1611 877 1674 rationem
891 1613 989 1686 hahet,
1005 1611 1061 1673 sic·

56 1706 80 1759 ot
89 1699 271 1764 innocentius
284 1706 323 1762 ill
336 1699 469 1762 delinivit
485 1706 495 1775 (
515 1707 536 1776 ).

77 1857 105 1925 (1)
118 1858 178 1928 llap.
192 1859 224 1911 ni
238 1859 273 1912 (le
285 1857 409 1926 rescript.
423 1857 614 1924 ceetomone
628 1855 662 1911 de
679 1857 722 1910 oli.
740 1858 822 1910 vicar.

79 2047 134 2104 539.
152 2043 300 2105 vicariam
321 2043 517 2120 temporalem
536 2049 637 2120 potest
649 2041 815 2120 Episcopus
840 2045 1009 2106 concedere
1029 2044 1060 2102 in

55 2132 175 2202 parochia
189 2140 316 2194 vacante
332 2137 384 2207 (l),
398 2132 427 2192 in
450 2132 582 2192 absentia
605 2132 728 2208 parochi
750 2151 789 2194 ox
808 2134 889 2209 justa
903 2150 993 2194 cauae
1006 2135 1059 2208 (2),

55 2215 223 2284 hauxilium
247 2221 374 2300 parochi
396 2225 449 2294 (3),
464 2227 493 2284 ct
510 2220 541 2280 in
553 2221 679 2282 ecclesie
694 2221 857 2299 parochiali
871 2222 958 2284 alicui
973 2222 1057 2300 (lapi-

54 2309 111 2382 tnlo,
124 2316 173 2370 aut
185 2309 313 2386 collegio
327 2309 421 2382 unita,
435 2309 466 2368 in
481 2325 540 2384 qua
553 2313 664 2383 tamen,
680 2309 705 2370 ai
717 2309 865 2383 maluerit,
882 2318 912 2370 et
925 2312 1007 2370 nulla
1021 2311 1059 2372 sit

54 2399 183 2458 contraria
196 2399 395 2471 consuetudo,
409 2396 499 2458 etiam
518 2395 661 2458 vicariam
683 2405 859 2476 perpetuam
881 2405 981 2476 potest
1000 2399 1059 2458 eri-

54 2499 109 2556 gere
122 2489 174 2559 (t);
191 2485 268 2546 sicut
286 2493 385 2563 potest
398 2483 539 2545 ucetiam
561 2493 738 2562 perpetuam
759 2487 875 2563 erigere
888 2487 919 2546 in
932 2486 1060 2546 ecclesia

56 2571 118 2633 filiali
130 2574 253 2652 alicujus
264 2575 351 2634 valde
365 2575 472 2650 amplae
486 2574 638 2650 parochiae
651 2579 702 2646 (5).
724 2576 783 2636 Sed
806 2576 837 2636 in
855 2580 1000 2650 perpetua
1014 2571 1059 2632 vi-

57 2661 210 2723 minium
232 2669 279 2722 est
303 2661 515 2735 adnotandum,
538 2663 619 2739 quod
641 2663 771 2724 vicarius
792 2669 956 2740 perpetuus
973 2662 1061 2738 juxta

55 2745 163 2812 formam
175 2751 362 2823 canonicam,
378 2753 426 2811 vel
439 2749 544 2825 libere,
556 2753 604 2812 vel
617 2751 656 2810 ad
669 2751 930 2827 praesentationem
942 2767 1059 2824 eornm,

57 2836 84 2894 ad
101 2857 172 2914 quos
190 2840 329 2918 pertinet,
355 2838 384 2898 in
407 2837 528 2914 uicaria,
548 2847 699 2916 tamquam
713 2840 743 2900 in
757 2857 830 2900 vero
844 2839 1001 2914 beneficio,
1014 2845 1061 2900 eat

56 2921 247 3002 instituendus,
268 2936 299 2988 et
320 2928 400 3004 quod
420 2929 451 2988 in
473 2927 600 2989 ecclesia
623 2929 785 3004 parochiali
806 2926 957 2990 institutus
979 2946 1060 2992 curae

57 3017 160 3077 cuais
179 3016 356 3078 exercitium
378 3016 478 3089 habet,
497 3016 570 3076 dum
588 3033 681 3093 penes
694 3023 850 3078 Rectorem
865 3017 1060 3101 principalem

57 3114 169 3166 remanet
182 3108 245 3166 sola
259 3122 332 3165 cura
347 3104 514 3176 habitualis,
529 3122 596 3180 quae
606 3105 844 3180 jurisdictionem
863 3104 894 3166 in
912 3109 980 3168 loro
994 3124 1061 3188 poe·

57 3187 190 3268 nitentinli,
210 3201 240 3256 et
262 3190 409 3268 spirituali
430 3209 491 3252 non
512 3199 622 3266 servat,
648 3192 718 3256 licet
740 3201 838 3256 servet
858 3196 909 3271 jus
928 3201 1061 3256 externe

58 3275 216 3344 detensionis
225 3277 338 3360 jurium
352 3281 575 3358 parochialium,
591 3283 691 3344 ctiori
704 3284 881 3346 contentiosi
896 3289 947 3357 (6).

83 3443 112 3506 ll)
123 3444 176 3499 Hoc
195 3461 260 3499 casu
280 3446 398 3499 vicarius
416 3445 547 3514 appellari
567 3448 637 3500 solet
650 3445 824 3514 OEcortomos,
839 3449 883 3500 oui
896 3447 1061 3512 assignanda

60 3513 93 3561 est
104 3527 213 3582 congrua
231 3519 344 3572 arbitrio
356 3518 484 3588 Episcopi
493 3518 620 3582 ‚exauda
630 3533 666 3578 ex
679 3520 812 3574 tructione
822 3518 967 3586 parochias·
984 3517 1049 3574 'frid
