2524 4080
525 155 684 220 ..ag-1..

94 284 250 352 preterendi
260 283 440 338 communitor
453 284 578 350 negetur,
593 284 659 350 quie
673 285 723 358 jus
740 284 902 352 precipiens
912 287 1112 352 superfluorum
1151 290 1155 302 '

93 355 302 410 distributionem
317 356 346 408 in
359 368 495 422 pauperes
515 369 569 409 non
589 355 732 420 distinguit
749 357 820 408 inter
842 356 915 416 cives
937 362 965 410 ct
985 362 1107 422 exteros:

92 427 136 480 sed
150 427 342 493 congruentius
351 426 459 479 videtur
474 425 616 491 indigenas
630 429 730 479 exterm
743 428 883 494 preelsrre,
898 429 1109 495 quiacuncn31‚

92 511 175 551 censes
191 501 228 562 12,
243 498 392 565 quaestione
404 499 430 561 t,
447 497 571 557 sancivit,
587 497 784 550 distinctionem
798 513 858 550 esse
872 499 1025 551 faciendam
1039 501 1110 552 inter

90 583 227 636 pauperes,
241 576 269 622 et
282 570 417 631 eduense,
432 571 459 620 et
476 571 541 634 quie
553 569 580 620 in
590 569 734 634 superfluis
744 569 846 622 relictis
858 571 917 622 sole
930 571 1051 624 succedit
1066 585 1110 624 ee-

90 641 169 694 clesia
180 641 317 701 heneficii3
330 646 358 692 et
370 640 479 693 demum
500 640 566 706 quia
588 641 761 710 fundatorum
773 640 899 696 voluntas
913 655 946 694 ec
960 657 1021 696 csse
1034 643 1108 696 vide-

90 713 141 771 tur,
157 717 187 765 ut
200 712 338 778 superflua
351 710 501 772 ecclesium,
516 717 617 762 etcum
632 725 665 762 ec
680 713 739 777 ejus
753 713 905 777 praesertim
919 727 1054 782 pauperes
1065 727 1109 766 se·.

89 788 210 848 quantur.
223 810 256 823 -
267 783 303 848 (8)
317 783 382 849 Cap.
395 782 410 832 3
425 787 451 833 et
467 783 489 848 5,
510 780 544 833 de
560 782 648 848 pecul.
669 781 733 834 cler.
747 785 776 836 et
791 795 850 848 cap.
872 783 896 842 i,
911 784 945 836 de
959 789 1065 836 testem.
1083 811 1109 824 -

87 854 121 919 (9)
133 854 308 908 Reiffenstucl
323 853 357 906 de
370 853 458 919 pecul.
472 867 498 905 n.
514 853 553 906 ie.

119 1021 303 1084 mestrem
316 1019 510 1080 beneficiatus
522 1021 599 1081 mori
613 1022 772 1097 contingat,
780 1023 828 1082 vel
838 1023 985 1082 beneflcio
999 1039 1108 1082 renuu-

86 1107 150 1181 ciet,
169 1109 242 1170 iacit
259 1125 331 1170 suos
346 1125 451 1169 omues
464 1109 580 1169 tructus
602 1111 763 1183 naturales,
779 1119 809 1171 et
822 1109 1022 1184 industriales,
1035 1127 1112 1188 quos

85 1197 214 1274 collegit,
230 1199 324 1256 asoto
338 1197 496 1272 separavit,
511 1208 542 1257 et
557 1215 626 1258 cum
641 1199 757 1274 reliquo
769 1215 825 1258 suo
839 1197 1020 1275 patrimonio
1035 1215 1113 1260 com-

85 1285 212 1360 miscuit,
228 1286 300 1346 dum
318 1286 483 1362 pendentes
504 1295 534 1347 et
547 1287 576 1345 iu
593 1289 657 1347 solo
672 1295 809 1348 extentes
822 1289 859 1347 ad
875 1289 1047 1362 Ecclesiam,
1062 1291 1112 1350 vel

85 1391 292 1436 successorem
305 1373 464 1450 pertinent,
479 1375 549 1434 licet
559 1377 621 1452 jem
635 1375 694 1434 sint
712 1377 838 1449 maturi,
853 1377 968 1437 fructus
981 1394 1054 1436 vero
1070 1377 1112 1437 ci-

85 1463 159 1524 viles
172 1481 247 1524 suos
258 1463 328 1524 iecit
340 1479 437 1541 usque
450 1464 489 1522 ed
503 1465 582 1524 diem
590 1464 707 1537 mortis,
716 1468 764 1525 vel
773 1464 956 1524 dimissionis
964 1465 1110 1538 beneficii,

83 1553 149 1628 quia
162 1556 215 1614 lex
228 1552 323 1628 fingit,
337 1551 506 1625 hujusmodi
515 1553 630 1612 fructus
644 1553 769 1628 siugulis
780 1553 895 1626 diebus,
911 1562 941 1614 et
956 1553 1115 1614 momentis

83 1641 207 1718 percipi.
224 1645 288 1701 lloc
301 1641 434 1701 delinivit
447 1641 613 1702 Alexander
629 1647 665 1702 ill
675 1643 899 1719 archiepiscopo
912 1642 1114 1703 Centauriensi

81 1729 229 1803 scribone,
248 1745 318 1790 eum
337 1730 448 1789 dehere
466 1729 582 1789 fructus
595 1730 790 1790 ecclesiarum
814 1731 993 1805 vacantium,
1014 1739 1068 1792 oct
1080 1732 1115 1792 ic

82 1818 246 1879 utilitatem
259 1816 459 1878 selectorum
473 1817 641 1894 ecpecdcre,
655 1821 833 1893 oetsctcris
843 1821 977 1896 personis
989 1820 1115 1895 fideliter

82 1923 235 1968 reservare
250 1911 301 1979 (l).
318 1911 381 1966 iioe
394 1907 492 1982 ipsum
507 1907 695 1966 confirmavit
712 1913 740 1966 S.
763 1909 961 1984 congregatio
982 1907 1111 1982 concilii,

82 2013 149 2072 quae
168 1997 201 2055 in
222 2012 284 2055 nna
301 1993 476 2055 Felicionem
491 1999 527 2053 19
547 1995 682 2056 decemb.
697 1999 781 2068 leot,
806 1996 979 2069 declaravit,
998 1996 1115 2056 tructus

81 2082 223 2144 beneficii
243 2083 320 2142 inter
341 2082 544 2158 resignantem
558 2089 589 2143 et
605 2083 835 2159 resignetarium
859 2101 927 2144 esse
940 2083 1116 2144 dividendos

81 2189 137 2248 pro
151 2180 220 2234 rate
233 2171 377 2248 temporis
392 2177 402 2246 (
422 2178 443 2246 ).

113 2313 151 2380 (t)
167 2315 233 2384 Cap.
250 2313 275 2372 l,
289 2315 322 2366 de
336 2313 408 2366 offic.
419 2314 477 2380 jud.
494 2313 558 2368 Ord.
571 2327 628 2380 cop.
640 2315 664 2374 9,
675 2313 736 2366 eod.
747 2313 809 2378 ind,
819 2317 847 2366 st
856 2328 917 2382 cap.
931 2315 972 2380 to,
986 2314 1019 2368 de
1034 2314 1113 2368 elect.
1122 2312 1134 2328 '⁸

81 2383 111 2435 in
123 2387 147 2438 6.
164 2415 194 2424 -
207 2385 244 2452 (t)
258 2385 370 2439 Ricther
383 2386 417 2438 ud
432 2399 498 2438 sess.
514 2387 554 2450 it,
569 2399 592 2437 c.
604 2385 629 2444 2,
642 2382 735 2438 deret.
747 2400 774 2438 n.
788 2383 811 2436 9.
955 2403 958 2410 ·

116 2569 184 2625 727.
207 2563 265 2624 Sed
286 2563 430 2624 dubitatio
453 2562 558 2638 oritur,
577 2581 615 2622 an
639 2564 754 2624 ductus
772 2563 903 2624 iueuaeti
921 2564 958 2623 ed
981 2563 1116 2626 haeredes

81 2652 267 2728 beneficiati,
284 2655 331 2713 rel
353 2653 390 2712 ad
413 2668 623 2712 successorem
643 2652 675 2712 in
696 2653 843 2713 beneflcio
857 2651 1045 2729 pertineant?
1058 2655 1115 2712 Pro

81 2741 384 2819 successorequippe
397 2740 619 2801 iceitseuteutie
633 2740 793 2802 Alexandri
805 2745 852 2815 lli,
867 2741 918 2817 qui
928 2741 1008 2801 bona
1017 2740 1117 2802 omnia

81 2832 193 2893 intuitu
212 2830 350 2892 Ecclesiae
368 2829 522 2907 acquisita,
537 2836 568 2892 et
587 2831 624 2890 ab
643 2838 835 2892 antecessore
852 2831 955 2891 relicta
969 2830 1119 2907 adjudicat

80 2920 240 2993 Ecclesiae,
255 2922 304 2979 vel
318 2919 569 2991 successorium
581 2919 749 2980 beneficiati
764 2919 930 2980 haeredibus
945 2923 997 2995 (t),
1008 2925 1038 2980 et
1049 2937 1121 2980 sen-

81 3010 179 3069 tentia
194 3008 262 3068 Julii
276 3012 312 3068 lli
327 3007 378 3084 qui
392 3009 509 3067 fructus
519 3007 675 3068 inexactos
687 3025 944 3086 quorumcumque
957 3009 1118 3070 beneficio-

80 3113 153 3158 rum
168 3098 207 3156 ed
222 3113 429 3156 successorem
445 3095 475 3154 in
487 3094 645 3171 beneficio,
661 3113 723 3156 non
738 3097 777 3156 ad
790 3099 856 3172 ejus
869 3097 1004 3158 haeredes
1018 3099 1117 3158 decla·

79 3193 129 3246 rat
143 3186 296 3262 pertinere
309 3205 315 3244 :
336 3184 406 3261 quie
421 3185 617 3261 quoadusque
633 3202 694 3244 uon
708 3192 777 3244 sunt
796 3203 866 3245 cum
884 3184 1052 3246 beneficiati
1065 3203 1118 3261 pa-

83 3273 230 3334 trimonio
245 3273 438 3350 incorporati,
453 3273 603 3333 fructuum
620 3271 891 3334 ecclesiasticorum
904 3282 1042 3336 naturam
1055 3289 1117 3332 ser·

83 3369 160 3422 vent
173 3365 224 3435 (2).
235 3367 291 3422 Pro
303 3363 361 3422 hac
375 3361 523 3421 sententie
537 3361 623 3421 adest
634 3360 724 3420 etiem
734 3362 820 3437 ratio,
829 3362 898 3438 quia
908 3365 1032 3433 fructus,
1043 3377 1119 3436 quos

82 3468 143 3512 suo
157 3458 295 3528 tempore
312 3451 507 3511 beneficiatus
521 3468 581 3512 uon
596 3450 706 3528 exegit,
724 3457 875 3529 tamquam
890 3469 953 3513 succ
970 3457 1118 3512 sustente-

81 3540 160 3602 tioni
173 3541 330 3618 superflui,
346 3539 435 3602 tacite
448 3540 574 3616 remissi,
590 3547 620 3602 et
634 3540 804 3602 successori
813 3541 908 3604 relicti
921 3541 1070 3616 videntur,
1085 3545 1119 3602 ut
