2494 4062
490 109 632 202 ssgp..

67 261 137 316 licebit
148 277 202 330 per
225 261 346 317 eamdam
361 263 492 317 saevitiem
507 267 582 332 prius
596 279 650 318 non
677 265 960 334 cognitam-sponsalia
980 265 1073 321 dissol-

65 339 128 387 reral
139 338 206 402 Arg.
224 349 283 403 cop.
298 336 337 396 15,
353 336 387 387 dc
398 337 514 402 jurejur.
532 337 622 403 -(10)
638 338 731 401 Quoad
747 339 901 391 inimicitias
916 341 986 392 iuter
999 342 1071 405 ipsos

64 419 155 470 sponsos
170 407 309 458 habemus
323 407 487 460 decisionem
502 409 528 460 S.
546 409 776 474 Congrepotionis,
798 424 879 474 quam
905 412 986 462 refert
999 410 1070 463 Reii·

61 477 158 530 fenstuel
169 479 206 529 da
223 493 316 544 spons.
330 493 357 529 n.
373 479 428 537 161,
443 479 485 530 his
498 480 597 532 verbis.
614 500 628 526 e
642 479 718 542 Quod
733 481 756 532 si
772 495 841 532 unus
860 495 1017 547 sponsorum
1034 483 1071 534 ita

62 568 70 595 ι
85 549 186 614 incipiat
198 549 349 601 abhorrere
363 549 502 608 obeliero,
516 556 546 600 ut
565 550 634 602 serio
648 550 729 615 dicat,
741 565 770 603 sa
784 546 863 602 malle
878 553 990 614 quodvis
1003 553 1070 618 poti,

63 633 152 684 «quam
170 620 239 672 huic
262 621 398 686 conjungi,
417 635 432 672 a
454 624 587 672 coactione
598 621 682 686 judex
704 623 832 674 desistere
848 621 960 694 debet·
976 623 1070 686 Quoad

63 689 200 742 inimicitias
216 697 308 742 autem
327 691 398 742 iuter
412 705 572 756 sponsorum
596 697 732 759 pucenico,
756 696 783 744 et
805 695 1018 760 consanguineos
1030 696 1071 746 vi·

64 760 145 812 dendus
160 763 240 814 idem
256 760 430 814 Reiifeustuel
445 763 489 813 cit.
515 763 565 814 loo.
582 777 610 813 u.
624 763 670 816 fid
685 767 711 816 et
726 777 811 829 seqq..
824 764 872 816 ubi
892 765 999 828 jndices
1011 780 1069 820 mo·

61 838 104 890 net.
115 838 141 884 ut
155 833 184 884 in
196 833 242 884 his
253 835 343 884 causis
357 833 510 885 cautissime
526 835 671 899 procedant
687 849 693 884 :
716 848 779 886 nam
793 834 859 886 nihil
879 839 920 888 ast
934 838 1018 901 magis
1036 837 1069 888 ii-

60 905 180 963 mendum,
196 918 280 970 quam
293 909 325 954 iit
347 904 389 956 hae
409 905 551 956 diso-ordia
571 913 623 956 lam
645 907 671 956 in
687 907 783 972 primo,
807 920 887 973 quam
911 907 1070 960 insecundo

61 988 115 1025 casu
136 977 276 1027 simulatae
297 975 500 1041 praetendantur
523 977 557 1026 ad
578 978 632 1026 vim
655 978 822 1041 sponsalium
846 977 1015 1030 eludendam.
1039 1005 1070 1017 -

60 1046 100 1108 111)
110 1047 288 1098 Innocentius
298 1047 349 1106 Ill,
361 1048 443 1098 talem
457 1047 573 1098 decrevit
582 1061 642 1101 esse
653 1048 858 1112 deformitatem,
874 1049 897 1100 si
907 1062 1016 1113 sponsa,
1026 1049 1069 1101 val

58 1130 161 1181 sponsus
175 1117 280 1177 oculos,
297 1119 339 1168 vel
351 1131 448 1169 nasum
464 1119 607 1178 amitteret,
621 1133 668 1170 seu
685 1119 833 1185 quidquam
847 1119 871 1169 ei
885 1119 990 1182 turpius
1008 1133 1069 1172 ava·

57 1189 124 1240 niret.
136 1191 203 1256 Cap.
219 1190 261 1250 25,
276 1189 309 1240 de
323 1191 438 1254 jurejur.
455 1189 527 1241 lderu
543 1190 686 1241 dicendum
696 1189 730 1240 de
742 1191 861 1255 quolibet
873 1191 965 1242 morbo
979 1195 1069 1242 couta-

57 1259 129 1323 gioso,
143 1270 170 1312 et
182 1260 339 1313 incurabili.
358 1287 389 1297 -
406 1259 457 1324 (it)
480 1261 543 1326 Cap.
565 1261 588 1320 3,
604 1261 636 1312 de
653 1259 730 1313 cond.
756 1275 849 1326 appos.
865 1261 936 1328 quod
951 1261 1071 1326 procedit

57 1331 144 1382 nedum
159 1333 188 1382 in
205 1345 279 1392 casu,
290 1346 342 1398 quo
353 1331 480 1382 damnum
492 1335 549 1399 jam
559 1333 664 1390 existat.
682 1332 729 1384 sed
742 1335 821 1384 etiam
832 1332 938 1398 quando
952 1334 1067 1396 pruden-

59 1405 92 1452 ter
102 1404 211 1455 timetur
225 1406 461 1468 superventurum.
477 1403 651 1455 Reiiienstuel
673 1405 709 1454 cit
725 1405 775 1455 loc.
799 1417 827 1454 n.
842 1405 895 1456 161.
911 1431 938 1441 -
953 1405 1004 1469 (13)
1018 1404 1067 1458 cit.

58 1486 107 1538 cap.
120 1475 159 1537 15,
176 1475 209 1526 dc
221 1477 338 1540 jurejur.
355 1475 408 1524 Per
420 1475 620 1527 fornicationem
635 1488 698 1526 vero
713 1482 844 1539 patratam
858 1474 1069 1540 antasponsolia

58 1549 80 1594 et
90 1546 240 1610 ignoratam
264 1547 301 1597 ita
324 1547 499 1597 communiter
513 1546 680 1611 distinguunt
703 1546 831 1596 Doctores
844 1547 915 1597 inter
930 1560 1066 1612 sponsum,

59 1619 79 1666 et
90 1631 226 1682 sponsam,
237 1622 268 1668 ut
282 1618 361 1668 liceat
374 1617 425 1678 illi,
439 1631 491 1668 non
508 1618 571 1668 huic
586 1617 689 1668 resilire
704 1631 720 1667 a
734 1617 915 1681 sponsalibus,
931 1619 994 1683 qula
1009 1631 1067 1668 ma-

55 1687 92 1750 jor
105 1693 146 1739 est
161 1688 318 1739 deformitas
332 1687 359 1737 iu
374 1701 480 1754 sponsa,
495 1703 575 1750 quarn
596 1688 621 1738 ln
643 1701 750 1752 sponso,
768 1687 821 1738 nisi
844 1688 887 1739 hic
901 1701 933 1738 ex
951 1689 1066 1739 fornice·
1109 1731 1111 1738 s

58 1759 122 1811 done
138 1761 299 1826 praecadenti
316 1759 418 1824 prolem
433 1759 538 1818 hebeat,
554 1760 595 1810 vel
614 1760 676 1809 huic
690 1759 803 1810 lururiae
815 1759 878 1809 vitio
897 1761 931 1810 sit
943 1759 1066 1811 deditus:

57 1841 113 1880 uam
126 1845 174 1894 per
187 1831 238 1882 hoo
255 1831 409 1882 deformitas
424 1829 499 1881 fieret
511 1831 632 1896 aequalis.
657 1829 709 1880 Sed
725 1830 775 1880 hoc
786 1830 919 1894 judicium
933 1830 967 1881 ad
981 1831 1066 1895 impe·
1132 1835 1133 1840 ’

58 1900 93 1951 ria
114 1903 182 1952 inter
205 1915 343 1968 sponsum,
367 1904 394 1952 et
418 1915 543 1966 sponsam
564 1902 625 1953 aliis
650 1900 810 1952 Doctoribus
836 1915 890 1952 non
915 1902 1009 1966 placet.
1036 1927 1067 1939 -

57 1971 155 2035 (11)(11)
172 1974 242 2024 hano
256 1985 365 2025 causam
379 1972 411 2024 nt
424 1972 505 2024 ctiam
519 1973 662 2025 divortium
677 1971 765 2038 quoad
785 1972 902 2038 thorum,
916 1975 946 2024 ut
960 1972 1065 2025 videbi-

57 2045 198 2097 musiufra.

90 2257 148 2314 356.
163 2260 215 2316 ius
228 2254 363 2316 solvendi
376 2255 524 2331 sponsalia
535 2254 574 2315 ob
586 2254 713 2330 culpam,
723 2253 888 2314 calfactum
899 2254 1067 2314 alterutrius

61 2357 95 2400 ex
107 2343 220 2418 sponsis
234 2344 321 2404 datur
330 2345 427 2404 solum
441 2343 472 2427 in
484 2344 616 2404 favorem
630 2342 807 2417 innocentis,
822 2344 869 2402 vel
878 2360 938 2402 nou
952 2333 1064 2418 mutati,

60 2432 117 2488 ium
132 2432 200 2507 quia
213 2430 338 2492 numina
351 2448 421 2491 suos
433 2438 547 2491 tantum
566 2434 668 2491 tenent
681 2438 826 2504 auctores,
839 2437 902 2492 tum
918 2431 987 2507 quie
1000 2448 1066 2491 mu·

62 2519 130 2578 tatere
140 2537 199 2580 uon
214 2527 328 2581 mutato
352 2519 423 2579 nihil
437 2527 535 2595 potest
554 2519 693 2596 objicere.
707 2520 789 2580 Unde
806 2517 832 2578 si
851 2519 1004 2591 innocens,
1018 2517 1066 2578 vel

61 2621 113 2666 nou
124 2615 264 2683 mutatus,
279 2609 485 2669 nonobstante
498 2611 620 2682 scelere,
634 2609 683 2668 vel
695 2607 857 2667 mutatione
869 2607 1000 2680 alteriue,
1008 2622 1064 2665 ve·

61 2691 89 2754 lit
103 2698 251 2773 sponsalia
267 2697 405 2770 retinere,
424 2704 453 2756 et
474 2696 694 2757 matrimonium
716 2695 901 2768 contrahere,
922 2695 977 2755 alia
996 2711 1066 2771 pars

62 2784 133 2845 adid
147 2787 268 2847 omnino
283 2793 418 2858 tenetur3
441 2785 512 2845 alias
524 2785 588 2860 ipsa
601 2803 640 2845 ex
654 2802 707 2844 sua
722 2785 817 2860 culpa,
832 2784 879 2842 vel
903 2784 981 2845 facto
995 2800 1066 2858 pro-

62 2869 162 2948 ficeret,
179 2875 258 2951 qnod
274 2881 319 2934 est
329 2872 388 2948 juri
404 2871 583 2934 contrarium
595 2891 602 2946 ς
615 2881 644 2934 et
658 2872 774 2932 aliunde
788 2872 881 2948 gratia
894 2871 922 2931 in
934 2873 1067 2934 favorem

62 2961 138 3022 unius
152 2980 295 3023 concessa
309 2963 338 3023 in
354 2963 419 3038 ejus
431 2961 618 3040 dispendium
632 2962 869 3039 detorqueretur,
885 2961 964 3038 quod
977 2977 1066 3037 regu·

62 3044 171 3126 lisjuris
184 3051 359 3113 adversatur
374 3055 384 3124 1
405 3057 426 3125 ).

89 3223 120 3288 (l)
133 3225 194 3292 Gap.
204 3227 244 3288 61,
256 3225 290 3278 de
304 3239 361 3291 req.
373 3225 428 3288 jur.
443 3224 506 3276 iu-t.
520 3223 569 3276 Jus
583 3227 672 3276 tamen
686 3223 736 3275 hoe
752 3224 842 3276 favore
855 3223 1003 3278 innocentis
1017 3223 1066 3276 da·

61 3289 103 3345 hat
113 3310 169 3348 esse
179 3299 373 3364 praesarvatum
383 3313 389 3354 ς
400 3309 461 3345 nem
476 3297 498 3346 si
514 3296 639 3346 innocens
650 3296 706 3359 juri
721 3309 769 3346 suo
781 3295 949 3346 renunciaret
958 3307 1066 3359 expres·
1112 3314 1116 3326 ·

64 3375 97 3429 se,
115 3368 156 3418 rel
176 3371 263 3432 tacite,
283 3368 384 3418 unione
407 3367 507 3417 carnali
526 3370 662 3430 tamquam
686 3379 745 3417 oum
764 3366 855 3417 futura
877 3367 1000 3430 conjuge,
1020 3365 1067 3428 J'ue

64 3435 143 3499 ipsum
155 3442 334 3501 evanesceret,
349 3443 377 3490 et
391 3437 526 3504 sponsalia
538 3439 566 3489 in
579 3451 628 3489 suo
642 3438 738 3490 robora
751 3442 947 3503 permanerent.
