2410 4068
480 105 484 112 .
569 150 730 207 446-

145 273 250 346 postea
268 267 433 342 renunciet,
449 286 468 330 s
489 269 537 330 die
555 270 787 332 renunciationis
805 271 995 332 remittuntur
1014 269 1044 328 in
1064 267 1149 344 pristi-

145 372 227 429 num,
239 355 406 432 iterumque
430 365 558 434 quatuor
572 367 623 419 aut
636 377 691 420 sex
705 375 824 420 menses
846 359 956 418 habent
977 359 1061 434 juxta
1074 356 1151 432 juris·
1193 399 1194 440 ,

145 453 321 522 patronatus
333 452 481 522 naturam,
494 449 585 510 modo
600 449 676 508 absit
686 450 768 510 fraus
783 456 812 508 ct
832 449 919 508 dolus
934 453 987 520 (t).
1011 445 1089 518 Quod
1102 461 1151 503 non

145 533 293 609 procedit,
316 534 341 592 si
365 541 480 594 tantum
499 537 729 610 nominaverint,
751 545 781 598 et
805 536 986 610 nominatus,
1012 542 1153 610 anthrmm
1193 545 1194 620 p

146 621 294 698 Episcopo
307 631 514 699 presentetur,
529 632 581 686 aut
594 625 760 700 renunciet,
775 632 826 686 sut
840 624 996 698 moriatur,
1011 623 1077 700 qnia
1089 639 1152 698 prae
1193 627 1194 704 j

145 709 343 770 sentationem
356 728 416 772 non
440 713 640 790 perfecerunt,
655 731 722 792 quae
737 713 950 788 nominatione,
973 719 1006 773 et
1024 711 1154 772 oblatione
1193 721 1194 762 1

147 799 295 876 Episcopo
312 801 388 860 tacto
402 809 541 861 constare
552 802 676 876 debet(
696 809 716 876 ).

179 932 216 998 (i)
234 933 300 998 Arg.
315 945 373 998 cap.
388 933 419 984 id
433 934 467 986 ds
481 933 559 986 sisci.
573 935 602 986 in
613 935 638 986 b.
653 964 684 974 -
697 936 733 1001 (2)
746 935 837 987 Caeser
853 934 1021 986 Lambertini
1040 933 1072 984 de
1080 934 1154 998 jurep.

150 1002 168 1054 1.
182 1005 207 1068 2,
222 1018 250 1070 p.
266 1005 291 1067 i,
302 1009 352 1056 srt.
372 1005 413 1069 ii,
428 1019 455 1056 n.
469 1005 493 1056 6.
510 1006 575 1058 Post
590 1006 696 1073 lapsum
710 1008 819 1058 demum
831 1007 960 1070 temperis
973 1005 1045 1058 iacta
1058 1015 1158 1069 presen-

148 1076 214 1128 tatio
227 1089 275 1128 suc
289 1076 385 1128 robore
400 1076 571 1138 destituitur3
587 1077 635 1128 sed
645 1077 797 1142 Episcopus
811 1091 866 1128 non
878 1076 1041 1142 prohibetur
1052 1089 1082 1126 ex
1095 1074 1159 1124 urba·

150 1147 245 1209 nitste,
259 1150 290 1198 ut
302 1148 423 1214 loquitur
437 1149 535 1200 cintus
549 1147 658 1216 Doctor,
673 1162 735 1200 eum
748 1147 899 1202 admittere.
915 1147 959 1198 id.
977 1148 1027 1198 loc.
1042 1145 1085 1197 cit.
1097 1158 1120 1194 n.
1135 1144 1155 1194 t.

187 1337 250 1394 561.
267 1338 346 1395 inter
358 1351 451 1396 onera
459 1339 587 1410 patrono
596 1332 735 1410 imposita
743 1338 939 1398 recensentur
952 1329 1113 1408 sequentia,
1125 1327 1159 1386 ni·

153 1422 263 1484 mirum
277 1429 422 1498 patronus
433 1429 552 1482 tenetur
570 1421 707 1497 primitus
721 1421 822 1481 dotem
841 1419 1035 1491 constituere,
1049 1426 1077 1479 ct
1093 1416 1159 1478 dein-

155 1526 228 1586 ceps
238 1526 430 1584 ccnservare,
445 1527 512 1586 quae
526 1509 552 1568 si
568 1515 681 1568 tantum
694 1509 856 1582 minuatur,
871 1526 932 1570 non
949 1515 1102 1585 propterca
1112 1505 1160 1579 jus
1194 1511 1195 1582 t

156 1604 331 1672 patronatus
345 1598 476 1670 amittit,
496 1604 614 1657 tenetur
628 1597 791 1658 Ecclesiam
805 1599 942 1671 reficere,
964 1603 995 1656 ct
1018 1597 1162 1664 emarcet
1194 1587 1195 1632 t

157 1685 244 1758 alius,
263 1701 301 1744 eo
314 1685 417 1759 invito,
438 1687 503 1746 haec
516 1687 616 1746 iecere
634 1686 748 1762 nequit,
763 1686 894 1746 maxime
916 1686 1040 1762 quaudo
1053 1684 1162 1758 eburnam

156 1773 352 1834 mutationem
365 1777 506 1836 afferrent
520 1794 528 1848 3
545 1782 662 1836 tenetur
676 1775 765 1836 etiam
774 1776 936 1836 Ecclesiam
947 1773 1163 1845 beneficumque

157 1863 328 1936 defendere,
350 1872 380 1924 et
399 1872 559 1939 utrumque
581 1865 620 1922 ab
645 1865 888 1941 oppressionibus
906 1865 1079 1924 vindicare:
1100 1859 1163 1920 unde

158 1951 230 2011 oiim
243 1958 387 2027 petronus
400 1952 555 2012 dicebatur
575 1955 724 2027 defensor,
747 1960 776 2013 et
796 1955 958 2014 advocatus
978 1951 1109 2013 beneficii
1126 1952 1164 2006 aut

159 2041 308 2115 Ecclesiae,
323 2049 353 2101 ct
367 2041 465 2118 ipsum
480 2043 705 2118 juspatrcnatus
726 2059 807 2118 saepe
825 2043 981 2104 advocatie
1002 2040 1114 2102 nominc
1125 2035 1165 2095 fnit

159 2127 357 2203 significatum
370 2134 411 2202 (t)
426 2134 588 2206 Propterea
596 2138 724 2206 patrono
737 2148 810 2192 cura
823 2131 1019 2192 committitur
1030 2127 1164 2205 inspicicn·

158 2215 200 2287 di,
214 2233 253 2276 an
271 2217 354 2292 leges
367 2217 397 2278 in
410 2219 582 2282 fundatione
595 2219 740 2296 appositas
753 2221 959 2291 observentur,
976 2238 1016 2280 an
1031 2221 1106 2279 bona
1115 2230 1164 2275 mc·

160 2304 240 2376 bilia,
256 2311 285 2366 et
299 2305 461 2366 immobilia
475 2308 600 2370 fideliter
618 2309 834 2383 custodiantur,
848 2310 879 2368 in
903 2310 1014 2386 quibus
1034 2309 1059 2369 si
1076 2308 1166 2366 abusus

163 2395 303 2468 inveniat,
315 2413 379 2456 rem
388 2396 478 2456 debet
489 2395 636 2472 Episcopo
650 2398 889 2471 denunciarent
902 2392 1166 2474 opportunumatic·
1195 2443 1196 2476 3

161 2490 207 2543 rat
223 2483 406 2558 remedium
422 2485 476 2546 sed
487 2485 552 2561 ipse
571 2487 673 2562 nequit
692 2486 822 2562 aliquam
839 2486 1077 2562 jurisdictionem
1097 2495 1167 2542 exer·

161 2589 242 2646 cere,
259 2579 311 2634 aut
324 2589 356 2634 se
369 2574 525 2647 fructibus
546 2592 583 2636 ac
601 2575 795 2650 proventibus
808 2575 963 2651 ingerere,
988 2575 1072 2636 aliter
1085 2589 1115 2631 se
1127 2585 1167 2645 pe·
1195 2593 1196 2596 ¹

162 2661 258 2810 ricugo
295 2670 461 2739 exponeret
487 2662 640 2726 amittendi
665 2665 890 2740 juspatrcnatus
922 2664 1010 2740 juxta
1040 2679 1110 2746 mon
1133 2657 1167 2717 di-

161 2766 219 2810 cen
240 2767 268 2811 a

132 2857 611 2954 'nmmnuueeac

200 3073 263 3128 ddi.
284 3069 405 3143 Quarto,
429 3072 521 3146 modi,
542 3073 651 3149 quibus
672 3073 855 3150 extinguitur
874 3075 1096 3151 juspatrcnatus
1115 3071 1169 3130 sunt

165 3157 313 3234 praecipua
339 3168 509 3237 sequentes.
539 3163 725 3238 Extinguitur
749 3163 951 3224 destructione
977 3163 1118 3234 ecclesie,
1131 3163 1170 3217 ant

163 3247 283 3308 interitu
295 3247 418 3325 integrae
433 3249 510 3310 dotis
528 3251 705 3312 constitute.
722 3250 910 3327 Extinguitur
923 3270 992 3312 curn
1006 3251 1119 3322 fomitis,
1130 3251 1170 3306 aut

167 3343 265 3415 gente,
290 3337 339 3397 cui
361 3339 516 3414 privative,
537 3339 600 3399 sive
623 3357 693 3400 cum
712 3340 882 3401 conditione
903 3341 1011 3402 futurae
1033 3335 1169 3405 libertatis,

166 3428 252 3486 inita
271 3427 429 3488 fundatore
451 3428 601 3502 relictum,
625 3430 698 3490 alias
717 3438 948 3506 praesumeretur
970 3427 1170 3492 hereditarium

170 3517 242 3592 fleri,
255 3523 287 3576 ut
300 3534 390 3596 snpra
413 3517 572 3578 innuimus.
586 3517 773 3596 Extinguitur
794 3519 1019 3600 prescriptione
1033 3521 1171 3581 immone
