2560 4080
138 259 190 313 rite
203 254 490 322 inspectajubentura
501 254 613 308 Notario
631 251 850 321 renovariiiap.
867 251 906 314 to,
923 253 957 306 dc
979 253 1027 306 tid.
1042 254 1119 306 instr.
1134 255 1165 306 et

139 345 201 382 cnm
214 327 335 380 notarius
349 325 453 396 copiam
466 340 500 379 ex
519 327 643 392 originali
656 325 788 386 efformet,
801 337 914 392 eamque
930 339 980 376 sua
1005 326 1164 377 auctoritate

140 401 237 456 firmat
253 399 319 464 Gap.
336 399 387 450 let
401 397 438 461 lt,
452 397 511 450 eod.
533 425 565 438 -
577 399 613 462 (it
625 399 666 450 Ex
685 398 812 464 pluribus
830 397 964 462 capitibus
973 397 975 402 '
984 397 1165 448 instrumenta

139 471 265 526 falsitatis
278 472 405 536 suspecta
427 483 487 522 osso
510 473 639 536 possuntt
654 470 702 522 sed
717 470 834 522 maxime
858 469 881 520 si
900 469 1036 535 scriptura
1054 467 1165 532 antiqua

138 559 171 598 ex
187 541 289 604 charta,
311 541 523 604 characteribus,
538 540 582 592 vel
599 539 661 591 aliis
675 539 760 610 signis
779 541 936 592 recentioris
957 541 1029 590 datm
1050 551 1165 606 appare·

138 618 180 668 rot
190 633 196 673 ;
206 617 233 665 et
242 613 265 664 si
276 611 492 665 contrarietatem
504 612 533 662 in
546 626 585 676 se,
594 612 635 663 rel
644 625 706 662 cum
717 611 778 663 aliis
786 610 974 662 instrumentis
986 610 1168 676 comprehen-

139 687 224 738 daret.
241 685 305 749 (lap.
324 684 360 742 13,
375 683 435 734 eod.
448 683 579 747 *i3fflb
595 683 758 748 integritatis
777 683 914 734 deiectum
928 695 982 734 non
992 682 1111 748 probant
1125 681 1166 732 in·

139 754 290 810 strtimanta
301 755 408 818 abrasa,
422 755 468 820 ‚vel
481 753 571 808 deleta
582 754 610 806 in
624 754 682 806 loco
696 754 881 816 substantiali,
894 757 925 804 ut
938 754 965 804 in
981 753 1052 817 data,
1070 754 1099 804 in
1113 766 1167 804 no-

140 827 213 881 mine
225 824 352 892 partium,
367 825 431 878 etin
446 839 484 884 re,
499 825 532 878 de
553 839 607 892 qua
625 825 723 890 agitur.
742 825 806 892 Cap.
825 825 849 888 3,
863 825 922 876 eod.
934 838 992 890 cap.
1004 823 1027 883 i,
1039 823 1073 874 do
1085 823 1166 888 relig.

140 897 242 950 domib.
257 899 284 948 et
299 911 357 964 cap.
376 895 413 960 tl,
423 895 456 948 de
471 896 559 963 privil.
576 895 693 947 abrasio
703 909 777 958 vero,
792 899 819 948 et
832 895 929 947 delatio
943 896 971 945 in
983 893 1075 960 aliqua
1089 897 1170 959 parte

141 981 194 1020 non
207 967 368 1020 subsentiali
381 951 414 1018 ix
431 965 566 1018 communi
580 967 726 1018 Doctorum
740 967 875 1018 sententia
884 966 1062 1017 instrumenta
1071 965 1101 1014 in
1111 968 1169 1015 toto

141 1053 195 1092 non
205 1039 290 1098 vitiat,
303 1039 369 1106 quia
380 1053 431 1102 per
443 1039 624 1090 accessorium
637 1051 692 1090 non
706 1039 809 1090 corruit
825 1038 987 1103 principale.
1001 1037 1052 1088 cit.
1065 1050 1124 1102 cap.
1142 1037 1167 1094 3.

142 1111 176 1164 da
188 1110 233 1164 tid.
248 1110 310 1162 inst.
325 1137 356 1150 ···
367 1110 403 1175 (t)
416 1109 444 1162 Si
454 1108 590 1174 scriptura
603 1116 650 1160 aut
666 1115 776 1175 propter
788 1110 985 1174 antiquitatem,
996 1113 1043 1159 aut
1056 1113 1170 1174 propter

142 1181 276 1235 delectum
290 1181 433 1234 scribentis
445 1181 483 1232 ita
495 1180 620 1242 obscura,
636 1181 679 1231 vel
695 1179 766 1232 male
780 1180 885 1244 digesta
897 1181 940 1238 sit,
956 1183 987 1230 ut
1005 1180 1059 1244 legi
1082 1184 1170 1240 recte,

142 1260 170 1305 et
183 1253 297 1317 intelligi
311 1256 427 1318 nequent
439 1254 521 1304 edam
532 1251 567 1302 ab
582 1251 750 1317 antiquitatis
760 1251 866 1318 peritis,
877 1251 1084 1302 instrumentum
1094 1254 1163 1300 tem·

143 1338 225 1390 quam
241 1323 366 1376 vitiosum
380 1337 435 1376 non
448 1323 554 1389 probat.
571 1321 634 1386 Gap.
653 1323 677 1382 6,
692 1323 751 1375 eod.
770 1322 892 1374 Postilla)
908 1330 1000 1374 mmen
1020 1323 1069 1374 rita
1083 1321 1165 1373 factae

143 1409 198 1448 non
213 1397 319 1448 vitiant.

42 1669 46 1676 .
72 1655 84 1678 ι
179 1621 242 1677 805.
268 1622 339 1678 Post
358 1617 565 1692 instrumenta,
584 1635 651 1696 quae
665 1624 790 1678 mortuae
805 1634 898 1679 voces
920 1619 1108 1695 appellantur
1128 1619 1169 1680 ab

144 1705 294 1779 decursio,
314 1705 390 1766 vivoe
415 1717 580 1782 sequuntur
599 1724 700 1782 voces,
724 1725 799 1784 quas
815 1695 951 1767 ‘reddunt
979 1713 1080 1778 testes,
1104 1705 1169 1767 sive

144 1794 455 1872 personaeildcdignae
464 1796 664 1856 advolitatem
673 1797 743 1857 iacti
755 1795 940 1856 controversi
951 1795 1171 1856 ostendendam
1186 1831 1190 1842 ·

143 1883 296 1956 adhibitae3
318 1900 385 1959 quae
406 1891 487 1959 tanta
510 1885 641 1962 praeditae
662 1903 730 1946 esse
753 1887 864 1946 debent
881 1885 1014 1958 scientia,
1031 1901 1069 1944 ne
1083 1883 1168 1944 deci-

145 1961 265 2050 piantur
278 1970 361 2048 ipsae,
382 1978 523 2049 tantaque
544 1970 701 2051 probitate,
723 1992 761 2035 ne
778 1972 928 2048 decipiant
947 1973 1030 2034 alios.
1046 1978 1090 2034 Ex
1102 1975 1176 2050 jura,

146 2061 290 2122 canonico
312 2060 442 2121 maxima
460 2067 507 2121 est
524 2063 686 2124 auotoritas
704 2063 834 2135 testium,
849 2065 889 2124 ita
902 2055 940 2125 ut
954 2064 1169 2125 instrumento-

144 2167 210 2215 rum
225 2149 401 2210 auctoritate
415 2153 589 2226 praeralcat3
605 2169 674 2215 nam
687 2169 742 2230 per
757 2153 904 2230 legitimas
915 2153 1036 2214 testium
1048 2153 1170 2228 deposi·

144 2239 241 2300 tiones
262 2237 449 2298 instrumenti
472 2238 517 2302 vis
535 2240 654 2301 eliditur
676 2246 716 2315 (l)
730 2261 736 2302 :
749 2241 830 2318 quod
844 2258 911 2302 eam
925 2242 964 2301 ob
978 2257 1101 2301 cansam
1114 2241 1172 2300 init
1275 2235 1276 2280 Ὗ

143 2327 302 2400 sancitum,
321 2325 391 2403 quia
414 2327 610 2388 instrumenta
628 2336 696 2390 suut
710 2331 883 2390 testationes
899 2342 1000 2404 mutae,
1015 2337 1046 2390 ct
1057 2330 1169 2404 surdae,

144 2433 211 2492 quae
227 2417 425 2506 interrogatae
452 2435 513 2479 non
539 2419 732 2494 respondent,
754 2435 823 2478 cnm
841 2437 880 2482 ex
899 2420 1025 2480 adverso
1048 2420 1171 2480 testium

143 2506 280 2581 probatio
302 2525 421 2585 semper
435 2508 576 2583 loquitur,
595 2509 798 2583 ratiocinatur,
814 2516 844 2568 et
864 2508 972 2584 saepius
986 2509 1171 2588 interrogata
1187 2505 1190 2513 “

144 2597 307 2672 respondet
322 2599 332 2667 (
352 2604 373 2669 ).

173 2766 209 2831 (l)
222 2767 285 2833 Cep.
303 2769 326 2826 5,
342 2767 376 2819 de
390 2767 497 2832 probat.
509 2770 535 2820 at
552 2781 609 2833 cap.
628 2767 665 2827 to.
681 2767 714 2820 de
729 2768 773 2820 lid.
788 2769 863 2821 instr.
894 2769 960 2834 (i)-
975 2769 1028 2821 Sed
1044 2771 1124 2823 aliter
1139 2787 1170 2826 sa
1271 2727 1274 2748 γ

144 2851 188 2890 res
204 2837 405 2904 hebetexjure
419 2853 486 2891 novo
501 2839 584 2904 civili,
598 2843 677 2904 juata
688 2840 760 2906 quod
777 2841 907 2906 praevalet
919 2840 985 2892 fides
1002 2841 1169 2901 instrumen·
1273 2857 1274 2864 ¹

142 2913 231 2960 torum
246 2911 356 2962 testium
367 2911 518 2962 auctoritati
531 2932 537 2961 :
551 2911 622 2976 quod
639 2916 768 2974 statutum
790 2912 850 2973 fuit,
865 2911 928 2976 quia
942 2913 1014 2963 mala
1029 2913 1170 2966 hominum
1273 2915 1274 2931 ¹

144 2977 220 3042 fides,
236 2984 317 3045 atque
334 2979 490 3048 improbitas
502 2983 615 3032 nimium
631 2982 785 3034 dominatur
799 2983 861 3040 late,
885 2987 911 3033 et
936 2983 1001 3048 quia
1021 2987 1170 3038 auotoritas

142 3049 251 3116 publica
263 3051 343 3102 debet
357 3066 490 3118 superare
503 3054 645 3117 privatam.
661 3054 751 3115 Quare
760 3068 813 3105 non
828 3052 978 3104 admittitur
992 3057 1104 3107 testium
1119 3057 1168 3108 de'-

143 3120 241 3186 positio
258 3129 360 3180 contra,
378 3125 425 3173 aut
438 3123 509 3174 ultra
520 3125 727 3175 instrumentum
735 3124 884 3188 publicum,
895 3124 969 3176 salva
981 3125 1168 3192 inscriptione.

143 3193 200 3244 sive
223 3192 333 3257 querela
348 3193 420 3246 laist.
446 3195 531 3265 Immo
551 3195 716 3260 generaliter
737 3209 791 3246 non
813 3195 962 3247 admittitur
978 3197 1013 3248 ab
1035 3197 1088 3250 hoc
1107 3201 1170 3264 jura
1272 3217 1273 3226 ¹

142 3265 252 3314 testium
262 3265 386 3329 probatio
400 3265 435 3316 ad
449 3267 645 3322 conventiones
660 3267 815 3325 firmandas,
836 3267 887 3317 nisi
910 3272 1006 3332 agatur
1030 3269 1065 3320 de
1086 3275 1172 3336 parvo

141 3334 242 3396 valore,
259 3340 306 3386 aut
322 3335 355 3386 de
371 3349 399 3385 re
422 3340 590 3401 mercatoria,
612 3343 658 3388 aut
674 3336 707 3387 de
728 3340 874 3395 contractu,
890 3337 982 3402 inquo
998 3339 1079 3390 cadat
1102 3341 1169 3392 scri·

144 3405 224 3480 ptura
237 3405 352 3469 privata,
364 3409 410 3456 aut
424 3405 457 3456 de
471 3406 532 3457 aliis
553 3407 688 3460 similibus
698 3407 882 3460 determinatis
901 3407 1018 3469 casibus,
1030 3412 1078 3476 qui
1093 3413 1166 3477 aju-

140 3474 310 3529 rrsconsultis
324 3473 450 3528 ciuilibus
463 3479 634 3529 evolvuntur.
