2592 4018
635 147 774 205 ..10-

197 271 249 350 qni
261 289 280 332 a
292 270 391 334 medie
403 273 493 332 nocte
505 265 641 330 naturale
651 266 796 344 jejunium
810 271 976 329 servarunt.
986 269 1062 328 Nam
1074 267 1144 329 licat
1155 268 1218 345 pri·

195 376 279 424 mum
299 360 431 422 Christus
448 358 609 434 discipulos
628 369 700 418 suos
723 375 784 418 uon
802 358 920 435 jejunos
934 357 1216 432 communicaverit,

196 455 296 510 temen
308 447 378 508 inde
391 445 502 524 placuit
519 444 640 524 spiritui
663 449 782 520 saneto,
797 451 828 506 et
849 445 998 520 Ecclesiae,
1012 451 1046 505 ut
1058 445 1099 505 ait
1116 449 1145 506 S.
1159 449 1220 506 tu-

193 535 341 613 gustinus,
356 535 395 595 ad
411 535 497 611 plura
509 535 598 606 mela,
612 539 643 593 et
664 535 804 594 scandala
826 533 986 594 avertenda
999 533 1173 610 precipere,
1184 540 1219 594 ut

194 624 227 684 in
241 622 312 684 tanti
325 621 502 684 sacramenti
515 622 663 682 honorem
673 621 767 698 ieiuni
779 621 934 682 dumtaxat
947 637 1064 684 sacram
1078 626 1218 682 Commu·

194 711 315 774 nionem
328 711 506 788 reciperent,
519 711 604 787 an'us
616 710 760 786 praecepti
772 711 916 787 originem
930 711 968 772 ab
981 727 1046 770 ravo
1060 711 1219 786 apostoto-

192 817 261 866 nrm
272 799 381 878 repetit
394 797 556 860 cardinalis
568 804 659 873 Bone,
675 805 705 860 et
721 799 783 860 vim
802 799 960 860 coufirmat
973 797 1113 861 llmtinus
1125 803 1148 859 V
1162 801 1218 872 (l).

224 947 259 1014 (ι)
273 947 306 999 In
318 946 374 999 bul.
385 945 539 1013 Apostoliae
547 940 634 1000 Sedis.
643 945 712 999 Sunt
723 945 900 998 nihilominus
915 945 998 1013 aliqui
1013 959 1103 1006 casus,
1118 945 1146 997 in
1159 945 1219 1013 qrri-

191 1019 244 1072 bus
259 1031 313 1070 non
326 1019 437 1085 jeiunns
459 1021 548 1084 potest
569 1019 782 1070 communionem
805 1019 936 1084 recipere,
959 1021 990 1070 ut
1015 1019 1038 1068 si
1058 1017 1086 1070 id
1109 1016 1219 1084 flatper

190 1089 326 1144 viaticum
336 1090 363 1140 in
376 1089 497 1155 periculo
511 1089 615 1152 mortis,
630 1095 677 1141 eut
689 1101 738 1154 per
750 1089 884 1141 indultum
897 1089 924 1140 S.
940 1087 1076 1140 Pontitlcls
1089 1088 1117 1138 in
1132 1088 1217 1154 egri·

192 1161 294 1220 tudine,
310 1173 372 1227 quae
389 1160 524 1225 jejunium
540 1161 643 1213 servari
667 1173 722 1212 non
740 1161 860 1226 petitur;
885 1159 1035 1226 cuiusmodi
1048 1159 1154 1212 indulta
1165 1172 1218 1224 pro

191 1232 312 1298 Regibus
326 1233 352 1282 et
366 1231 538 1298 Principibus
559 1237 750 1283 commemorat
762 1231 925 1284 Benedictus
938 1231 1013 1291 xlv,
1026 1231 1055 1282 in
1070 1231 1129 1282 bul.
1146 1229 1216 1296 Qec·

195 1303 261 1356 dam
275 1303 309 1354 cle
321 1315 412 1368 mere;
429 1302 475 1368 qui
493 1302 580 1354 simile
601 1303 772 1370 privilegium
791 1301 892 1354 Jacobo
914 1302 1053 1367 lIl‚,Regi
1067 1301 1217 1354 Britunniae

192 1373 324 1433 concedit,
338 1378 366 1426 et
379 1373 528 1439 cujusmodi
540 1373 644 1424 indulte
657 1373 792 1424 interdum
802 1373 951 1424 concedunt
961 1373 1058 1423 summi
1071 1371 1218 1424 Pontifices

191 1445 271 1496 etiem
285 1444 397 1510 privatis
409 1445 541 1508 personis,
551 1457 613 1511 qum
625 1451 736 1510 propter
747 1445 869 1497 eamdem
879 1443 1067 1509 egritudinem
1076 1447 1218 1509 nequeunt

188 1515 324 1582 jejunium
338 1528 454 1580 servare,
470 1519 501 1566 ut
513 1515 620 1567 valeant
633 1515 762 1566 nimirum
776 1529 829 1568 non
840 1515 931 1583 jejuni
943 1515 1036 1576 semel,
1049 1518 1097 1568 aut
1110 1514 1216 1580 pluries

188 1585 218 1640 in
230 1599 301 1640 auno
314 1599 420 1639 sacram
432 1587 644 1639 communionem
658 1587 792 1653 accipere.

222 1767 286 1825 em.
302 1763 495 1840 Temporibus
508 1764 727 1840 Apostolorum,
741 1770 772 1824 et
785 1762 855 1825 inde
866 1779 921 1841 per
934 1763 1020 1839 plura
1030 1762 1139 1822 saecula
1151 1777 1215 1824 om·

187 1869 242 1913 nes
255 1852 358 1914 fideles
379 1852 473 1913 llissae
495 1852 685 1914 celebrationi
700 1860 864 1930 presentes
884 1852 1014 1930 quotidie
1028 1857 1057 1912 S.
1074 1856 1214 1912 commu-

185 1939 306 2000 nionem
319 1942 476 2001 sumebant
490 1961 497 2002 z
512 1943 565 2002 sed
578 1941 746 2002 labentibus
758 1941 789 2002 in
802 1940 955 2002 deteriora
967 1941 1153 2017 temporibus
1163 1955 1216 2000 ne

186 2045 272 2090 cesse
283 2027 337 2090 luit
349 2031 495 2106 quosdam
507 2030 673 2091 desidiosos
688 2031 791 2092 fideles
805 2031 844 2092 ad
858 2035 886 2091 S.
903 2029 1147 2092 communionem
1157 2028 1214 2090 ali-

185 2115 302 2193 quoties
314 2116 345 2176 in
364 2133 443 2177 anno
460 2119 635 2178 sumendam
647 2135 702 2195 per
715 2119 854 2180 Ecclesiae
868 2115 1053 2195 praec'eptum
1077 2117 1215 2194 compel-

185 2204 258 2279 lere,
273 2203 354 2280 quod
374 2205 485 2265 lectum
507 2206 561 2265 luit
585 2207 695 2266 saeculo
719 2207 860 2267 Ecclesiae
883 2206 972 2267 tertio
995 2223 1013 2265 a
1036 2209 1066 2266 S.
1082 2205 1213 2266 Fabiano

186 2295 275 2368 Papa,
291 2292 341 2368 qui
355 2291 508 2369 praecepit,
522 2300 565 2369 ut,
583 2295 609 2354 si
623 2313 684 2356 non
697 2296 891 2372 frequentius,
907 2297 1013 2356 saltem
1026 2300 1072 2356 ter
1086 2295 1117 2354 in
1130 2311 1213 2354 anno

185 2379 288 2440 fideles
306 2396 367 2439 non
389 2381 521 2458 impediti
539 2384 807 2459 communicarent,
822 2383 936 2444 scilicet
958 2383 989 2444 in
1011 2384 1164 2457 Paschate,
1179 2383 1214 2442 in

184 2472 372 2544 Pentecoste,
383 2476 414 2530 et
426 2470 457 2530 in
468 2471 562 2532 Natali
574 2472 690 2532 Domini
704 2477 755 2547 (l).
779 2479 819 2534 Ac
833 2473 962 2550 denique
982 2472 1090 2550 prodiit
1106 2473 1214 2532 decre-

185 2562 249 2617 tum
264 2557 429 2618 lnnoeentii
438 2564 488 2635 lll,
503 2560 615 2622 editum
625 2559 656 2620 in
671 2561 797 2622 concilio
810 2563 998 2623 Lateranensi
1013 2567 1057 2636 lv,
1069 2561 1150 2640 quod
1164 2560 1212 2622 sic

183 2663 216 2706 se
235 2645 345 2707 habet:
371 2648 472 2708 Omnis
489 2651 644 2726 utriusque
662 2667 751 2712 recrea
764 2650 869 2727 ridelis,
885 2659 1044 2729 pertertare
1058 2651 1098 2712 ad
1111 2666 1209 2712 aanor

184 2735 366 2797 decertante
386 2739 560 2814 peruenerit,
580 2740 682 2800 urania
700 2757 757 2801 raa
770 2740 851 2800 solas
863 2749 980 2817 peccata
993 2739 1100 2801 saltem
1117 2739 1210 2801 semei

181 2821 216 2884 ire
230 2840 311 2884 anau
323 2825 449 2900 fideliter
461 2827 636 2902 confiteatur
645 2829 765 2904 proprio
774 2828 927 2894 Sacerdoti
940 2831 991 2904 (2),
1002 2835 1029 2888 et
1039 2828 1213 2904 illitteratam

182 2911 236 2972 sibi
247 2914 451 2989 penitentiam
463 2915 592 2992 propriis
604 2915 716 2976 uiribus
729 2917 845 2978 studeat
858 2917 1028 2994 adimplere,
1047 2916 1210 2994 receptent

182 3009 348 3062 reverenter
375 3003 415 3063 ed
441 3004 543 3064 mtaoa
564 3004 599 3065 ire
620 3005 734 3066 Pascha
749 3005 943 3068 Eucharistiae
966 3003 1208 3080 Sacramentum,

181 3087 242 3148 oiri
255 3091 332 3164 forte
345 3090 379 3150 de
399 3092 514 3168 proprii
528 3092 692 3154 Sacerdotis
708 3095 827 3154 caecilio
843 3094 876 3154 ab
890 3093 1024 3173 aliquam
1044 3092 1209 3154 rationabi-

184 3175 242 3234 lem
257 3195 379 3238 causam
392 3179 432 3240 ad
446 3187 558 3256 tempas
568 3181 604 3243 ab
614 3182 786 3259 hujusmodi
793 3183 973 3260 perceptione
985 3183 1103 3244 darent
1118 3181 1208 3243 abeti-

180 3266 314 3327 aearlam
327 3285 335 3342 ;
349 3269 482 3346 alicacia
502 3278 528 3330 ct
548 3271 631 3332 viam
650 3271 685 3332 ab
705 3273 842 3348 inpressu
864 3271 995 3333 Ecclesiae
1016 3279 1164 3346 arceatur,
1180 3280 1208 3332 et

181 3354 312 3416 moriem
325 3357 491 3421 careciaco
504 3368 602 3421 careat
616 3361 773 3439 repellere
787 3366 798 3434 <
818 3367 839 3436 ).

214 3446 248 3502 ln
262 3443 323 3505 vim
344 3447 458 3523 praefati
474 3449 595 3527 decreti,
610 3457 643 3511 ut
653 3468 692 3512 ex
706 3451 814 3514 eodem
826 3449 982 3514 manifeste
995 3450 1208 3528 liquet,sacrae

180 3533 401 3599 communionis
413 3545 596 3616 preceptum
610 3539 651 3602 ita
663 3540 718 3604 luit
737 3540 904 3618 reductum,
926 3547 960 3604 ut
979 3541 1115 3604 absoluto
1135 3545 1204 3603 tan-
