2560 4080
583 205 739 262 ..3oe-

154 338 215 383 non
229 322 371 400 pertinet,
388 324 446 386 nisi
469 331 539 402 pest
553 327 661 387 iactam
678 325 873 388 monitionem
896 327 977 388 inter
991 334 1027 401 tc,
1040 335 1068 388 ct
1079 329 1172 404 100001
1191 285 1196 354 1

151 412 260 485 solum,
275 429 400 474 neccsse
422 412 460 474 sit
483 414 626 476 adhibere
649 421 750 491 testes,
765 422 796 477 et
819 415 918 480 dicere
943 417 1172 492 Ecclesiae3quc

156 517 228 562 casu
240 501 305 578 ipsa
315 501 504 564 denunciatio
516 505 689 582 evangelica
700 506 733 565 111
747 505 893 566 canonica
907 511 937 566 ct
948 504 1097 582 judicialis
1108 509 1158 577 (3).
1175 533 1182 552 ·

187 653 224 720 (1)
236 653 367 708 Novimus
391 655 519 712 Doctores
541 657 718 710 communiter
736 658 854 724 undere,
869 658 1104 712 denunciationem
1121 659 1178 710 deri

161 737 241 789 posse
254 725 335 778 etiam
347 725 474 794 publice;
488 733 514 780 et
535 728 595 780 ideo
609 728 842 782 denunciationem
865 728 1035 795 distinguunt
1051 729 1080 780 in
1091 729 1178 794 palili-

159 808 228 856 ccm.
243 799 270 848 et
280 796 428 862 priuatam.
441 798 494 851 Sed
509 813 571 851 cum
592 799 703 865 publica
719 801 891 853 denunciatio
904 800 1001 852 similis
1020 801 1055 852 sii
1068 813 1179 853 accusa-

158 866 235 931 tioni,
247 873 278 918 ut
292 870 402 935 quidam
420 871 549 924 Doctores
569 871 731 934 observant;
748 872 808 924 ideo
824 884 874 923 nos
892 871 1130 924 denunciationem
1148 885 1181 924 er

158 949 191 988 aa
203 941 308 990 mutum
324 943 402 1006 parte
413 942 570 1007 accipimus,
589 955 643 1008 qua
656 951 698 994 est
711 943 822 1009 privata.
838 970 869 982 -
891 944 926 1008 (1)
940 942 1011 994 Hinc
1024 943 1122 1009 siquis
1134 945 1177 1008 ju-

159 1008 212 1060 dici
225 1009 371 1064 denunciet
386 1013 414 1064 iu
434 1013 482 1064 tali
497 1015 604 1066 civitate
619 1015 712 1080 gravis
728 1015 857 1066 committi
871 1014 994 1078 crimina,
1007 1013 1178 1066 denunciatio

159 1079 210 1132 erit
221 1083 356 1146 generalis
366 1101 373 1143 ;
385 1088 412 1136 et
434 1085 559 1149 specialis
581 1085 642 1144 erit.
662 1085 686 1138 si
701 1086 845 1139 denunciet
857 1086 1048 1152 Sempronium
1061 1086 1177 1138 nefando

159 1163 219 1205 esso
232 1153 344 1208 crimine
360 1155 538 1222 inquinatum.
552 1185 577 1196 -
596 1156 632 1223 (3)
646 1157 739 1208 Metth.
755 1171 777 1210 c.
795 1157 832 1210 11.

194 1325 258 1382 til.
274 1321 460 1398 inspicienda
474 1323 559 1383 nobis
573 1331 619 1384 est
629 1325 794 1400 presertim
806 1324 995 1385 denunciatio
1003 1325 1180 1400 jtcdioiolis:

159 1427 226 1487 quae
240 1411 375 1487 dirigitur
388 1413 427 1471 ad
437 1411 658 1489 impediendum
675 1415 816 1474 delictmn
832 1416 974 1487 futurum,
990 1421 1025 1474 ut
1041 1431 1117 1474 curu
1132 1416 1182 1475 de·

159 1499 318 1560 nunciatur
327 1501 573 1577 inpedimentum
587 1505 633 1562 vel
649 1503 891 1575 inaculariares,
907 1521 944 1563 ne
958 1502 1182 1562 matrimonium

161 1589 364 1663 contrahatur,
378 1597 429 1650 aut
443 1591 570 1651 clericus
578 1591 616 1650 ad
629 1591 749 1652 ordines
764 1591 979 1652 beneficiumve
994 1597 1180 1663 assumentum
1256 1644 1259 1649 .

119 1695 123 1701 ·
157 1677 206 1736 vel
231 1678 367 1753 dirigitur
390 1679 429 1738 ad
451 1681 651 1754 reparandum
669 1681 810 1742 delictum
825 1682 888 1756 jam
910 1688 1075 1756 patratum,
1103 1680 1182 1757 quod

158 1766 331 1843 contingere
340 1774 438 1844 potest
452 1775 513 1828 tum
526 1770 564 1828 ad
576 1768 720 1830 interesse
732 1770 884 1846 publicum
892 1773 944 1842 (1),
957 1776 991 1828 01
1003 1768 1118 1830 crimen
1132 1787 1182 1828 co-

158 1863 305 1930 erceatur,
321 1871 410 1932 quam
425 1857 462 1916 ad
476 1857 620 1918 interesse
631 1857 788 1934 privatum,
803 1866 836 1917 nt
851 1849 993 1918 damnum
1004 1857 1121 1918 illatum
1133 1875 1182 1918 re-

157 1949 340 2020 0111010011).
365 1950 434 2006 llaec
447 1946 637 2007 denunciatio
659 1948 723 2008 fleri
748 1954 848 2023 potest
868 1947 1036 2020 viverere,
1052 1947 1147 2008 modo
1166 1964 1184 2005 a

159 2033 252 2094 curiae
264 2035 381 2094 notario
394 2036 425 2094 in
435 2037 613 2114 scripturam
626 2035 788 2112 redigatur,
799 2045 828 2096 01
841 2036 907 2096 ficri
920 2042 1020 2112 001001
1029 2053 1087 2112 per
1100 2036 1183 2096 libel·

152 2123 230 2198 lum,
246 2130 276 2184 et
294 2125 354 2184 hoc
367 2124 480 2184 servari
493 2127 579 2199 solet,
598 2141 668 2185 oum
687 2125 880 2185 denunciator
894 2124 925 2184 id
942 2125 981 2184 ad
999 2141 1089 2184 suam
1112 2141 1183 2186 con-

159 2210 311 2294 spicntiam
321 2213 543 2274 exonerandam
557 2213 642 2272 lacit:
654 2223 782 2288 utroque
795 2219 894 2273 tamen
901 2230 973 2273 casu
982 2213 1184 2274 denunciator

158 2301 246 2362 dehet
261 2301 460 2376 subscribere,
475 2312 505 2362 et
519 2302 660 2363 exhibere
675 2303 859 2378 probationis
872 2301 1078 2376 directorium,
1095 2308 1130 2363 ut
1140 2300 1183 2362 di·

159 2397 240 2464 cunt,
260 2390 323 2451 sive
337 2407 489 2468 exponere
503 2391 603 2452 delicti
623 2391 804 2467 qualitatem,
815 2393 926 2464 locum,
940 2391 971 2450 in
994 2407 1055 2466 quo
1082 2397 1184 2466 patre·

158 2486 222 2540 tum
230 2480 293 2553 init,
308 2487 435 2556 tempus,
447 2487 539 2542 testes
550 2481 656 2554 atalia,
667 2480 775 2558 quibus
790 2481 931 2540 delictum
945 2481 1067 2556 probari
1080 2486 1183 2556 queat,

157 2567 226 2632 licet
235 2568 301 2648 ipse
315 2569 510 2632 denunciatur
522 2570 564 2646 011Ι
575 2585 666 2630 onere
692 2568 838 2648 probandi
852 2568 890 2629 sit
911 2569 976 2644 ipso
987 2569 1055 2644 jure
1069 2585 1185 2628 exone-

158 2666 251 2734 ratus,
268 2660 369 2736 inquo
381 2660 531 2736 praecipue
545 2659 643 2720 differt
655 2659 850 2721 denunciator
862 2657 899 2717 ab
913 2664 1101 2718 accusatore.

190 2813 225 2879 (l)
237 2813 367 2882 Exempla
386 2813 622 2867 denunciationum
638 2813 672 2866 ad
685 2813 786 2864 bonum
800 2811 939 2878 publicum
952 2810 1084 2862 Ecclesia
1097 2808 1185 2861 hahe-

160 2897 222 2936 mus
236 2884 265 2936 in
279 2886 451 2938 confessariis
472 2885 680 2938 sollicitantibus
701 2883 735 2935 ad
753 2883 842 2950 turpia
854 2883 883 2933 in
897 2886 1065 2934 sacramento
1088 2879 1185 2932 Poeni-

159 2956 251 3008 tentioe
263 2975 270 3019 ς
283 2957 348 3008 item
361 2956 390 3007 in
404 2956 585 3018 confessariis,
600 2956 647 3022 qui
658 2955 769 3020 exigunt
781 2968 797 3005 0
810 2954 1013 3018 penitentibus,
1026 2953 1185 3005 010111100-

159 3041 221 3079 men
231 3027 370 3094 complicis
382 3027 555 3080 manifestent
563 3046 570 3088 ;
579 3032 606 3079 01
618 3029 645 3078 in
659 3026 701 3086 iis,
710 3025 757 3092 qui
768 3039 866 3077 nomen
877 3025 1010 3078 dederunt
1019 3027 1103 3076 sectae
1116 3037 1184 3074 mes

159 3099 270 3151 seniora.
284 3125 317 3136 -
328 3099 363 3165 (1)
385 3100 424 3150 De
438 3099 545 3152 duobus
564 3099 704 3166 praecipue
726 3097 794 3150 solet
808 3097 852 3148 hic
871 3111 886 3148 a
902 3097 1063 3149 Doctoribus
1084 3093 1182 3161 quaeri.

99 3167 101 3172 ’
160 3172 187 3222 1·
201 3171 244 3221 An
257 3183 350 3221 omnes
365 3170 400 3222 ad
422 3170 640 3222 denunciandum
662 3169 766 3235 possint
787 3169 910 3228 admitti;
926 3174 953 3220 01
973 3168 1064 3220 verior
1075 3167 1184 3217 videtur

159 3243 294 3295 sententia
309 3240 554 3306 affirmationisque
571 3240 744 3292 denuncialor
756 3253 810 3292 non
825 3245 876 3304 est,
891 3248 921 3291 ut
937 3244 1086 3300 accusator,
1100 3248 1183 3290 causa

162 3313 283 3365 alliciens
299 3327 452 3378 processus,
467 3313 515 3364 sed
529 3317 632 3364 tuntum
647 3326 728 3363 causa
741 3311 934 3364 occasionalis:
950 3311 1035 3374 judex
1049 3310 1122 3361 enirn
1139 3321 1181 3359 ra·

165 3387 245 3450 cepta
258 3383 464 3434 denunciatione
478 3385 599 3448 procedit
613 3398 645 3435 ex
659 3383 755 3442 011101ος
768 3386 793 3435 01
806 3383 833 3433 10
852 3397 882 3434 eo
896 3376 1023 3449 processu
1039 3380 1180 3433 denuntia-

167 3459 209 3504 tor
224 3468 278 3505 non
292 3458 449 3518 0010010000
464 3455 540 3505 testis
552 3473 559 3514 3
573 3455 654 3506 immo
668 3456 725 3520 ipse
736 3455 828 3520 judex.
844 3455 867 3506 si
882 3455 1114 3506 denunciationem
1136 3463 1177 3500 ca-

167 3524 328 3575 lumniosam
350 3527 485 3586 canescat,
509 3529 597 3588 potest
617 3527 834 3578 denunciatorem
859 3527 1007 3592 repellere3
1026 3533 1053 3576 01
1070 3523 1178 3576 aliunde

160 3595 218 3648 salo
231 3595 405 3650 denunciatio
416 3608 470 3647 non
484 3595 583 3648 sufficit
595 3597 629 3650 ed
643 3597 846 3664 inquisitionem
868 3599 1048 3658 causandum
1070 3595 1122 3650 sed
1138 3595 1178 3646 iu-
