2524 4080
604 161 763 220 ..354-

166 283 216 346 rel
229 281 317 360 culpo
327 280 468 344 debitoris
481 297 530 344 rea
544 283 673 360 perierit,
688 283 714 344 si
726 301 776 344 res
788 283 826 344 sit
836 283 954 354 tuuva,
971 287 1003 344 et
1023 283 1050 344 si
1065 283 1170 368 debitor

165 373 295 450 legitirm
307 372 510 448 interpellatus
526 374 566 434 ad
579 374 765 446 uadendum,
784 374 867 450 quod
883 373 1021 448 debebat,
1041 374 1121 434 luerit
1142 373 1171 434 in

165 479 250 524 mora
263 460 403 538 culpabili
415 461 562 538 tradendi,
577 463 646 538 quia
660 480 699 522 ex
711 463 815 540 regula
823 462 909 540 juris,
925 479 1012 522 atera
1027 480 1082 522 ena
1092 463 1172 525 cailt-

165 549 209 610 det
222 557 263 610 est
279 549 383 610 norma
394 553 445 622 (l).
464 555 534 612 liaec
547 551 685 629 exceptio
704 559 776 612 tunc
794 551 937 630 procedit,
952 569 1022 612 cum
1035 569 1083 612 ree
1095 569 1174 628 reque

165 639 245 715 apud
262 637 415 700 dommum
430 655 491 704 non
508 647 573 700 erat
587 640 729 716 pariana,
743 649 774 702 et
789 641 884 702 tendit
901 641 941 702 ad
957 641 1086 704 madent
1099 641 1172 702 asti-

165 726 335 807 mationem,
347 745 417 798 cunr
429 745 480 790 res
490 729 618 808 amplius
630 747 692 808 non
705 735 813 792 exstat.

195 871 548 942 (coaeternitate.
563 873 592 926 ru
603 873 628 926 a.

200 1045 264 1102 687.
284 1043 341 1102 Per
353 1041 557 1102 confusionem
569 1041 719 1102 evanescit
729 1038 879 1118 obligatio,
894 1043 1012 1118 quando
1023 1043 1072 1118 Jus
1086 1041 1173 1103 credi·

168 1129 285 1192 torisia
300 1132 436 1193 eamdem
452 1147 612 1208 personam
629 1129 777 1203 coalescit,
792 1137 826 1190 ut
845 1131 876 1191 in
889 1131 1018 1206 haerede,
1034 1131 1084 1208 qui
1097 1131 1176 1208 prius

166 1225 229 1282 erat
242 1221 383 1296 creditor,
396 1221 444 1282 vel
466 1219 582 1282 debitor
595 1219 736 1280 defuncti.
751 1219 811 1280 uisi
824 1220 904 1282 eninr
924 1221 984 1280 boc
997 1237 1070 1282 casu
1083 1221 1177 1281 extin-

165 1318 307 1386 gueretur
329 1308 478 1386 obligatio,
500 1309 596 1368 haeres
617 1313 686 1385 post
706 1308 817 1368 aditam
838 1309 1041 1369 haereditatem
1068 1309 1176 1384 absque

165 1389 311 1460 &noddo
331 1397 487 1458 inventarii
500 1401 552 1472 (l),
572 1395 619 1456 sui
639 1395 732 1473 ipsius
750 1395 889 1471 creditor,
909 1403 939 1457 et
957 1395 1074 1458 debitor
1091 1402 1175 1470 esset,

166 1488 248 1564 quod
260 1493 416 1568 repugnat.

197 1637 233 1702 (l)
245 1637 411 1690 Beneficium
423 1638 566 1691 inventarii
582 1637 611 1690 in
623 1638 674 1690 boc
687 1637 819 1702 consistit,
837 1636 912 1702 quod
934 1637 1033 1698 baeres,
1046 1637 1094 1704 qni
1115 1637 1176 1702 legi-

166 1709 230 1762 time
242 1714 304 1760 onte
313 1709 458 1762 aditionem
468 1709 633 1766 hereditatis
649 1709 768 1769 omnium
782 1710 914 1772 bonorum
930 1707 1049 1760 deiuncti
1062 1709 1176 1760 inventa-

116 1843 118 1848 ,
166 1781 237 1832 rrum
250 1780 372 1840 censeat,
387 1780 741 1846 sacrosanctarum
755 1781 789 1832 ιι
800 1779 829 1832 ra
845 1785 948 1832 antam
962 1783 1095 1838 teneatur.
1112 1779 1176 1846 quor

166 1865 200 1904 ex
213 1850 370 1903 haereditate
383 1853 512 1919 percepit,
523 1867 577 1904 non
588 1865 651 1903 vero
662 1851 734 1903 ultra
748 1851 869 1916 ejusdem
878 1851 1045 1902 baereditatis
1054 1851 1135 1912 uires,
1144 1850 1180 1900 uti

166 1937 200 1974 ax
209 1926 272 1990 jure
288 1923 360 1974 civili
373 1924 546 1988 contingeret,
559 1923 582 1974 si
595 1922 773 1979 inventarium
782 1935 837 1977 non
846 1922 1005 1977 coniecisset
1018 1941 1025 1972 :
1038 1921 1101 1973 bino
1114 1922 1179 1973 tacto

165 1994 324 2052 inventario,
335 1994 358 2046 si
372 1994 517 2046 hareditas
530 1995 564 2046 ad
573 1993 792 2046 satisfaciendum
803 1993 927 2045 omnibus
940 1993 1121 2046 creditoribus
1130 2005 1180 2046 non

166 2064 289 2124 sufficiat,
304 2065 393 2118 baares
402 2067 465 2130 jnra
475 2079 533 2125 sua,
548 2067 615 2117 sicut
628 2069 654 2118 et
675 2070 834 2117 ceterorum
849 2065 1023 2128 creditorum,
1034 2067 1113 2130 juata
1124 2063 1177 2114 hae-

166 2136 286 2190 reditatis
300 2137 372 2190 vires
380 2135 455 2188 salva
469 2137 560 2198 habet,
575 2141 602 2188 et
613 2137 682 2190 illud
696 2137 803 2204 accipit,
821 2137 894 2204 quod
911 2137 964 2191 sibi
977 2136 1121 2202 deiunctae
1133 2135 1177 2188 de·

165 2207 257 2269 bebat,
272 2207 337 2276 quia
348 2207 468 2262 contusio
481 2221 536 2262 non
551 2211 686 2276 operatur.

200 2395 263 2452 688.
283 2395 338 2454 Per
352 2392 625 2470 compensationem
640 2391 751 2455 tollitur
764 2391 913 2470 obligatio,
930 2391 999 2468 quia
1010 2408 1180 2470 compensa-

167 2480 208 2558 tio
228 2488 274 2542 est
291 2481 382 2544 debiti
395 2490 425 2542 et
445 2481 549 2544 crediti
565 2481 642 2544 inter
655 2499 688 2542 se
706 2481 895 2547 contributio.
909 2482 1035 2545 Proinde
1050 2481 1076 2542 si
1095 2482 1180 2544 Titius

165 2570 255 2633 debet
268 2577 389 2632 centum
402 2570 481 2646 Caio,
495 2578 525 2632 et
540 2570 626 2633 Gaius
635 2577 754 2632 centum
767 2569 849 2644 Titio,
864 2577 974 2630 mutuae
988 2569 1179 2632 actioneseli·

167 2659 287 2733 duntur,
301 2677 358 2720 neo
376 2661 435 2720 ulla
457 2659 584 2737 amplius
600 2661 709 2720 efficax
723 2659 861 2736 obligatio
882 2666 1025 2719 remanet.
1042 2661 1178 2732 Quaedam

165 2753 265 2808 tamen
278 2747 317 2808 ad
332 2747 492 2826 legitimam
505 2748 688 2810 reddendam
701 2746 975 2824 compensationem
992 2748 1180 2826 requiruntur

167 2837 352 2897 conditiones
369 2856 376 2897 :
401 2842 428 2898 l·
444 2844 478 2899 ut
495 2837 635 2912 debitum,
651 2843 681 2898 et
694 2835 838 2898 creditum
856 2836 894 2896 sit
912 2836 1051 2912 utrinque
1065 2839 1178 2908 efficax,

165 2923 318 3001 liquidum,
334 2931 364 2985 et
377 2943 503 3002 purum;
519 2932 546 2986 i·
559 2933 593 2986 ut
607 2925 809 3002 compensatio
822 2926 874 2986 liat
886 2923 916 2984 in
929 2925 1021 2984 rebus
1034 2925 1181 3002 tangibili·

165 3013 221 3073 bus
230 3013 363 3089 ejusdem
372 3015 501 3090 generis,
513 3021 546 3075 ut
557 3013 683 3092 pecunia
694 3030 763 3074 cum
772 3013 907 3091 pecunia,
919 3013 1104 3074 trumentum
1113 3029 1180 3074 cum

82 3109 91 3122 ⁴
165 3103 323 3175 frumento,
336 3107 405 3162 etc:
416 3119 508 3178 quare
521 3121 561 3164 ex
571 3104 638 3180 jure
651 3120 712 3164 non
724 3103 812 3164 datm
828 3103 1042 3178 compensatio,
1061 3103 1087 3164 ai
1102 3117 1178 3164 unus

165 3192 273 3254 debeat
283 3188 450 3268 pecuniam,
467 3198 497 3252 et
510 3191 584 3252 alius
597 3208 717 3270 equum,
732 3193 780 3252 vel
793 3192 918 3252 lirndum
930 3211 939 3250 ι
952 3191 1028 3251 ratio
1045 3191 1127 3252 enim
1139 3189 1179 3250 di·

165 3297 258 3342 versat
269 3278 471 3340 aestimationis
484 3280 606 3356 impedit
619 3280 902 3357 compensationem,
915 3286 945 3340 et
957 3279 1079 3342 aliunde
1102 3276 1180 3340 aliud

165 3370 303 3448 proelio,
319 3367 410 3429 invito
425 3368 581 3444 creditore,
596 3369 671 3430 solvi
690 3387 750 3430 non
768 3375 866 3446 potest
880 3373 938 3442 (l),
958 3373 985 3428 3·
997 3375 1031 3429 ut
1047 3369 1130 3430 idem
1144 3365 1178 3425 sit

88 3500 91 3506 -
167 3458 292 3533 debitor,
314 3463 344 3518 ot
366 3456 512 3530 creditor3
536 3474 606 3518 nam
628 3474 716 3519 nemo
738 3463 836 3536 potest
858 3473 1054 3542 compensare
1073 3457 1107 3518 in
1130 3472 1180 3520 eo·

165 3547 247 3622 quod
257 3563 305 3608 ex.
316 3562 361 3622 gr.
370 3545 420 3645 'sui
431 3545 586 3608 creditoris
599 3549 690 3610 irater
702 3548 758 3610 sibi
767 3549 873 3624 debet3
885 3551 915 3622 l:
926 3553 961 3614 ut
974 3543 1179 3624 compensatio
