2426 4070
438 169 595 226 -idiss

35 282 90 340 niter
107 279 267 354 benedicta,
289 289 318 342 ct
347 287 491 357 quantum
509 281 574 341 lieri
592 283 702 356 potest,
719 279 858 340 Ecclesiae
882 278 1031 355 proxima.

36 377 59 428 tt
67 371 178 430 decursu
192 370 337 446 temporis
355 371 509 445 sepultura
532 368 659 428 concedi
674 368 753 444 cepit
768 368 799 427 in
823 369 889 444 ipsa
902 368 1033 428 Ecclesia

35 457 134 531 prinum
150 459 260 518 sanctis
272 459 463 534 martyribus,
476 457 636 534 episcopis,
647 457 864 532 sacerdotibus,
878 464 910 518 et
922 457 1034 533 princi·

34 546 97 619 pibus
107 547 282 618 christianis
298 564 335 606 ac
348 546 418 606 inde
433 545 579 606 universis
592 545 698 606 Christi
723 545 879 618 fidelihus3
896 547 987 621 quod,
1008 544 1033 604 si
1063 608 1072 630 x

34 635 85 693 nihil
101 635 245 710 obfuisset,
274 637 402 696 multum
422 636 574 712 proderat,
589 639 623 694 ut
643 632 851 694 defunctorum
874 635 1032 709 praesentia

34 723 134 784 fidelium
152 732 270 784 mentes
297 725 336 784 ad
354 723 484 784 divinam
504 740 560 800 pro
576 723 619 782 eis
640 722 826 782 exorandam
845 723 1034 784 clementiam

35 812 147 872 enimet
159 819 211 886 (Ξ).
227 811 387 872 Hodiernis
398 819 496 872 tamen
507 811 691 887 temporibus
701 811 757 870 sub
770 811 871 886 specie
882 811 1034 887 antiquam

34 901 166 960 renovandi
187 901 390 981 discpilinam,
414 907 445 961 et
462 899 658 961 incolumitati
679 899 869 971 consulendi;
885 901 938 960 sed
952 915 1033 972 vere,

35 1005 78 1062 quo
84 990 185 1065 spiritu,
195 995 278 1050 Deus
292 989 369 1062 scit„
374 989 452 1049 civili
465 989 641 1049 auctoritate
649 995 775 1066 urgente
786 991 838 1062 (3),
850 989 913 1048 iere
924 988 1034 1064 ubique
1072 1041 1076 1052 ,

35 1084 108 1136 erecta
128 1079 246 1140 luerunt
268 1079 453 1154 coemeteria,
481 1083 511 1140 et
532 1077 696 1138 interdictae
720 1077 751 1137 in
778 1077 910 1140 Ecclesia
935 1077 1033 1154 sepul·

34 1171 89 1225 tnrae
102 1172 146 1241 (l).

55 1313 81 1377 (l)
91 1314 145 1366 Gan.
162 1315 199 1377 15,
215 1329 240 1368 c.
259 1315 299 1380 13,
315 1329 342 1381 q.
357 1315 381 1366 2.
397 1342 424 1354 -
440 1315 475 1380 (t)
491 1316 608 1367 Possunt
621 1314 734 1380 quidem
750 1327 810 1366 esee
827 1326 916 1378 casus,
928 1313 956 1364 in
971 1314 1031 1378 qut·

34 1381 71 1434 ine
85 1387 207 1451 expediet,
222 1383 396 1438 m'ortucrum
416 1387 547 1448 cadavere
563 1387 656 1453 potius
672 1387 700 1437 in
720 1386 885 1450 coemeterio,
905 1397 988 1452 quem
1006 1385 1034 1436 in

35 1452 129 1506 Ecclesia
145 1459 301 1518 tumulare;
322 1457 371 1509 sed
390 1457 442 1508 hoc
454 1457 565 1508 utilitati
578 1461 747 1508 mortuorum
766 1459 793 1508 et
807 1455 928 1508 fidelium
941 1455 1035 1520 pietati

37 1525 102 1578 ninus
113 1541 259 1594 congruum
273 1529 388 1580 videtur.
403 1529 508 1580 Revera
521 1529 698 1580 ferventiores
717 1527 842 1580 catholici
857 1541 964 1592 semper
983 1540 1032 1580 ex·

42 1599 147 1658 optarunt,
157 1608 185 1651 et
196 1613 275 1652 nnnc
288 1600 367 1650 etiam
381 1602 518 1664 exoptant,
527 1612 579 1650 sua
591 1612 722 1664 reponere
737 1611 799 1650 ossa
808 1597 837 1648 iu
850 1599 929 1651 domo
942 1598 1038 1652 oratio-

40 1666 75 1724 nis,
87 1673 108 1718 et
124 1683 204 1735 prope
222 1669 396 1723 venerandus
411 1671 569 1720 Sardorum
590 1669 731 1733 reliquias,
744 1683 859 1734 quorum
873 1669 994 1728 credunt,
1008 1682 1038 1720 se

40 1735 116 1789 latitius
134 1741 295 1792 obtenturos
320 1741 511 1805 patrocinium,
538 1739 731 1803 adjuvantibus
758 1740 892 1793 continuis
915 1740 1034 1792 fidelium

40 1809 141 1867 precibus.
160 1811 252 1872 Quare
272 1812 300 1862 S.
322 1811 457 1862 Maximus
479 1811 621 1878 episcopus
640 1809 815 1862 Taurinensis
835 1816 907 1862 recte
928 1811 1036 1863 aiebat:

42 1876 190 1944 leuioribus
201 1881 345 1946 prouisum
365 1885 411 1941 est,
424 1885 456 1934 ut
471 1877 634 1933 Sancto-rum
647 1879 746 1932 neritus
759 1885 853 1934 nostro
868 1894 981 1946 corpora
994 1894 1036 1932 nc-

42 1947 119 2013 tirtncs,
134 1955 161 2003 nt
182 1953 250 2005 dum
265 1952 325 2004 illei
339 1950 462 2004 Christus
475 1951 624 2010 illuminat,
642 1951 748 2004 anobis
764 1951 936 2004 tenebrarum
952 1950 1037 2014 calido

42 2015 143 2083 iidcclvii.
157 2023 245 2076 Serm.
264 2023 347 2074 55.-
364 2023 400 2088 (3)
420 2022 461 2073 Ex
481 2035 534 2087 quo
549 2023 651 2074 sactum
671 2025 767 2080 estut
784 2021 910 2086 pluribus
927 2022 957 2074 in
971 2021 1038 2073 locis

43 2093 160 2143 canetulo
174 2097 267 2158 potius
289 2094 403 2158 profana
416 2091 469 2143 dici
490 2091 616 2156 debeant,
631 2105 713 2157 quom
726 2093 919 2156 ecclesiastica,
939 2106 1001 2144 eum
1023 2106 1038 2144 e

43 2159 93 2210 cirili
104 2165 261 2216 auctoritate
280 2171 417 2230 reguntur,
435 2169 463 2214 et
479 2163 719 2222 administrentur;
739 2177 800 2229 quse
820 2164 931 2229 quidam
944 2163 1035 2215 minus

43 2235 70 2279 est
80 2231 161 2286 idonea
176 2236 210 2287 ad
235 2237 312 2300 leges
326 2233 523 2286 ecclesiasticas
538 2235 565 2286 in
580 2235 700 2286 fidelium
718 2235 864 2298 sepulturis
881 2235 1037 2287 servandas.

43 2301 234 2365 -illltshcdie
254 2307 283 2356 in
301 2305 381 2365 italia
399 2305 482 2370 leges,
498 2309 525 2356 et
542 2305 718 2358 auctoritates
739 2305 832 2357 civiles
846 2307 1037 2370 praescribunt.

43 2382 85 2433 qna
97 2375 153 2428 dum
176 2379 332 2434 libertatem
350 2378 470 2442 jactant
483 2377 635 2431 libertatem
656 2377 739 2428 etiem
759 2377 907 2443 sepulturas
930 2380 1038 2441 negant.

67 2562 115 2619 tta.
131 2567 251 2625 veteres
265 2569 370 2639 gentes
384 2565 469 2639 juxte
487 2561 620 2621 diversos
638 2575 742 2624 earum
763 2575 867 2624 mores
883 2559 1039 2619 detuncto-

45 2658 91 2705 tnn
101 2652 240 2713 cadavera
254 2659 305 2711 aut
318 2652 399 2727 ienis,
413 2656 465 2711 aut
481 2650 552 2722 aeri,
567 2657 619 2709 aut
632 2650 727 2726 aquis,
736 2656 787 2709 aut
800 2647 872 2724 igni,
888 2653 939 2707 aut
955 2653 1040 2707 terrae

46 2741 201 2802 truncanda
208 2740 473 2815 dabant31tcolesia
482 2738 628 2799 catholica
635 2739 715 2798 hunc
724 2751 841 2798 morem
850 2735 1000 2796 condendi
1010 2735 1041 2795 in

46 2826 102 2884 lena
114 2829 317 2891 detunctorum
337 2844 466 2905 corpora
485 2827 582 2903 elegit,
602 2843 780 2902 semperque
794 2825 924 2901 retinuit,
938 2829 1043 2902 utpote

47 2911 81 2982 tui
97 2917 248 2994 antiquior,
260 2917 459 2990 communior,
479 2922 652 2991 naturaeque
665 2914 890 2975 convenientior
904 2920 960 2988 est,
975 2930 1044 2975 cum

46 3011 129 3076 terpus
140 3005 268 3068 hominia
281 3006 453 3066 reddendus
469 3004 507 3062 sit
522 3003 625 3077 humo,
640 3017 679 3062 ex
698 3019 757 3079 que
779 3003 970 3080 desumptum
988 3002 1045 3062 tuit

45 3084 198 3156 iuntaillnd:
215 3099 390 3156 Revertatur
402 3091 501 3169 pulvis
522 3089 553 3149 in
577 3097 687 3150 terram
706 3107 803 3165 auam,
825 3092 906 3161 uude
920 3097 1001 3165 erat;
1015 3095 1045 3150 et

47 3175 139 3247 spinos
147 3185 249 3242 redeat
261 3183 300 3242 ad
312 3187 415 3255 iteum,
429 3179 480 3256 qui
494 3178 576 3240 dedit
586 3179 729 3252 illumtl).
739 3183 897 3240 lixstructa
907 3186 1045 3257 propter-

49 3274 139 3328 esunt
149 3271 321 3331 coemeteria
339 3271 371 3330 in
392 3269 482 3345 agris,
501 3274 531 3328 et
551 3269 580 3326 in
596 3267 736 3328 Ecclesiis
749 3270 904 3345 sepulcrm
924 3268 955 3326 in
979 3265 1044 3340 qui·

49 3345 317 3431 incohaerentiam,
337 3360 418 3434 quod
436 3359 617 3418 cadaverum
635 3357 837 3434 depositiones
852 3353 1043 3416 deridebunt
1109 3399 1115 3404 .

50 3437 128 3504 witus
145 3451 264 3521 ternam
287 3449 329 3508 ita
347 3453 382 3509 ut
399 3447 530 3522 sepulcri
552 3447 726 3523 operculum
747 3447 954 3520 complanetur
975 3455 1045 3502 cum

51 3528 199 3610 evincente,
216 3543 246 3596 et
260 3553 322 3596 non
340 3535 370 3595 in
389 3535 492 3611 muris,
517 3542 568 3595 aut
579 3534 757 3604 conditoriis
774 3530 911 3603 clevetis3
928 3545 996 3604 quse
1019 3524 1045 3588 si
