2494 4062
571 135 699 190 ...5-

107 250 251 328 justificat
272 253 325 325 (1).
347 249 429 312 lieet
453 252 534 314 enim
545 257 660 330 Petrus,
676 259 728 315 out
741 255 859 330 Pardus,
875 259 927 316 aut
940 255 1030 316 ludas
1045 255 1151 332 bapti·¹

110 348 166 414 zet,
180 347 287 401 tamen
301 341 434 402 Christus
447 348 504 416 est,
518 343 568 418 qui
578 341 709 420 baptizat
730 363 737 404 :
760 344 814 404 llic
834 351 885 421 cst,
901 345 952 421 qui
964 344 1094 422 baptizat
1110 345 1145 406 ie

109 429 227 506 Spiritu
240 429 351 490 Sancto
366 433 417 502 (5).
434 431 518 491 Unde
539 436 569 494 S.
594 433 773 508 Augustinus
788 431 907 510 egregie
925 431 1142 508 animadvertit,

108 519 132 578 si
145 537 205 595 pro
225 517 398 579 diversitate
418 519 595 583 meritorum
620 521 651 580 in
671 519 813 580 ministris
835 520 999 597 baptismus
1022 528 1143 582 sanctus

112 613 202 680 esset,
220 607 292 682 quia
313 607 432 668 diversa
455 616 525 670 sunt
544 609 748 669 ministromm
769 608 886 684 merita,
908 609 1025 670 diversa
1046 610 1144 670 forent

111 695 302 772 baptismata,
318 701 349 756 et
364 703 445 758 tanto
461 698 587 776 quisque
605 697 715 775 aliquid
737 699 844 758 melius
858 705 1012 775 putaretur
1024 698 1142 774 accipe·

112 801 151 858 re,
167 791 288 862 quanto
303 803 320 845 a
335 785 460 848 meliore
473 787 625 847 rideretur
639 786 799 863 accepisse.
818 791 926 847 Verum
944 789 1020 864 palad
1038 788 1144 848 dutum

111 883 160 945 est,
177 891 283 934 unum
304 882 356 944 est,
378 892 431 936 aec
449 875 820 954 imparproplerimpares
837 861 1064 946 ministrasset
1088 893 1145 952 par

115 971 136 1023 ct
157 963 286 1039 equale,
307 963 378 1038 quia
400 963 530 1024 Christus
550 971 606 1040 est,
631 965 680 1040 qui
703 965 840 1041 baptizet.
866 970 962 1036 Quare
976 963 1031 1025 etsi
1044 963 1144 1024 omnia

111 1057 306 1113 sacramenia
317 1052 417 1112 obsint
430 1052 550 1130 indigne
563 1053 770 1130 tractantibus,
781 1061 909 1130 prosunt
917 1059 1016 1114 amen
1026 1070 1081 1130 per
1090 1069 1144 1114 eos

113 1139 204 1218 digne
218 1141 408 1202 sumentibus
423 1148 435 1216 1
454 1145 476 1215 ).

142 1327 179 1392 ll)
193 1325 315 1378 intentio
328 1326 356 1377 in
370 1326 495 1378 ministro
509 1327 657 1392 requiritur
668 1341 701 1380 cx
710 1327 866 1380 definitione
875 1325 1026 1379 Tridentini
1036 1325 1064 1378 in
1074 1339 1142 1380 sess.

111 1399 136 1460 7,
153 1411 215 1449 can.
231 1397 272 1456 11,
286 1397 320 1449 de
334 1397 393 1448 Sec.
404 1399 433 1448 in
447 1411 508 1462 gen.
522 1399 569 1450 ubi
585 1398 684 1464 legitur
696 1419 703 1450 ι
715 1395 814 1466 Siquis
828 1398 938 1461 dicem,
953 1398 985 1450 in
998 1397 1143 1464 ministris,

109 1463 516 1534 damSucrcmenlccenltcicol
530 1473 555 1522 et
564 1469 778 1534 conservatam
791 1469 896 1536 requiri
904 1469 1081 1523 tolerationem
1091 1469 1143 1522 sal·

111 1545 167 1594 lem
182 1539 317 1605 sedendi,
328 1539 399 1606 quod
407 1539 475 1606 facil
489 1539 616 1604 Ecclesia,
626 1541 773 1594 aaaltemc
783 1543 828 1594 ait.
838 1541 916 1593 Actio
930 1542 1048 1606 prolecto
1060 1541 1144 1592 edmi·

110 1611 285 1662 nistrationis
296 1611 463 1662 sacramenti
474 1611 554 1662 debet
564 1626 624 1663 essa
634 1613 703 1662 actio
715 1613 841 1674 bumana,
852 1618 877 1662 et
886 1612 1004 1662 bumana
1017 1625 1076 1662 esse
1089 1623 1144 1661 nou

111 1687 212 1749 potest,
227 1683 282 1732 nisi
293 1683 329 1732 sit
343 1682 439 1741 libera,
450 1697 500 1734 nec
514 1683 610 1743 libera,
623 1684 676 1734 nisi
690 1683 736 1734 liat
750 1698 783 1734 ex
798 1683 1027 1748 rationisjudicio,
1041 1689 1069 1734 et
1082 1695 1143 1734 cum

111 1753 265 1806 intentione
277 1753 433 1804 voluntatis.
445 1755 511 1806 Cum
524 1761 659 1818 praterea
670 1755 738 1805 actio
750 1754 953 1805 sacramentalis
966 1754 1046 1818 dirigi
1062 1758 1144 1819 quem

113 1825 148 1876 ad
162 1825 289 1876 diversos
302 1825 378 1884 lines,
393 1827 423 1875 ut
438 1824 540 1876 ablutio
554 1825 589 1876 cd
606 1826 779 1878 obtinendam
788 1826 949 1876 munditiam
962 1824 1143 1890 corporisval

112 1895 147 1947 ad
166 1895 370 1961 procurandam
384 1896 545 1946 munditiam
566 1897 665 1947 animas
685 1897 712 1946 in
727 1897 870 1960 baptismo,
885 1909 995 1948 necesse
1009 1902 1100 1959 est,ut
1112 1897 1142 1946 in

111 1967 252 2030 baptismo
272 1967 320 2016 liat
343 1966 445 2017 ablutio
467 1981 500 2018 ex
519 1968 665 2018 intentione
684 1967 821 2019 abluentis
834 1968 869 2018 ad
883 1967 1073 2018 conterendum
1092 1967 1140 2018 ba·

112 2039 207 2103 ptismi
229 2040 438 2090 sacramentum.
455 2038 580 2100 Demum,
595 2041 626 2089 ut
644 2039 848 2090 Sacramentum
866 2038 955 2090 valida
981 2039 1142 2100 conteratur,

113 2110 160 2175 qui
180 2109 249 2160 illud
271 2108 451 2173 administrat,
467 2123 561 2174 gerere
578 2124 607 2161 sa
624 2110 715 2174 debet,
730 2115 759 2160 ut
780 2110 880 2162 Christi
896 2115 922 2160 at
943 2109 1073 2160 Ecclesiae
1092 2109 1143 2159 mi·

112 2181 200 2231 nister
210 2201 218 2240 ,
230 2180 266 2230 sd
281 2180 353 2244 quod
367 2181 487 2246 prolecto
502 2181 685 2232 necessarium
700 2183 749 2240 est,
767 2184 798 2231 ut
812 2179 881 2231 illud
892 2181 1000 2231 omnino
1013 2179 1143 2242 intendat,

113 2252 185 2316 quod
199 2251 327 2302 Christus
341 2251 466 2309 instituit,
478 2257 525 2302 aut
534 2251 739 2304 lacit‘liicclesia.
751 2251 912 2320 Benedictus
926 2251 989 2302 XIV
1003 2251 1036 2301 de
1047 2250 1141 2316 synod.

113 2322 131 2374 t
152 2325 178 2387 7,
198 2336 221 2373 c.
238 2322 262 2384 i,
277 2337 304 2373 n.
323 2323 347 2373 3.
365 2349 394 2360 -
411 2321 447 2386 (l)
466 2323 523 2373 Nec
541 2337 661 2388 unquam
681 2323 843 2388 permissum
859 2328 900 2374 est
913 2326 1144 2374 sacramentorum

115 2395 240 2444 ministro
254 2392 382 2444 simulare
398 2393 535 2457 conticere,
551 2393 615 2444 dum
628 2408 681 2444 non
696 2394 803 2445 coniicit
819 2393 1079 2444 Sacramentumsse
1093 2391 1143 2443 Se-

115 2465 216 2516 crificia
232 2463 325 2514 Missa
341 2477 358 2514 a
371 2462 516 2514 Sacerdote
530 2461 665 2515 celebrato
680 2464 756 2516 adest
769 2467 858 2515 textus
869 2465 898 2514 in
911 2476 971 2528 cap.
984 2462 1042 2514 lde
1056 2462 1141 2514 celeb.

115 2535 189 2587 ilisa.
203 2536 239 2586 da
254 2534 349 2586 eodem
362 2533 501 2586 Sacrificio
512 2548 529 2586 a
542 2548 595 2586 non
607 2535 752 2586 Sacerdote
765 2537 895 2587 attentato
910 2533 985 2584 adest
996 2534 1072 2584 bulla
1086 2531 1145 2586 disi

116 2605 350 2669 ClementisViIl,
364 2606 393 2656 in
407 2619 460 2670 qua
475 2606 637 2658 damnantur
651 2606 696 2658 isti
711 2607 890 2665 simulatores,
903 2606 968 2670 quia
982 2605 1020 2656 ita
1033 2605 1145 2667 iaciunt,

116 2681 144 2729 nt
156 2679 253 2734 fideles
267 2682 370 2728 crimen
383 2677 517 2728 idolatriae
534 2678 711 2740 committant,
725 2678 788 2729 licet
809 2678 941 2742 ignorent.
967 2675 1094 2728 Giraldus
1109 2675 1145 2730 ad

117 2751 160 2801 cit.
174 2763 236 2815 cap.
250 2749 276 2811 7,
293 2749 327 2800 de
341 2749 428 2801 celeb.
441 2749 515 2800 Miss.
532 2746 589 2802 Nec
602 2749 665 2800 licet
674 2749 795 2800 Parocbo
808 2747 873 2800 dare
887 2748 1002 2800 hostiam
1016 2759 1070 2798 non
1087 2760 1146 2798 con·

115 2827 251 2874 secretam
263 2833 314 2885 pro
329 2827 485 2871 consecrata
499 2819 641 2886 illiadem
655 2819 790 2884 cognoscit
798 2833 858 2871 esse
872 2823 899 2870 tn
914 2823 1023 2885 peccato
1037 2817 1144 2869 mortali

116 2893 282 2945 Benedictus
295 2891 359 2943 XIV
377 2891 411 2942 de
426 2891 520 2944 Sacril.
536 2891 614 2942 bliss.
629 2907 652 2944 c.
666 2892 731 2954 7111
742 2892 766 2942 1.
784 2919 811 2929 -
831 2891 867 2956 (3)
881 2891 941 2942 Duo
954 2893 1085 2956 praelerea
1100 2888 1145 2940 bie

115 2965 233 3016 notanda
255 2968 327 3015 aunt.
343 2963 466 3014 Primum
487 2962 557 3028 quod
578 2961 700 3014 ministro
715 2962 817 3013 licitum
838 2975 892 3012 non
914 2966 954 3014 est
972 2963 1145 3012 Sacramenta

117 3037 269 3087 ministrare
284 3047 345 3086 cum
360 3033 484 3097 opinione
498 3033 635 3099 probabili
658 3040 713 3084 tam
727 3034 798 3084 circa
815 3033 966 3096 materiam,
981 3037 1008 3084 et
1021 3033 1145 3092 formam,

117 3121 197 3172 quam
212 3106 285 3156 circa
298 3104 416 3155 ministri
430 3103 517 3169 ipsius
527 3104 752 3170 jurisdictionem.
763 3104 888 3155 Giraldus
903 3117 960 3168 cap.
979 3105 1000 3164 i;
1024 3117 1055 3154 ac
1069 3103 1144 3154 Trid.

114 3191 182 3229 sess.
194 3177 236 3236 23.
252 3176 286 3228 de
301 3177 351 3226 ref.
368 3175 522 3226 Secundum
539 3175 611 3240 quod
624 3180 793 3226 sacramenta
807 3174 986 3226 ministranda
998 3177 1060 3225 sunt
1082 3187 1143 3238 gra·

115 3250 158 3314 tis,
172 3249 248 3316 quod
262 3249 368 3300 eruitur
382 3259 415 3298 ex
430 3246 484 3296 illis
498 3247 598 3299 Christi
615 3247 721 3298 Domini
733 3246 841 3298 verbis:
857 3245 909 3312 Qui
926 3245 993 3304 sitit,
1008 3243 1110 3301 caniat,
1121 3246 1146 3296 el

116 3320 241 3388 quivult,
257 3318 374 3384 cociam
386 3330 487 3383 aquom
503 3317 565 3370 citas
577 3317 671 3383 pratis.
684 3317 741 3368 Nec
751 3320 839 3382 potest
854 3317 881 3367 in
895 3316 1059 3368 contrariam
1069 3313 1149 3380 prod·

117 3405 175 3444 esse
189 3390 367 3447 consuetudo,
382 3391 413 3438 ut
426 3387 546 3440 delinivit
561 3387 588 3439 S.
606 3389 781 3453 congregatio
797 3388 840 3439 die
857 3388 887 3439 17
905 3392 983 3438 mart.
1006 3385 1073 3444 1797,
1097 3396 1147 3434 nec

114 3464 194 3514 etiam
206 3464 305 3526 sponte
318 3461 439 3512 oblatum
456 3459 539 3523 recipi
554 3462 651 3523 potest,
668 3459 721 3510 nisi
737 3463 875 3525 tamquam
895 3460 1065 3519 eleemosyna
1080 3453 1144 3506 offe·

116 3539 200 3593 mar.
214 3532 378 3588 ltonacsltna
390 3544 419 3600 p.
429 3531 454 3592 1,
469 3533 481 3583 1
495 3531 532 3594 16,
547 3529 566 3583 1.
581 3531 597 3583 2
611 3543 638 3582 n.
657 3529 694 3584 11.
708 3530 871 3586 Benedictus
887 3528 953 3580 xlv
971 3525 1004 3576 de
1017 3526 1081 3592 Syn.
1093 3523 1112 3574 l.
1121 3526 1146 3585 5,
