2524 4080
79 322 170 377 autem
189 331 243 393 pro
264 315 406 378 methodo
425 314 557 377 lerendae
580 313 737 375 sentenia·
765 309 923 390 emept'um
947 301 1019 377 nihil
1045 323 1092 380 est

78 404 159 478 aliud,
174 421 263 482 quam
276 421 436 482 prusessus
456 403 614 480 judicialis,
636 409 666 462 et
683 408 783 478 potest
802 401 936 463 definiri:
952 404 1092 480 Lepitima

78 494 235 570 disceptatio
256 494 457 554 concaede
477 493 557 552 inter
569 498 708 564 acrescat,
723 498 750 550 et
772 507 860 551 rann
877 509 978 553 coram
993 495 1093 570 judice

76 589 243 658 competente
256 600 346 643 causa
362 583 421 640 titis
436 580 573 656 finiende
587 587 639 640 cat
654 577 782 654 malefici
792 580 936 654 puniendi
948 592 1090 660 suscepta.

76 671 166 731 Prima
174 673 261 750 hujus
270 671 448 732 definitionis
457 671 548 729 verbe
561 669 777 739 demonstrent,
790 669 912 730 modmn
926 673 1093 746 preceden-

75 759 102 818 di
114 758 143 818 iu
157 760 255 820 causis
274 777 336 820 non
356 777 422 821 esse
437 757 543 835 judici,
558 766 609 818 eut
633 757 768 832 partibus
786 757 986 835 arbitrarium,
1001 761 1055 822 sed
1076 781 1094 822 a

74 847 184 923 legibus
197 855 357 921 statutum;
372 854 482 908 caetere
501 863 574 906 vero
593 847 799 907 demonstrant
812 863 960 923 personas
976 847 1007 908 in
1018 867 1094 926 qrso·

74 935 141 996 libet
151 937 263 1012 jndicio
276 936 471 1010 necessarias,
484 941 514 996 et
528 935 648 995 insimul
659 935 820 1010 obiectum,
831 935 982 1012 finemque
993 939 1096 1014 judicii

74 1025 103 1084 in
116 1042 205 1086 eausa
219 1025 308 1097 civili,
323 1031 374 1085 eut
389 1024 533 1085 criminali
547 1029 598 1098 (t).
615 1029 709 1096 Quare
723 1023 753 1084 iu
766 1024 897 1101 quolibet
908 1025 1021 1102 judicio
1037 1031 1097 1088 duo

73 1115 221 1192 precipue
237 1119 363 1191 possunt
386 1112 579 1186 considerari,
605 1129 713 1188 nempe
726 1111 861 1187 materia,
880 1119 911 1174 et
927 1115 1024 1174 forme
1038 1134 1044 1174 :
1060 1115 1099 1176 sd

73 1201 225 1263 materiam
239 1203 388 1278 pertinent
399 1219 545 1278 persone,
557 1208 588 1262 et
599 1200 822 1274 controversia;
839 1202 878 1262 ed
891 1203 1018 1264 formem
1029 1221 1099 1281 per·

74 1290 165 1352 tinent
178 1299 322 1366 actus,·et
330 1290 534 1352 solemnitates
548 1308 566 1350 a
578 1289 694 1366 legibus
708 1296 835 1350 statutae.

103 1462 136 1526 (i)
152 1461 296 1515 Menenius
309 1465 398 1514 amen
411 1461 546 1513 interdum
559 1459 608 1512 has
623 1474 754 1525 personas
767 1475 822 1513 non
832 1458 892 1514 ess‘e
907 1475 970 1516 vere
988 1461 1016 1514 in
1030 1459 1101 1528 judi-

71 1532 119 1594 cia,
134 1533 183 1586 sed
200 1537 307 1586 tenmm
319 1547 369 1599 per
383 1532 528 1598 quemdem
542 1545 634 1584 aarum
646 1532 963 1598 repraesentationem&
972 1535 1001 1585 in
1011 1533 1100 1599 inqui-

72 1604 168 1656 sitione
187 1605 309 1672 generali
330 1605 412 1666 ieme,
429 1617 490 1670 quse
506 1603 645 1669 praecedit,
660 1603 777 1654 habetur
793 1604 851 1655 loco
866 1605 965 1656 actoris
979 1611 1005 1658 et
1020 1605 1049 1657 in
1063 1605 1102 1658 in·

73 1675 219 1738 quisitione
234 1675 348 1741 speciali
366 1675 513 1726 notorietss
526 1673 618 1726 delicti
630 1675 704 1726 vices
723 1674 833 1742 supplet
845 1675 1019 1740 accusatoris,
1030 1680 1061 1728 ut
1069 1691 1103 1729 ex

69 1747 131 1811 jure
143 1747 246 1812 prabet
260 1745 429 1812 pellegrinus
443 1747 472 1796 in
485 1745 573 1798 Prect.
590 1745 640 1798 civ.
652 1746 771 1813 praemis.
788 1745 810 1798 l.
919 1801 921 1806 ,

83 1969 86 1976 ’
105 1981 170 2038 732.
185 1982 338 2050 Personae,
347 1993 414 2054 quae
427 1976 595 2042 necessario
604 1975 715 2038 debent
725 1977 763 2038 ed
769 1977 1104 2053 iudiciumconeurrere

71 2073 141 2129 sunt
153 2086 160 2126 ε
169 2067 283 2142 putica,
297 2073 411 2141 auctor,
425 2083 512 2140 rcus;
531 2083 598 2142 quae
612 2083 684 2126 vero
695 2067 792 2126 solent
806 2074 950 2142 praeterea
961 2068 1106 2145 adhiberi,

70 2162 140 2216 sunt
148 2157 258 2232 plures
271 2153 346 2229 aliae‚
355 2160 391 2214 ut
402 2172 441 2216 ex
455 2159 541 2231 perte
549 2154 659 2230 judicis
674 2173 680 2213 :
692 2171 860 2226 assessores,
870 2157 1029 2228 auditores,
1035 2175 1106 2234 pra-

70 2252 213 2318 mermes,
237 2242 300 2304 sive
319 2251 526 2320 procuratores
549 2242 683 2318 menies,
707 2243 887 2320 canceltarii,
911 2244 974 2306 sive
996 2248 1109 2308 cotani

69 2332 131 2394 sive
143 2332 313 2403 secretarii,
325 2347 468 2406 cursores,
484 2337 514 2390 et
527 2337 692 2391 eamutares
702 2350 712 2406 ,·
722 2347 760 2392 ex
774 2338 859 2408 perte
873 2350 946 2394 vero
958 2336 1068 2394 actoris
1077 2342 1108 2396 et

69 2419 131 2480 rei:
147 2420 298 2492 advocati,
311 2427 516 2496 procuratores
531 2425 560 2478 et
576 2425 669 2480 testes.
724 2411 726 2416 ’

106 2511 172 2570 733.
192 2507 415 2581 controversia,
430 2507 493 2568 sive
508 2508 642 2585 quaestio,
660 2525 727 2584 quae
747 2508 900 2585 injudicio
919 2510 1106 2587 proponitur,

70 2597 190 2674 duplex
206 2613 276 2658 esse
289 2603 399 2673 potest,
405 2597 489 2673 juris
504 2597 654 2670 nimirum,
665 2603 715 2658 eut
726 2599 807 2673 sacti,
821 2605 911 2675 prout
924 2599 1048 2675 dejure,
1058 2609 1110 2661 aut

68 2685 107 2746 de
119 2687 206 2747 fecto
223 2685 377 2762 quaeritur,
391 2703 457 2761 quae
473 2687 502 2746 in
518 2685 662 2761 judicium
677 2687 804 2747 deducta
823 2689 1119 2764 anacampseroten:

68 2780 168 2836 Causa
181 2782 287 2836 tamen
303 2773 493 2850 distinguitur
506 2792 524 2833 a
547 2773 606 2848 tite,
620 2791 688 2851 quae
702 2782 817 2836 tantum
837 2783 907 2852 post
926 2782 1108 2838 contestatae

67 2853 237 2940 injudicio
259 2861 392 2922 diversas
412 2861 542 2938 pestium
564 2861 720 2938 opiniones
733 2863 846 2937 oritur3
866 2864 1056 2941 distinguitur
1069 2865 1108 2924 ab
1167 2861 1169 2867 ’

68 2953 200 3024 actione,
219 2967 288 3028 quas
301 2949 373 3011 nihil
395 2951 474 3010 eliud
493 2956 548 3024 est,
564 2968 655 3026 quem
668 2953 717 3027 ius
729 2953 929 3029 persequendi
941 2954 972 3012 in
984 2953 1107 3030 judicio,

69 3041 153 3116 qtsod
169 3038 264 3100 nobis
289 3039 431 3114 debetur3
448 3046 478 3100 et
498 3039 687 3116 distinguitur
709 3041 748 3099 ab
768 3043 924 3120 instantia,
944 3059 1010 3119 quae
1036 3041 1112 3102 nihii-

67 3127 153 3188 eiind
168 3135 232 3200 est,
246 3145 336 3202 quam
352 3127 491 3188 excitatio
503 3128 605 3204 judicii
619 3146 672 3204 per
686 3128 745 3188 litis
757 3131 1004 3191 contestationem
1018 3133 1106 3206 feam,

69 3223 219 3294 eiusque
235 3217 272 3276 ad
287 3217 464 3277 sententiam
477 3233 682 3293 perseverans,
697 3217 737 3276 ita
748 3225 792 3291 ut,
807 3217 830 3276 si
846 3221 1019 3296 appelletur,
1029 3237 1109 3280 nava

68 3312 246 3367 enascatur
259 3305 409 3380 instantia,
424 3323 490 3382 quae
504 3305 636 3366 secunde
649 3312 781 3366 vocatur.
798 3306 895 3367 Prima
912 3307 1050 3367 instantia
1063 3307 1110 3366 di·

69 3397 152 3456 citur
169 3400 334 3472 perpetua,
355 3393 383 3454 id
402 3401 448 3454 est
460 3393 548 3453 duret
566 3393 605 3454 ad
622 3397 658 3453 30
668 3411 774 3468 annos,
789 3395 859 3456 licet
874 3395 1031 3456 concilium
1044 3397 1104 3456 Tri-

68 3485 243 3546 dentin'um
261 3483 364 3558 iubeat
388 3483 466 3543 intra
488 3480 641 3543 biennium
664 3500 771 3544 censes
793 3483 957 3559 terminari,
972 3485 1054 3560 quod
1078 3485 1110 3544 in

68 3573 163 3649 praxi
176 3570 332 3647 accipitur
342 3570 382 3632 uti
396 3571 563 3645 eonsilium,
577 3589 637 3633 non
652 3572 695 3634 uti
707 3579 890 3649 praeceptum
904 3577 945 3644 (l)
957 3590 965 3646 ς
977 3576 1110 3635 mcunda
