2494 4062
625 81 830 186 keo-⁴

259 254 321 312 ³57.
340 249 397 312 Sed
411 249 503 326 quaeri
516 249 619 310 ultimo
633 249 701 310 loco
716 253 825 326 potest,
836 265 874 308 an
888 247 926 308 ad
940 247 1129 310 dissolvenda
1144 267 1185 310 ex
1198 249 1225 310 di

224 339 279 400 ctis
293 339 390 399 causis
403 339 551 414 sponsalia
572 338 610 398 sit
629 337 736 415 judicis
760 337 934 398 auctoritate
955 339 1051 413 opus?
1069 339 1225 414 Responde

223 445 290 486 mus
305 447 311 488 :
327 429 356 486 Si
375 445 464 486 causa
478 428 514 518 sit
536 427 610 500 talis,
627 445 693 502 quae
708 435 801 501 certo,
821 436 851 487 et
864 427 976 502 absque
990 428 1130 487 scandalo
1144 428 1225 488 disse

222 515 364 576 lotionem
386 516 598 588 alferat,'nulla
618 523 664 577 est
683 533 759 591 opus
780 515 953 575 auctoritate
964 513 1080 591 judicis,
1103 517 1172 592 quia
1193 535 1225 576 re

221 621 276 680 per
294 622 327 664 se
340 602 542 682 in'pristinum
562 605 720 666 revertitur
739 611 847 664 statum
870 607 927 678 (l);
951 604 976 663 si
995 621 1066 664 vero
1092 605 1224 681 sponsali

222 693 281 753 siut
294 688 421 769 publica,
436 701 466 754 et
486 695 600 770 absque
619 693 759 754 scandalo
774 693 887 752 resolvi
906 700 1064 768 nequeant,
1083 695 1131 754 vel
1150 711 1225 753 caus

222 782 259 842 sit
273 783 362 842 dubia
372 783 400 841 in
413 785 491 859 jure,
504 793 554 843 aut
570 783 600 842 in
614 783 703 856 sacto,
715 782 821 859 iudicis
835 782 993 842 auctoritas
1005 773 1171 842 necessaria
1183 791 1225 844 est

222 886 290 930 curn
309 887 398 930 nemo
413 889 478 931 esse
493 872 585 947 possit
608 871 698 947 judex
714 872 744 934 iu
757 888 846 930 causa
860 871 980 946 propria
992 875 1043 944 (t).
1057 872 1100 930 Ad
1113 871 1171 930 hoc
1186 888 1225 929 au

221 965 281 1018 tem
287 959 396 1034 judicis
410 960 540 1021 officiunt
554 966 626 1019 tunc
640 958 768 1030 maxime
783 959 1085 1040 recurrendum,eum
1099 965 1225 1035 parente

220 1047 378 1106 utiliorum
393 1048 580 1121 sponsalibus
605 1047 780 1129 dissentiunt
798 1067 805 1106 ;
821 1065 889 1106 narn
905 1047 930 1106 si
948 1047 1097 1106 dissensus
1110 1047 1147 1106 sit
1161 1048 1225 1124 inju

221 1143 295 1208 stus,
311 1135 478 1195 declaratur
493 1153 546 1211 per
558 1135 697 1210 jndicem,
713 1136 908 1211 sponsalibus,
928 1142 958 1195 et
974 1136 1163 1196 matrimonio
1176 1154 1225 1196 nor

221 1223 344 1295 obesse;
361 1223 385 1282 si
400 1239 472 1282 vero
488 1224 525 1282 sit
536 1225 641 1300 justus,
657 1222 832 1283 instantibus
850 1223 1031 1299 parentibus,
1045 1231 1170 1300 possunt
1184 1243 1225 1300 pe

216 1312 347 1388 judicem
373 1311 607 1373 ecclesiasticum
628 1311 748 1372 dissolvi
772 1311 930 1389 sponsalia,
955 1310 1025 1373 licet
1042 1313 1225 1389 jurejurandi

220 1401 418 1472 confirmata(
438 1409 459 1474 ).

250 1546 285 1608 (ll
299 1547 350 1598 Hic
364 1547 536 1613 excipiendus
548 1549 589 1600 est
604 1560 692 1608 casus,
709 1547 817 1612 quando
830 1547 873 1600 lex
896 1547 1045 1613 synodalis,
1059 1547 1102 1598 vel
1123 1561 1223 1599 consue

219 1616 282 1668 tudo
293 1618 417 1670 dioecesis
434 1620 556 1683 requirit,
570 1623 601 1669 ut
613 1620 751 1683 sponsalia
764 1619 872 1684 publice
891 1618 991 1683 judicis
1011 1618 1167 1669 auctoritate
1182 1619 1223 1670 sol

218 1695 325 1751 vantur,
339 1689 426 1753 qualis
441 1688 617 1753 consuetudo,
628 1696 657 1739 ut
670 1691 727 1754 jam
741 1690 866 1748 vidimus,
880 1689 976 1740 dicitur
997 1703 1056 1742 esse
1079 1689 1107 1740 in
1124 1689 1225 1740 dioeces

167 1756 172 1762 '
218 1757 393 1824 Frisingensi
410 1761 477 1811 etin
491 1761 600 1811 dioecesi
615 1760 778 1811 Coloniensi.
798 1788 826 1798 -
843 1761 878 1826 (2)
891 1761 1016 1812 Probatio
1030 1773 1078 1828 pro
1092 1761 1225 1811 confirma

218 1828 470 1895 tiouesponsalium
493 1830 574 1882 debet
595 1843 655 1882 esse
673 1830 803 1896 rigorose,
818 1834 848 1882 ut
866 1845 949 1896 supra
968 1833 1025 1896 jam
1037 1831 1170 1892 vidimus;
1185 1845 1225 1897 prt

218 1903 373 1951 eorumdem
393 1915 455 1952 vero
470 1901 645 1952 dissolutione
659 1903 779 1965 probatio
802 1915 854 1952 nou
877 1901 915 1952 ita
934 1903 1053 1965 rigorose
1075 1901 1225 1966 requiritur

217 1970 285 2022 Nem
296 1971 319 2021 si
329 1978 423 2036 agatur
442 1973 475 2024 de
489 1986 563 2031 casu,
578 1973 606 2022 in
620 1985 673 2037 quo
689 1973 824 2039 sponsalia
843 1973 918 2023 nulla
932 1972 1057 2023 dieantur
1069 1974 1102 2023 ob
1117 1973 1225 2038 impedi

216 2047 337 2092 mentum
348 2043 456 2107 aliquod
472 2043 643 2102 matrimonii,
659 2044 694 2094 ad
706 2057 738 2094 ea
752 2034 928 2095 rescibdenda
941 2043 1037 2094 sufficit
1052 2044 1225 2095 testimonium

216 2113 297 2164 unius
313 2114 389 2165 testis
400 2115 492 2178 jurati,
508 2115 553 2179 qui
565 2115 681 2178 deponat
694 2115 726 2166 de
743 2122 817 2166 certa
832 2109 951 2172 seientia,
969 2117 996 2166 et
1009 2115 1117 2167 aliunde
1131 2129 1185 2165 non
1199 2118 1225 2166 si

217 2197 332 2249 persona
346 2185 415 2235 vilis.
433 2185 495 2248 Cap.
515 2185 551 2242 12.
565 2184 599 2236 de
619 2198 709 2251 spons.
725 2190 751 2236 et
764 2189 841 2235 matr.
867 2189 894 2236 et
914 2199 973 2250 cap.
990 2185 1030 2244 tl.
1052 2183 1084 2236 de
1099 2185 1188 2237 testib.
1203 2187 1225 2236 S:

216 2267 279 2304 vero
289 2261 384 2318 agetur
396 2256 429 2306 de
443 2255 495 2307 alio
510 2269 581 2318 casu,
602 2255 630 2306 in
644 2269 696 2321 quo
718 2255 794 2308 adest
813 2255 866 2306 alia
880 2257 953 2322 justa
974 2269 1054 2308 causa
1067 2255 1225 2308 dissolvendi

216 2327 361 2389 sponsalia,
376 2326 505 2392 depositio
520 2327 633 2377 duorum
654 2327 749 2378 saltem
763 2327 880 2391 testium,
894 2328 934 2377 vel
953 2327 1006 2378 alls
1018 2329 1097 2390 plena
1111 2327 1225 2392 probatio

215 2396 369 2460 requiritur.
399 2397 476 2448 Ratio
502 2397 665 2450 discriminis
691 2405 740 2460 est,
762 2398 826 2462 quia
850 2399 879 2449 iu
905 2397 1073 2462 primocasu
1095 2399 1225 2462 agiturde

214 2467 322 2518 vitando
346 2472 472 2532 peecat03
495 2468 523 2518 in
547 2469 665 2519 secundo
684 2472 790 2532 autem,
817 2468 865 2519 ubi
887 2469 991 2519 nullum
1012 2473 1054 2520 est
1080 2475 1225 2534 peccatum,

215 2537 304 2601 agitur
317 2538 350 2590 de
361 2541 424 2603 jure
436 2539 548 2604 quaesito
564 2538 682 2602 tutando,
702 2540 774 2604 quod
793 2539 845 2590 nisi
864 2553 913 2604 per
927 2539 1033 2603 plenem
1046 2541 1225 2604 probationem

215 2609 315 2658 auferri
334 2623 387 2660 non
404 2613 498 2673 potest.
514 2637 544 2647 -
560 2610 596 2674 (3)
611 2610 770 2661 Benedictus
787 2610 853 2661 XlV
872 2611 937 2660 lnst.
957 2611 997 2673 lo,
1011 2624 1038 2660 n.
1056 2610 1091 2661 15.
1110 2611 1225 2664 Dicimus

214 2692 263 2742 per
272 2680 390 2741 judicem
406 2680 624 2739 ecclesiasticum,
637 2681 700 2746 quia
716 2681 801 2744 judex
815 2681 902 2732 civilis
915 2694 968 2731 non
982 2681 1062 2732 habet
1078 2683 1105 2732 in
1118 2682 1168 2732 boc
1178 2696 1225 2733 au·

214 2749 378 2810 cleritatem
392 2755 418 2802 et
431 2752 492 2802 ideo
506 2755 600 2802 merito
615 2765 730 2816 sequens
743 2752 868 2802 damnata
883 2751 933 2802 luit
954 2752 1099 2818 propositio
1114 2772 1120 2803 :
1138 2750 1225 2806 (lause

214 2820 437 2884 matmmoniales,
453 2826 478 2876 et
489 2821 624 2884 sponsalia
641 2826 736 2888 suapte
749 2827 853 2878 natura
866 2821 903 2876 ad
916 2822 1008 2888 forum
1023 2822 1128 2876 stomin
1138 2825 1225 2890 perti·

214 2895 288 2944 nottt.
304 2893 405 2958 Syllab.
419 2906 497 2960 prop.
513 2893 552 2945 tl.
