2410 4068
616 165 777 224 ...212-

172 291 305 416 ἑιὲτιωίέἷη,
320 287 416 412 οὲιὴιιί.
431 287 585 355 apostolica
601 283 678 343 Sedis
692 287 830 344 Benedicti
839 287 916 344 xlu.
929 316 959 330 -
969 289 1005 356 (8)
1014 289 1080 356 aeg.
1091 291 1115 352 8,
1126 291 1180 346 Gau·

218 401 223 414 .
277 373 319 414 os.
366 395 372 409 .

206 549 269 605 tlt.
290 549 414 608 llemum
426 545 458 606 in
475 546 562 624 praxi
584 545 821 608 reservationum
838 546 1026 608 observanda
1047 554 1126 622 sunt,
1146 565 1181 608 se·

171 634 313 710 quentia:
335 635 443 712 primo,
459 635 624 712 Episcopus
638 641 747 712 potest,
763 642 794 696 et
813 635 902 696 debet
922 651 1008 695 more
1022 633 1182 697 solito'iudi·

171 739 241 784 cere
255 741 437 788 concursum
453 725 485 786 io
502 724 656 785 vacatione
673 723 887 785 beneficiorum
908 723 1081 786 habentium
1094 741 1183 784 curam

170 813 348 889 animarum,
363 821 394 875 et
407 815 529 892 quando
543 815 581 874 ad
603 830 674 874 eum
692 820 818 890 spectat,
836 820 870 874 ut
884 831 977 891 supra
991 813 1129 886 diximus,
1143 813 1183 873 eli·

170 917 242 975 pere
253 901 431 978 digniorem,
444 903 490 962 vel
500 901 604 962 litteris
615 901 816 976 familiaribus,
826 919 917 980 quem
925 901 1092 978 digniorem
1101 905 1181 978 putat,

170 991 288 1051 balaam
303 991 515 1054 commendare
525 994 579 1064 (l);
597 991 730 1050 secundo
745 991 912 1067 Episcopus
924 991 1085 1052 cardinalis
1099 995 1183 1065 potest

170 1079 409 1158 quibuscumque
429 1081 499 1140 anni
521 1079 674 1140 mensibus
693 1080 840 1140 beneficia
851 1079 890 1139 ad
904 1095 989 1139 suam
1008 1079 1183 1139 collationem

170 1169 334 1242 spectantia
348 1171 497 1243 conterre,
518 1169 610 1229 modo
633 1168 745 1246 duplici
764 1169 958 1229 reservationi
981 1168 1114 1228 obnoxia
1135 1184 1183 1228 nor

169 1255 229 1316 sint
242 1261 282 1331 (ἡ)
296 1277 303 1332 ;
319 1259 408 1320 tertio
422 1260 451 1319 iu
467 1257 687 1335 provisionibus
699 1277 717 1318 a
731 1263 760 1318 S.
782 1259 859 1319 Sede
877 1257 964 1318 iactis
977 1274 1070 1333 super
1081 1258 1183 1317 benefi-

169 1342 222 1404 ciis
236 1344 396 1424 exiguntur
409 1353 537 1421 annates,
551 1348 600 1406 vel
614 1344 722 1406 mediae
736 1353 869 1421 ennatae„
884 1346 996 1406 scilicet
1009 1347 1184 1418 fructusve

169 1433 313 1496 medietas
338 1438 490 1498 fructuum
510 1436 599 1496 unius
613 1434 692 1496 anni.
716 1441 830 1496 donata
843 1435 971 1512 exigitur
990 1435 1020 1494 io
1042 1434 1184 1495 benefieiis

169 1524 342 1598 majoribus,
357 1525 455 1586 media
468 1533 578 1586 anuata
589 1525 618 1584 in
633 1524 809 1600 minoribus
824 1541 952 1602 quorum
961 1525 1051 1582 annui
1062 1524 1183 1584 redditus

168 1625 315 1671 summam
335 1617 371 1672 tl
388 1613 577 1690 ducatorum,
596 1615 645 1675 vol
661 1615 845 1674 florenorum
866 1620 1020 1692 superant3
1042 1613 1089 1673 sin
1107 1629 1182 1673 secus

168 1696 240 1758 nihil
253 1699 404 1776 exigitur(
423 1708 444 1775 ).

200 1845 236 1912 (l)
249 1847 277 1898 Si
290 1847 319 1899 in
331 1849 398 1900 actis
412 1849 504 1914 alique
516 1850 625 1902 occulta
639 1859 722 1902 causa
746 1849 855 1902 reticita
877 1849 968 1914 luerit,
991 1860 1053 1915 quae
1067 1847 1145 1900 alicui
1155 1845 1183 1896 ad

167 1917 330 1972 beneficium
344 1921 520 1975 obtinendum
535 1921 634 1980 obstet,
654 1923 682 1974 in
700 1921 796 1973 iisdem
815 1919 912 1974 litteris
930 1921 1011 1974 debet
1034 1919 1141 1972 Datcrio
1155 1918 1183 1968 si·

167 1989 302 2052 pollicere.
316 1992 377 2044 Bul.
392 1989 459 2045 Cum
470 1991 539 2044 diod
554 1993 694 2046 Benedietl
707 1993 783 2046 XIV.
798 1993 954 2062 -(t)1pse
968 1997 1059 2044 tamen
1073 1992 1101 2042 in
1114 2003 1182 2041 men-

167 2060 245 2112 sibus
258 2063 404 2114 reservatis
417 2063 521 2115 litteras
532 2064 703 2127 provisionis,
720 2065 777 2116 sive
788 2065 877 2116 bullas
889 2077 942 2114 non
959 2062 1090 2124 concedit,
1105 2074 1182 2128 quea

166 2127 334 2184 cancellaria
346 2133 500 2201 apostolico
509 2137 572 2186 sunt
593 2135 778 2200 impetrandas,
794 2135 885 2186 debite
898 2133 987 2185 soluta
1005 2139 1077 2196 taxa,
1088 2135 1182 2194 ratione

166 2209 281 2267 andalae,
296 2205 411 2258 alnutlls
424 2207 552 2258 detractis
563 2208 702 2266 oneribus,
714 2221 807 2258 eorum
820 2206 944 2258 redditus
957 2219 1090 2257 summam
1099 2205 1128 2258 al
1137 2205 1181 2254 du-

165 2276 286 2326 catorum
296 2277 356 2328 auri
369 2282 570 2343 non‘superent.
581 2277 642 2328 Bul.
659 2275 725 2330 Gom
737 2277 804 2330 sicat
818 2278 955 2330 Benedicti
966 2277 1039 2328 XIV.
1056 2277 1108 2328 Sed
1122 2288 1183 2340 prac-

165 2348 240 2396 terea
256 2347 405 2415 Episcopus
417 2347 569 2400 cardinalis
579 2348 653 2398 aliud
668 2349 737 2400 solet
750 2348 874 2400 obtinere
887 2362 904 2399 a
915 2347 1044 2399 Pontifice
1059 2348 1183 2398 indultum

164 2417 260 2482 magis,
275 2419 424 2471 autminus
438 2425 578 2487 extensum
598 2417 754 2471 conterendi
776 2417 870 2482 eodem
888 2419 967 2470 modo
991 2419 1046 2472 alia
1060 2417 1183 2470 beneficia

165 2493 310 2547 reservata.
325 2489 470 2556 aliquibus,
485 2493 512 2540 et
523 2489 638 2540 maxime
647 2489 806 2540 vacantibus
817 2489 888 2556 apud
901 2489 998 2540 sedem
1013 2489 1139 2556 exceptis,
1157 2491 1183 2536 ut

165 2557 194 2608 iu
202 2559 338 2613 similibus
359 2561 472 2612 indultis
485 2559 576 2612 videre
594 2564 645 2612 eat.
667 2557 740 2612 Illud
761 2561 874 2625 insuper
895 2559 1103 2624 observandum,
1116 2555 1183 2623 quod

165 2627 341 2696 iniquibus
362 2631 519 2684 collationes
538 2645 555 2682 a
577 2630 770 2684 cardinalibus
790 2631 973 2694 obtinuerunt,
997 2631 1097 2682 debent
1118 2631 1184 2679 intra

166 2704 281 2764 quatuor
295 2715 404 2755 menses
415 2701 483 2770 citra
493 2707 606 2760 montes,
617 2705 644 2753 at
652 2701 725 2754 ultre
734 2702 806 2752 intra
819 2705 878 2754 octo
888 2715 995 2754 menses
1005 2702 1108 2770 litteras
1116 2701 1182 2762 Apo·

165 2772 275 2825 stolicas
293 2774 476 2838 provisionum
487 2772 540 2824 sibi
555 2787 709 2839 procurare,
725 2771 793 2824 alias
805 2771 936 2824 beneficia
948 2771 1036 2824 denuo
1049 2775 1147 2827 vacant.
1158 2771 1183 2818 et

173 2841 240 2892 liunt
251 2857 355 2894 summo
365 2843 488 2894 Pontillot
502 2851 648 2895 reservata.
665 2843 795 2895 Ganzalez
811 2844 860 2896 loc.
877 2846 920 2894 cit.
934 2857 961 2894 n.
979 2844 1032 2895 loa.
1045 2871 1076 2881 -
1088 2841 1184 2906 (itliu-

162 2913 283 2976 jusmodi
306 2917 414 2964 aunatae
434 2928 467 2964 ex
486 2915 623 2966 communi
638 2915 778 2980 religionis
790 2929 872 2966 causa
885 2915 994 2966 luerunt
1009 2915 1143 2974 institute,
1155 2914 1183 2960 ut

167 2995 289 3033 summus
299 2984 422 3053 Pontifex
437 2985 565 3036 Ecclesiae
577 2986 784 3038 necessitatibus
798 2990 855 3036 tum
875 2987 902 3036 in
919 2986 1003 3047 Urbe,
1023 2990 1078 3036 tum
1090 2986 1117 3034 in
1131 2986 1182 3033 toto

165 3053 379 3106 terrarnmorbe
394 3061 486 3119 posset
512 3056 662 3115 consulere,
686 3070 747 3122 quae
770 3055 882 3107 decimis
903 3057 1048 3124 papalibus
1064 3056 1183 3106 videntur

166 3123 331 3174 substitutae.
346 3123 405 3175 Bul.
421 3122 488 3180 dum
499 3126 567 3180 sicot
586 3127 733 3183 Clementis
746 3125 807 3178 Vll.
823 3126 916 3192 Quoad
933 3128 1048 3180 Galliam
1058 3124 1183 3182 videndus

166 3201 208 3255 est
224 3195 352 3262 bequeux
366 3193 437 3248 Man.
453 3209 538 3264 comp.
552 3200 609 3263 jur.
627 3211 687 3252 con.
698 3204 760 3250 tom.
776 3199 800 3263 ³,
814 3211 840 3249 n.
858 3197 926 3252 liti.
1015 3251 1022 3258 ,
