2410 4068
465 130 628 191 -199-
699 170 708 188 ,

46 255 86 312 aut
95 250 144 311 toti
157 251 285 327 collegio
296 251 437 314 Ecclesiae
452 253 641 327 cathedralis,
651 257 702 314 aut
714 253 880 330 collegiatae
889 254 940 325 (l);
954 267 1053 328 neque

49 339 227 416 inparochiali
241 339 510 418 adeopaupere,ut
520 342 668 403 examinis
682 344 893 420 operamferre
907 347 1052 418 nequeat3

47 428 167 504 usquein
186 429 365 504 parochiali,
387 431 416 490 in
439 449 497 508 qua
519 439 589 509 post
606 432 718 492 trinum
738 449 904 498 concursus
922 431 1056 491 edictum

49 535 117 578 nemo
127 525 264 594 repertus
276 518 341 592 luit,
357 519 408 595 qui
420 537 453 582 se
467 520 598 581 examini
610 522 790 597 subiiceret3
807 539 905 598 neque
919 521 949 581 in
963 537 1055 597 paro-

50 608 116 668 chiali
128 607 201 667 adeo
215 607 406 680 lectionibus,
420 616 450 670 et
459 610 590 670 dissidiis
605 611 710 684 divisa,
726 618 760 672 ut
771 628 810 672 ex
825 627 974 671 concrusu
986 626 1056 685 gra-

49 698 113 755 riura
122 695 178 756 sint
187 697 266 756 mala
279 697 412 756 timenda
418 703 468 772 (ῆς
484 716 582 776 neque
596 699 626 759 in
641 700 814 775 parochiali,
824 717 891 777 quae
902 715 973 760 cum
984 698 1052 772 alia,

50 785 156 846 Ecclesia
169 792 369 862 permutatur,
385 787 453 863 quia
467 804 633 848 concursus
649 789 900 866 permutationem
913 786 1056 848 exclude·

49 883 91 947 ret,
104 874 178 950 quud
192 873 335 950 procedit
345 875 435 936 etiem
448 878 569 952 quaudo
582 877 761 954 permutatio
776 879 809 938 tlt
824 893 894 936 cum
907 874 1055 936 beneflcio

50 962 153 1037 simplici
166 966 225 1036 (3),
244 980 344 1038 neque
358 964 478 1024 tandem
493 983 531 1026 ex
546 967 748 1042 quorumdam
760 965 906 1026 sententia
923 964 954 1024 in
968 979 1058 1041 paro-

51 1050 119 1110 chiah
138 1051 175 1110 de
195 1067 277 1111 noro
292 1057 401 1112 erecta.
423 1054 481 1112 Sed
501 1054 553 1112 ubi
574 1053 744 1114 excluditur
762 1055 858 1112 forma
880 1067 1056 1124 concursus,

49 1137 128 1198 adhuc
139 1139 318 1215 generaliter
329 1140 480 1215 loquendo
492 1142 653 1217 requiritur
664 1140 813 1202 candidati
824 1156 962 1212 examen,
974 1145 1008 1198 ut
1019 1139 1058 1198 dc

48 1227 99 1302 ejus
109 1228 271 1304 capacitate
286 1235 413 1304 constet,
427 1229 514 1290 siculi
528 1239 574 1290 est
588 1229 756 1290 communis
769 1227 905 1288 doctrina
920 1233 972 1298 (l).

72 1383 101 1448 (l)
111 1383 185 1436 ilatio
199 1387 252 1443 est,
267 1383 332 1449 quia
341 1383 370 1435 iu
383 1383 539 1450 hujusmodi
553 1386 690 1451 parochiis
700 1385 866 1450 deputantur
879 1382 974 1435 vicarii
986 1395 1059 1434 curas

50 1455 201 1516 parochialis,
218 1455 320 1521 quibus
340 1469 412 1507 curae
432 1456 590 1508 exercitium
612 1459 716 1508 tantum
736 1456 872 1520 competit,
887 1457 914 1506 et
927 1467 981 1505 non
997 1459 1060 1504 sunt

52 1527 94 1574 reri
114 1527 231 1592 parochi,
251 1527 359 1578 etiamsi
381 1541 397 1577 a
418 1527 585 1579 beneficiatis
608 1527 805 1594 principalibus
831 1526 1060 1578 constituerentur

51 1596 126 1648 ricerii
141 1598 353 1665 inperpetuum.
370 1597 429 1648 Bul.
443 1596 477 1650 Iu
491 1598 661 1663 conserendis
674 1599 699 1649 S.
722 1599 762 1649 Pii
777 1598 811 1657 V,
826 1600 838 1662 ξ
853 1599 876 1648 l.
891 1625 923 1635 -
934 1596 970 1661 (l)
983 1595 1057 1646 Trid.

53 1664 89 1716 loc.
105 1668 146 1718 cit.
160 1695 190 1708 -
205 1669 241 1732 (3)
253 1669 305 1720 Hic
318 1669 445 1718 observat
455 1668 641 1731 Reiffcnstuel,
655 1681 709 1720 non
722 1682 781 1720 esse
796 1667 978 1720 necessarium
993 1681 1058 1718 exa-

52 1749 99 1786 men
110 1738 186 1788 atiam
201 1739 347 1804 privatum,
362 1739 416 1789 nisi
430 1739 538 1790 adesset
552 1753 650 1803 magna
673 1739 843 1805 inequalitas
857 1738 964 1790 numeri
979 1751 1058 1803 paro·

54 1807 198 1868 alienorum,
214 1809 256 1860 vel
271 1809 372 1875 provisi
386 1810 490 1861 nullum
505 1811 584 1875 prius
596 1811 788 1862 sustinuissent
801 1824 922 1866 examen,
937 1809 979 1860 vel
996 1821 1060 1872 age·

53 1883 112 1928 retur
120 1883 151 1930 de
160 1883 359 1944 permutatione
369 1881 507 1946 parochiae
517 1895 579 1932 curn
591 1881 722 1932 beneficio
732 1880 856 1945 simplici.
868 1881 908 1930 De
918 1879 1058 1944 praehend.

53 1961 73 1997 u.
85 1949 128 2001 tlt.
143 1951 239 2003 Gercin
256 1951 290 2002 de
304 1952 392 2003 benel.
408 1967 435 2019 p.
450 1953 474 2004 9.
490 1966 513 2002 c.
534 1954 558 2004 l.
573 1966 601 2003 n.
624 1953 674 2002 tus.
690 1980 721 1989 -
736 1953 772 2017 (l)
792 1951 895 2002 Praeter
914 1963 997 2016 supro
1016 1962 1059 2000 re·

57 2022 153 2074 censitos
167 2036 257 2081 casus,
273 2022 301 2073 in
315 2024 416 2088 qulbus
429 2037 577 2075 concursus
592 2037 646 2074 non
662 2023 831 2086 observatur,
846 2026 902 2072 tres
917 2020 1060 2086 reperiun-

54 2093 87 2140 tur
99 2094 206 2159 expositi
226 2094 255 2144 in
273 2095 440 2158 supracitata
457 2092 583 2146 hullalu
605 2094 773 2159 conserendis
788 2094 815 2143 S.
833 2093 872 2143 Pii
887 2093 926 2144 V:
942 2092 1059 2154 Primus,

57 2161 73 2210 ti
84 2165 201 2228 parochia
214 2163 287 2216 intre
302 2179 350 2216 sex
363 2179 472 2218 menses
487 2165 559 2216 edic
575 2166 679 2216 nolitis
697 2166 846 2216 vacationis
866 2177 920 2214 non
934 2161 1061 2214 hahuerit

56 2244 204 2298 concursum,
219 2240 247 2286 et
260 2249 315 2288 non
328 2237 411 2289 luerit
424 2238 459 2288 ab
478 2237 610 2301 Episcopo
630 2236 758 2288 canonice
777 2235 893 2294 collata;
915 2234 1059 2294 secundus,

56 2301 141 2358 allecto
155 2319 300 2371 concursu,
315 2311 342 2359 et
362 2307 447 2359 electo
468 2306 599 2372 digniore,
617 2307 712 2358 electio
729 2307 757 2358 in
775 2305 904 2370 parochia
923 2309 1060 2357 reservata

56 2371 111 2426 intra
125 2383 240 2445 quatuor
260 2391 369 2430 menses
391 2380 418 2430 S.
434 2379 497 2430 sadi
521 2393 571 2444 pro
589 2378 737 2430 obtinenda
751 2376 894 2428 collatione
908 2375 1061 2439 significate

55 2448 199 2511 corruerim
216 2449 323 2512 tertius,
338 2449 362 2502 si
380 2451 467 2502 forme
492 2464 641 2506 concursus
654 2464 707 2502 uon
734 2448 817 2500 luerit
831 2448 881 2498 rite
899 2447 1059 2498 observata:

56 2527 101 2568 usn
114 2521 139 2572 in
156 2522 199 2573 his
213 2522 324 2573 casibus
338 2521 466 2586 parochia
481 2521 507 2573 S.
523 2522 586 2574 Sedt
600 2525 763 2584 reservatur,
778 2527 804 2570 et
815 2517 967 2569 omnimode
987 2515 1062 2580 eJus·

58 2584 101 2640 (len
114 2591 138 2643 S.
152 2593 231 2645 Sedis
250 2593 422 2658 dispositioni
450 2599 542 2644 manet
559 2593 678 2658 alligata.
694 2592 832 2641 Praeterea
844 2601 898 2638 nou
916 2586 1062 2651 requiritur

58 2671 181 2718 concursus
192 2664 303 2730 quando
318 2663 448 2728 parochia
463 2664 614 2730 resignetur
627 2663 654 2713 in
669 2662 794 2712 monibus
805 2660 887 2724 Papae
901 2658 929 2708 iu
943 2659 1061 2708 levorem

58 2737 118 2784 ttrtae
128 2749 260 2800 persuum,
273 2740 300 2786 et
315 2733 423 2800 quando
436 2735 599 2786 beneficium
614 2737 738 2786 curatum
756 2736 797 2783 est
811 2730 966 2793 litigiosum,
983 2731 1062 2796 cujus
1082 2751 1084 2756 ·

58 2799 261 2927 :lnlrffiistrationi
275 2805 351 2871 Papa
367 2805 510 2858 consuluit.
525 2807 656 2858 Gouralez
668 2805 703 2858 ad
717 2817 774 2869 reg.
793 2803 816 2854 8.
834 2802 941 2855 Caneat.
956 2801 1024 2868 glos.
1037 2803 1061 2868 6,

82 3055 125 3114 llll
140 3057 181 3118 lld
193 3054 414 3116 similitudinem
428 3054 628 3116 Ecclesiamm
642 3055 856 3132 parochialium
869 3071 924 3132 per
936 3070 1064 3118 concur·

59 3152 108 3201 urm
118 3145 302 3206 conferendae
316 3161 436 3222 quoque
450 3149 521 3205 sunt
533 3146 703 3220 praebendae
717 3144 856 3206 canonici
871 3143 1062 3206 poeniteutia-

59 3223 96 3301 ῐὶί,
113 3238 140 3290 et
154 3233 293 3310 Theologi
313 3233 513 3294 Ecclesiarum
535 3233 764 3308 cathedralium,
785 3233 943 3310 inquibus
962 3240 1063 3292 tamen

63 3323 166 3388 luetuor
178 3322 371 3399 requiruntur
387 3321 607 3384 examinatores
622 3321 660 3382 ab
674 3322 821 3400 Episcopo
838 3321 942 3391 electi;
958 3325 989 3378 at
1001 3333 1064 3375 non

63 3409 230 3488 catnecessc,
244 3418 278 3474 ut
292 3428 332 3474 ex
353 3428 479 3474 numero
502 3411 742 3474 examinatorum
763 3407 953 3488 synodalium
974 3405 1063 3465 desu-

61 3503 182 3575 mo<
200 3505 222 3580 r·
