2426 4070
509 649 712 732 TITULUS
738 650 801 730 xi.

544 871 580 916 nti
597 871 741 916 oivourto.

135 1037 280 1092 smurnmu
292 1053 298 1088 :
313 1036 368 1088 lut.
383 1033 510 1102 Repudium
519 1034 547 1086 ab
557 1034 657 1087 Ecclesia
666 1048 714 1086 non
723 1033 856 1087 admittitur.
867 1060 896 1073 —
906 1033 961 1086 449,
972 1033 1099 1086 Dirortium
1108 1030 1163 1100 quid

177 1110 207 1162 sit
219 1114 242 1160 et
255 1108 394 1174 quotuplext
408 1135 439 1146 -
452 1107 507 1158 430.
522 1106 688 1158 Matrimonium
700 1107 823 1171 legitimum
835 1107 951 1170 quomodo
964 1107 1064 1158 solvatur
1086 1105 1164 1171 quoad

168 1181 281 1232 duculum
296 1194 336 1246 per
349 1179 524 1230 conversionem
540 1177 569 1228 ad
582 1178 670 1228 tidemi
684 1204 715 1248 .··
728 1179 771 1229 tal
787 1177 869 1230 ilatum
885 1181 908 1228 ct
920 1191 968 1230 oon
980 1182 1165 1228 consummatum

168 1252 283 1318 quomodo
297 1249 418 1302 solvatur?
431 1277 458 1286 -
480 1249 533 1302 lar.
556 1250 743 1302 consummatum
756 1247 912 1300 indissolubile
930 1253 967 1300 est
982 1251 1050 1300 etiam
1064 1264 1093 1300 ex
1112 1249 1165 1312 iure

140 1385 143 1392 Ι
168 1324 253 1375 divino.
268 1351 293 1360 -
307 1323 362 1373 433.
374 1321 493 1381 Quomodo
509 1321 559 1370 lieri
572 1325 640 1383 queat
656 1321 775 1372 divortium
790 1321 863 1386 quoad
876 1319 983 1372 44444444
996 1349 1026 1356 -
1038 1319 1096 1370 434.
1109 1319 1165 1378 Qua

169 1395 215 1446 slnt
225 1396 294 1460 justa
307 1394 375 1458 hujus
391 1392 486 1444 derortii
499 1391 596 1442 causa?
609 1421 640 1428 -
655 1391 711 1442 435.
729 1391 789 1449 Quot
806 1405 916 1456 generum
935 1391 980 1442 sint
994 1405 1067 1442 rausa
1082 1389 1164 1440 matri-

169 1465 288 1526 moniales,
309 1468 332 1514 44
351 1478 364 1514 4
384 1477 428 1528 quo
440 1463 519 1526 judice
536 1463 581 1512 sint
599 1463 782 1526 cognoscendae?
796 1490 826 1500 -
846 1463 901 1514 tta.
924 1462 1006 1514 Coram
1025 1476 1070 1526 quo
1088 1461 1166 1526 judice

170 1535 317 1602 proponenda
333 1535 363 1586 sit
376 1533 482 1584 instantia
500 1533 606 1585 nullitatis
619 1533 755 1584 matrimonii
764 1535 810 1584 i—
824 1534 878 1585 434.
896 1532 1016 1592 Quomodo
1029 1533 1166 1598 procedatur

170 1611 195 1658 in
206 1621 273 1658 rausa
286 1606 436 1712 separqationis
445 1605 584 1670 conjugum?
596 1633 624 1643 -
635 1607 689 1658 438.
701 1605 767 1672 Apud
778 1619 845 1672 quem
857 1607 933 1670 proles
947 1604 1063 1656 educanda
1074 1604 1107 1656 sit
1114 1605 1167 1669 post

171 1677 353 1744 separationem.

175 1815 239 1870 448.
254 1814 298 1869 Ex
311 1808 405 1870 veteri
419 1825 557 1884 novoque
568 1808 635 1883 jure
648 1808 751 1884 liquet,
767 1828 784 1868 a
799 1815 954 1869 contracto
975 1809 1166 1869 matrimonio

140 1916 270 1976 sponsos
290 1898 469 1974 quandoque
493 1896 656 1958 recessione
677 1915 731 1973 per
752 1899 917 1974 Repudium
937 1905 967 1959 et
990 1897 1165 1972 trinomium,

142 1989 223 2067 quod
237 1989 308 2048 satis
321 1987 451 2062 probant
469 1987 665 2062 Digestorum,
681 1987 796 2046 Codicis
816 1987 998 2059 iustinianei‚
1015 1995 1045 2047 44
1058 1993 1167 2047 liecre-

141 2079 245 2139 talinm
259 2081 449 2136 summorum
467 2075 643 2136 Pontificum
663 2075 829 2150 singulares
844 2075 928 2148 tituli,
941 2076 979 2135 de
989 2076 1124 2135 divortiis
1138 2082 1168 2135 et

140 2166 284 2246 repudiis.
299 2165 465 2241 Repudium
479 2173 520 2224 cst
533 2165 718 2224 renunciatio
731 2167 812 2240 [4444
825 2165 1019 2241 sponsalibus,
1034 2173 1088 2224 out
1101 2183 1167 2224 mc-

143 2256 294 2327 trimonio,
309 2263 335 2314 44
353 2271 373 2314 4
392 2271 497 2330 sponso
517 2255 561 2314 444
585 2255 694 2314 marito
716 2255 809 2314 misso
823 2271 944 2330 sponsa,
958 2254 1123 2327 uelunori(
1144 2261 1165 2328 ).

143 2345 308 2421 Repudium
334 2351 398 2404 4444
423 2344 503 2420 apud
523 2345 663 2404 llebraeos
685 2345 865 2417 toleratum3
891 2345 944 2404 sed
969 2345 1007 2402 ab
1032 2337 1164 2404 Ecclesia

143 2434 289 2496 catholiea
314 2450 478 2509 numquam
503 2433 558 2492 luit
580 2433 767 2493 admissum:
791 2449 861 2493 nam
884 2433 1014 2494 Christus
1035 2435 1169 2493 Salvator
1208 2427 1209 2432 ’

142 2523 364 2588 matrimonium
391 2523 429 2582 ad
455 2522 662 2598 primigeniam
682 2539 768 2583 suam
788 2522 986 2599 integritatem
1006 2523 1167 2599 revocavit,

145 2635 214 2678 oum
222 2617 376 2678 Pharisaeis
392 2616 654 2690 interrogantibus,
666 2622 768 2676 utrum
780 2617 884 2676 liceret
897 2615 1009 2676 homini
1022 2616 1169 2677 dimittere

145 2721 275 2768 uxorem
292 2722 387 2777 suam,
403 2711 432 2764 et
455 2703 657 2764 asserentibus
675 2709 807 2780 allopse
821 2703 876 2763 sibi
889 2707 998 2764 laetam
1011 2705 1101 2764 fuisso
1113 2723 1169 2782 po-

146 2801 283 2855 testatem
301 2795 392 2853 dandi
417 2793 551 2854 libellum
573 2793 698 2870 repudii,
722 2800 751 2854 et
776 2793 943 2853 dimittendi
968 2811 1102 2867 uxorem,
1121 2785 1169 2856 'ita

147 2883 302 2960 respondit
322 2903 328 2942 :
350 2883 460 2960 Moyses
481 2883 521 2942 nd
542 2883 687 2943 duritiam
708 2883 802 2946 cordis
829 2884 919 2943 uestri
943 2883 1076 2958 permisit
1092 2884 1168 2948 uobis

145 2978 291 3038 dimittere
315 2993 423 3036 umores
450 2983 572 3045 nestros,
602 2976 637 3035 44
659 2977 744 3036 initio
765 2983 945 3036 autemnon
962 2977 1081 3050 [444444.
1101 2977 1169 3038 Dico

144 3065 345 3138 contemnetis,
361 3066 431 3141 quic
449 3071 623 3142 quicumque
639 3065 784 3125 dimiserit
802 3083 928 3126 44444444
945 3083 1034 3126 suum
1047 3111 1055 3142 ,
1066 3066 1123 3126 uisi
1136 3069 1169 3128 44

143 3154 380 3233 fornicationem,
397 3161 424 3214 44
439 3154 533 3214 utinm
545 3155 674 3230 duncrii,
687 3156 876 3230 4444444444(
895 3161 920 3226 i.

178 3293 211 3358 (l)
221 3293 261 3344 lix
273 3291 454 3344 Romanorum
461 3293 524 3358 jure
535 3292 652 3344 dabatur
662 3292 742 3343 etiem
757 3307 921 3359 econverso,
933 3295 1061 3346 sciliceta
1074 3308 1169 3362 sponsa

145 3365 188 3416 444
202 3377 294 3424 uxore,
312 3364 364 3428 ipsi
379 3377 478 3428 sponso
497 3365 540 3415 vel
555 3365 662 3428 marito,
681 3369 707 3415 et
722 3365 750 3415 in
765 3363 856 3417 libello
879 3367 983 3431 repudii
998 3381 1046 3431 pro
1060 3380 1167 3433 sponsa·

75 3440 79 3448 ’
147 3436 220 3488 libus
234 3435 293 3487 haec
308 3434 488 3488 adhibebatur
502 3435 636 3486 formula:
652 3433 810 3488 0444444444
825 3439 874 3489 tua
888 3449 944 3489 non
960 3441 1102 3504 artor,·-pro
1115 3453 1169 3491 me-

144 3507 270 3560 trimonio
284 3520 347 3559 vero
359 3527 366 3557 ι
379 3505 447 3560 Tuos
463 3520 505 3558 res
518 3505 567 3560 titi
581 3507 664 3570 opilo,
682 3507 727 3558 vel
746 3507 800 3560 alia
813 3508 910 3562 similis
925 3508 942 3561 l.
958 3509 972 3560 4
986 3507 1013 3560 ff.
1029 3509 1062 3561 de
1076 3509 1165 3563 divort.

148 3603 179 3616 -
192 3577 227 3644 (2)
237 3578 331 3631 Matth.
344 3593 367 3632 o.
385 3577 421 3644 ie,
431 3581 456 3632 et
469 3591 526 3648 cap.
543 3578 557 3630 8
571 3576 604 3629 de
616 3576 705 3632 divort
