2410 4068
457 170 638 228 ·--lta-

58 291 312 369 supernumerarius
325 307 439 368 creare,
454 309 491 352 eo
505 294 589 368 quod
605 293 670 354 talis
684 289 828 354 institutio
843 297 1062 370 expectativam

60 382 215 441 adfuturam
228 379 422 457 praebeudam
442 380 617 452 contineret,
646 381 719 440 dum
736 395 841 444 omues
868 382 1063 460 expectatio·

59 470 155 529 luerunt
168 486 221 546 per
233 468 437 530 tridentinum
449 469 574 528 sublatae
586 472 627 540 (3)
644 486 651 541 ;
667 474 698 528 et
711 469 814 545 nequit
827 470 971 546 similiter,
986 487 1063 536 mor·

60 558 197 634 beatique
211 556 372 631 Canonico,
397 555 474 618 duos
492 557 523 617 iu
541 558 606 634 ejus
624 558 886 633 hammonicam,
914 561 988 622 dum
1007 579 1063 640 per

60 644 182 708 hocidem
192 648 242 724 jus
255 645 407 723 spirituale
424 644 505 706 inter
518 645 597 708 duos
610 645 802 722 divideretur,
817 647 898 724 quod
909 649 958 726 jus
970 665 1062 713 cano·

59 733 138 804 uicum
150 753 208 797 non
226 735 337 812 potitam
351 737 403 808 (l).

78 881 107 946 (l)
117 883 169 936 Hoc
184 886 276 936 tamen
294 883 378 936 habet
397 883 494 943 locum,
512 882 621 950 wando
636 881 760 936 redditus
773 884 903 940 Ecclesia
921 887 950 940 in
964 889 1059 944 eadem

57 955 112 1004 statu
123 953 312 1019 perseverant3
331 969 395 1007 nam
410 955 434 1006 si
454 956 643 1020 supponantur
661 954 768 1006 adaucti
789 952 827 1007 ita
842 956 1017 1026 sufficienter,
1031 967 1063 1014 ut

56 1024 103 1074 nori
114 1027 281 1078 canonicatus
296 1029 395 1078 existat
407 1027 563 1095 prebenda,
577 1027 665 1094 potest
679 1039 712 1077 aa
734 1028 913 1092 quorumdam
928 1035 1062 1084 sententia

56 1093 185 1162 Episcopus
196 1097 279 1150 etiam
290 1097 318 1148 in
331 1097 454 1152 Ecclesia
466 1102 608 1149 numerata
622 1109 723 1148 nurum
739 1098 936 1163 canonicatum,
950 1111 1064 1172 eonsen-

55 1164 255 1233 tientaGapitulo,
262 1166 687 1233 constituere,quiapraesunaitur
694 1180 817 1218 summus
824 1167 1063 1236 Pontidoxprototo

55 1234 210 1304 illotampore
222 1242 330 1292 mutum
343 1239 528 1292 definitionem
542 1237 631 1302 cdere,
643 1251 696 1304 quo
706 1237 831 1290 redditus
838 1239 867 1290 in
881 1241 975 1294 eodem
989 1248 1062 1296 statu

54 1311 154 1363 manant
170 1308 315 1362 Gratianus
330 1309 397 1362 disc.
411 1309 461 1360 lor.
478 1323 535 1375 cap.
557 1309 613 1372 819,
627 1322 654 1358 n.
673 1308 713 1359 20.
734 1335 765 1346 -
778 1308 813 1374 (2)
829 1309 867 1362 Da
880 1309 942 1363 huo.
958 1312 992 1365 dc
1013 1314 1062 1367 Ca·

54 1390 104 1429 non.
117 1379 208 1432 disat
227 1384 255 1432 et
274 1380 315 1434 36.
328 1407 360 1419 -
373 1381 410 1448 (3)
423 1379 495 1433 Sass.
511 1379 551 1444 td,
567 1393 591 1432 c.
617 1381 654 1440 19,
676 1377 710 1432 da
724 1379 773 1432 rar.
790 1407 818 1421 -·
833 1381 868 1445 (t)
887 1382 952 1448 Gap.
968 1381 1008 1446 25,
1026 1385 1061 1438 de

54 1449 176 1512 praebend.

81 1638 134 1694 ill.
149 1638 181 1695 ln
200 1634 418 1696 beneficiorum
432 1633 583 1696 erectione
597 1651 637 1694 ex
650 1634 841 1698 fundatorum
855 1638 1018 1714 uoluntate,
1033 1649 1064 1703 et

55 1723 319 1784 exordinandorum
347 1721 565 1799 approbatione
592 1719 704 1798 apponi
724 1731 851 1798 possunt
879 1727 1065 1789 conditiones

55 1809 170 1872 honestae
197 1819 229 1874 et
253 1811 421 1888 possibilem
446 1811 560 1871 etiamsi
582 1811 797 1887 aliquantulum
821 1814 888 1887 iure
914 1815 1066 1878 communi

56 1898 192 1961 detrahere
216 1901 383 1960 uideantur.
400 1904 472 1959 Cum
489 1916 562 1960 vero
587 1899 707 1960 luerunt
719 1900 810 1960 modo
823 1901 954 1978 legitimo
970 1921 1065 1981 appo·
1082 1969 1093 1991 ,

56 1987 114 2062 sita,
128 1989 166 2050 ita
192 1996 263 2050 sum
281 2007 335 2066 per
353 1989 499 2060 haeredes,
521 2005 558 2048 ac
586 2005 779 2049 successores
800 1989 1005 2067 observandae,
1032 2000 1067 2055 ut

56 2075 149 2138 eisdam
178 2078 269 2139 etiam
295 2075 442 2138 ordinarii
466 2093 616 2137 consensu
639 2075 777 2153 derogari
804 2087 953 2159 nequeat,
987 2082 1066 2144 sicut

57 2166 154 2226 eruitur
167 2185 206 2228 ex
221 2165 391 2227 tridentino
405 2169 458 2240 (1),
482 2171 512 2226 et
534 2169 567 2225 ut
590 2166 729 2227 sentiunt
742 2168 940 2230 communiter
962 2175 1067 2234 Docto·

56 2265 101 2326 res,
124 2255 224 2330 paucis
249 2255 385 2330 exceptis
399 2257 450 2326 (h).
479 2251 668 2314 conditiones
691 2271 765 2314 vero
787 2253 986 2332 impossibiles
1007 2277 1064 2337 pro

58 2355 102 2400 nou
120 2343 240 2421 adjectis
256 2343 286 2403 in
307 2344 441 2403 favorem
454 2341 613 2418 Religionis
635 2343 781 2403 habendae
801 2351 880 2405 eunt.
903 2351 1064 2424 Tamquam

2 2470 3 2475 η
58 2427 224 2505 inpossibilis
237 2449 310 2492 vero
324 2429 531 2492 consideratur
543 2448 579 2492 ea
598 2429 740 2507 conditio,
755 2449 814 2508 qua
827 2433 967 2494 fundator
990 2437 1062 2496 uelit

58 2514 210 2582 bneficium
228 2536 317 2580 suum
334 2517 570 2595 ajurisdictione
594 2519 794 2582 ecclesiastica
815 2521 1010 2598 subtractum,
1031 2530 1062 2584 et

59 2619 93 2680 aa,
103 2625 154 2684 qua
165 2609 248 2684 velit,
264 2605 444 2670 beneficium
457 2605 513 2668 sibi
526 2607 655 2671 conferri
669 2611 721 2682 (3).

82 2779 108 2844 (l)
118 2781 185 2834 Sese.
199 2782 240 2842 25,
256 2793 279 2834 e.
295 2781 318 2839 5,
333 2777 368 2833 de
380 2779 430 2832 red.
444 2804 476 2817 -
489 2779 524 2845 (t)
537 2778 641 2832 idcirco
655 2779 680 2832 si
693 2779 738 2831 lox
755 2779 920 2834 fundationis
934 2781 1057 2850 designat

58 2859 165 2910 personas
177 2853 212 2905 ad
225 2851 386 2904 benenatum
399 2849 588 2909 nominandas,
600 2853 647 2906 aut
659 2850 796 2914 dispensat
809 2853 837 2904 in
850 2852 970 2918 legitima
978 2859 1058 2909 aetate

59 2918 86 2968 td
94 2921 243 2978 maeldum
257 2921 465 2988 assequendum,
476 2925 525 2977 aut
537 2919 713 2974 residentiam
724 2923 752 2974 iu
765 2922 824 2974 loco
837 2923 963 2978 banelloii
977 2929 1059 2981 etiam

59 2988 166 3059 simplicis
178 2995 308 3061 requirat,
323 2998 370 3046 aut
381 2993 541 3059 qualitatem
555 2989 703 3044 sacerdotia
716 2993 744 3043 in
753 2992 912 3048 beneficiato
924 2997 1057 3066 injungat.

60 3064 97 3111 aut
106 3064 170 3116 aliud
183 3066 271 3118 simile
280 3067 414 3130 importat,
426 3064 478 3116 erit
488 3061 604 3114 fideliter
613 3063 791 3130 observanda,
800 3071 888 3131 neque
900 3070 1001 3134 poterit
1008 3076 1058 3136 par

59 3142 214 3198 inmemores,
225 3141 372 3201 utcumque
383 3135 597 3202 approbantibus
605 3134 730 3202 ¹locorum
741 3135 901 3199 ordinariis,
912 3139 1059 3193 immutari.

60 3225 86 3238 -
94 3204 125 3268 (3)
135 3207 220 3260 Potest
233 3207 409 3260 nihilominus
422 3205 721 3272 tundatorlipiscopum
735 3219 839 3272 rogare,
849 3213 880 3260 ut
893 3211 946 3262 sibi
956 3213 1060 3264 hanell-

60 3272 120 3327 duu
129 3290 144 3330 a
154 3291 182 3332 aa
194 3279 346 3332 institutum
357 3277 485 3341 mutarat,
496 3277 724 3341 ataicuateratur
735 3277 839 3344 absona
853 3285 941 3344 pacto,
951 3287 980 3334 et
992 3295 1055 3334 con·

61 3341 160 3409 lalanda,
172 3351 244 3404 nulla
257 3351 286 3402 in
297 3349 349 3402 hac
362 3349 453 3414 specie
466 3350 519 3400 erit
529 3348 652 3402 simonia.
668 3347 734 3414 (lap.
745 3348 776 3402 at
789 3349 823 3402 de
838 3351 941 3404 Simon.

90 3541 340 3622 utrumquem
364 3540 426 3602 vim
445 3540 668 3618 praemissorum
694 3540 822 3602 dubium'
844 3541 988 3617 exoritur,
1016 3559 1053 3602 an
