<?xml version="1.0" encoding="UTF-8"?>
<!DOCTYPE html PUBLIC "-//W3C//DTD XHTML 1.0 Transitional//EN"
    "http://www.w3.org/TR/xhtml1/DTD/xhtml1-transitional.dtd">
<html xmlns="http://www.w3.org/1999/xhtml" xml:lang="en" lang="en">
 <head>
  <title>
</title>
<meta http-equiv="Content-Type" content="text/html;charset=utf-8" />
  <meta name='ocr-system' content='tesseract 3.04.00' />
  <meta name='ocr-capabilities' content='ocr_page ocr_carea ocr_par ocr_line ocrx_word'/>
</head>
<body>
  <div class='ocr_page' id='page_1' title='image "./summainstitutio01ferrgoog_0541.png"; bbox 0 0 2560 4080; ppageno 0'>
   <div class='ocr_carea' id='block_1_1' title="bbox 578 277 739 334">
    <p class='ocr_par' dir='ltr' id='par_1_1' title="bbox 578 277 739 334">
     <span class='ocr_line' id='line_1_1' title="bbox 578 277 739 334; baseline 0 -18"><span class='ocrx_word' id='word_1_1' title='bbox 578 277 739 334; x_wconf 71' lang='lat'>..530-</span> 
     </span>
    </p>
   </div>
   <div class='ocr_carea' id='block_1_2' title="bbox 148 385 1184 920">
    <p class='ocr_par' dir='ltr' id='par_1_2' title="bbox 148 385 1184 920">
     <span class='ocr_line' id='line_1_2' title="bbox 151 385 1178 476; baseline -0.004 -16"><span class='ocrx_word' id='word_1_2' title='bbox 151 396 211 460; x_wconf 84' lang='lat' dir='ltr'>oris</span> <span class='ocrx_word' id='word_1_3' title='bbox 233 385 516 474; x_wconf 82' lang='lat' dir='ltr'>congregationibus</span> <span class='ocrx_word' id='word_1_4' title='bbox 531 413 588 476; x_wconf 94' lang='lat' dir='ltr'>pro</span> <span class='ocrx_word' id='word_1_5' title='bbox 609 413 717 457; x_wconf 87' lang='lat' dir='ltr'>norma</span> <span class='ocrx_word' id='word_1_6' title='bbox 734 397 765 456; x_wconf 92' lang='lat' dir='ltr'>in</span> <span class='ocrx_word' id='word_1_7' title='bbox 789 395 880 457; x_wconf 86' lang='lat' dir='ltr'>rebus</span> <span class='ocrx_word' id='word_1_8' title='bbox 897 395 978 470; x_wconf 80' lang='lat' dir='ltr'>fidei,</span> <span class='ocrx_word' id='word_1_9' title='bbox 1002 402 1033 456; x_wconf 90' lang='lat' dir='ltr'>et</span> <span class='ocrx_word' id='word_1_10' title='bbox 1056 411 1178 456; x_wconf 88' lang='lat' dir='ltr'>morum</span> 
     </span>
     <span class='ocr_line' id='line_1_3' title="bbox 150 484 1180 564; baseline -0.004 -16"><span class='ocrx_word' id='word_1_11' title='bbox 150 486 336 548; x_wconf 79' lang='lat' dir='ltr'>resolvendo</span> <span class='ocrx_word' id='word_1_12' title='bbox 353 493 571 564; x_wconf 86' lang='lat' dir='ltr'>proponuntur.</span> <span class='ocrx_word' id='word_1_13' title='bbox 587 487 709 562; x_wconf 76' lang='lat' dir='ltr'>Negotia</span> <span class='ocrx_word' id='word_1_14' title='bbox 721 485 892 561; x_wconf 73' lang='lat' dir='ltr'>huiusmodi</span> <span class='ocrx_word' id='word_1_15' title='bbox 904 487 953 547; x_wconf 85' lang='lat' dir='ltr'>ret</span> <span class='ocrx_word' id='word_1_16' title='bbox 967 484 1063 546; x_wconf 89' lang='lat' dir='ltr'>libere</span> <span class='ocrx_word' id='word_1_17' title='bbox 1084 501 1180 562; x_wconf 83' lang='lat' dir='ltr'>expe-</span> 
     </span>
     <span class='ocr_line' id='line_1_4' title="bbox 150 573 1182 652; baseline -0.002 -16"><span class='ocrx_word' id='word_1_18' title='bbox 150 573 271 636; x_wconf 87' lang='lat' dir='ltr'>diuntur</span> <span class='ocrx_word' id='word_1_19' title='bbox 283 592 302 635; x_wconf 85' lang='lat' dir='ltr'>a</span> <span class='ocrx_word' id='word_1_20' title='bbox 313 576 471 650; x_wconf 74' lang='lat' dir='ltr'>Praefecto,</span> <span class='ocrx_word' id='word_1_21' title='bbox 485 581 567 636; x_wconf 81' lang='lat' dir='ltr'>aute</span> <span class='ocrx_word' id='word_1_22' title='bbox 585 575 747 635; x_wconf 81' lang='lat' dir='ltr'>secretario</span> <span class='ocrx_word' id='word_1_23' title='bbox 760 579 790 636; x_wconf 87' lang='lat' dir='ltr'>S.</span> <span class='ocrx_word' id='word_1_24' title='bbox 811 573 1067 652; x_wconf 83' lang='lat' dir='ltr'>congregationis,</span> <span class='ocrx_word' id='word_1_25' title='bbox 1082 573 1182 634; x_wconf 89' lang='lat' dir='ltr'>sisnb</span> 
     </span>
     <span class='ocr_line' id='line_1_5' title="bbox 150 661 1184 741; baseline -0.002 -15"><span class='ocrx_word' id='word_1_26' title='bbox 150 681 255 726; x_wconf 89' lang='lat' dir='ltr'>eorum</span> <span class='ocrx_word' id='word_1_27' title='bbox 275 663 424 726; x_wconf 84' lang='lat' dir='ltr'>ordinaria</span> <span class='ocrx_word' id='word_1_28' title='bbox 447 669 595 741; x_wconf 75' lang='lat' dir='ltr'><strong>potestate</strong></span> <span class='ocrx_word' id='word_1_29' title='bbox 620 663 738 737; x_wconf 79' lang='lat' dir='ltr'>eadent,</span> <span class='ocrx_word' id='word_1_30' title='bbox 764 663 839 724; x_wconf 89' lang='lat' dir='ltr'>etsi</span> <span class='ocrx_word' id='word_1_31' title='bbox 863 662 894 722; x_wconf 90' lang='lat' dir='ltr'>id</span> <span class='ocrx_word' id='word_1_32' title='bbox 916 661 1012 739; x_wconf 88' lang='lat' dir='ltr'>magis</span> <span class='ocrx_word' id='word_1_33' title='bbox 1031 663 1184 739; x_wconf 82' lang='lat' dir='ltr'>expedire</span> 
     </span>
     <span class='ocr_line' id='line_1_6' title="bbox 148 753 1183 830; baseline 0.001 -17"><span class='ocrx_word' id='word_1_34' title='bbox 148 754 205 816; x_wconf 89' lang='lat' dir='ltr'>iilis</span> <span class='ocrx_word' id='word_1_35' title='bbox 218 754 373 828; x_wconf 81' lang='lat' dir='ltr'>rideatsr;</span> <span class='ocrx_word' id='word_1_36' title='bbox 388 755 437 814; x_wconf 84' lang='lat' dir='ltr'>ret</span> <span class='ocrx_word' id='word_1_37' title='bbox 450 755 651 815; x_wconf 83' lang='lat' dir='ltr'>considendns</span> <span class='ocrx_word' id='word_1_38' title='bbox 664 761 710 814; x_wconf 89' lang='lat' dir='ltr'>est</span> <span class='ocrx_word' id='word_1_39' title='bbox 721 770 855 815; x_wconf 89' lang='lat' dir='ltr'>summus</span> <span class='ocrx_word' id='word_1_40' title='bbox 869 753 1014 827; x_wconf 83' lang='lat' dir='ltr'>Pontifex,</span> <span class='ocrx_word' id='word_1_41' title='bbox 1026 754 1100 814; x_wconf 88' lang='lat' dir='ltr'>etin</span> <span class='ocrx_word' id='word_1_42' title='bbox 1113 755 1183 830; x_wconf 77' lang='lat' dir='ltr'>eius</span> 
     </span>
     <span class='ocr_line' id='line_1_7' title="bbox 149 841 1182 920; baseline 0 -18"><span class='ocrx_word' id='word_1_43' title='bbox 149 842 300 903; x_wconf 82' lang='lat' dir='ltr'>audientia</span> <span class='ocrx_word' id='word_1_44' title='bbox 312 843 424 904; x_wconf 83' lang='lat' dir='ltr'>decisio</span> <span class='ocrx_word' id='word_1_45' title='bbox 437 843 592 918; x_wconf 83' lang='lat' dir='ltr'>sumendo,</span> <span class='ocrx_word' id='word_1_46' title='bbox 606 843 682 904; x_wconf 87' lang='lat' dir='ltr'>sient</span> <span class='ocrx_word' id='word_1_47' title='bbox 703 847 738 902; x_wconf 89' lang='lat' dir='ltr'>ut</span> <span class='ocrx_word' id='word_1_48' title='bbox 760 843 920 920; x_wconf 79' lang='lat' dir='ltr'>plurimum</span> <span class='ocrx_word' id='word_1_49' title='bbox 939 841 1108 919; x_wconf 77' lang='lat' dir='ltr'>contingit3</span> <span class='ocrx_word' id='word_1_50' title='bbox 1130 843 1182 902; x_wconf 88' lang='lat' dir='ltr'>vei</span> 
     </span>
    </p>
   </div>
   <div class='ocr_carea' id='block_1_3' title="bbox 148 929 1279 1010">
    <p class='ocr_par' dir='ltr' id='par_1_3' title="bbox 148 929 1279 1010">
     <span class='ocr_line' id='line_1_8' title="bbox 148 929 1279 1010; baseline -0.001 -19"><span class='ocrx_word' id='word_1_51' title='bbox 148 931 270 992; x_wconf 88' lang='lat' dir='ltr'>demum</span> <span class='ocrx_word' id='word_1_52' title='bbox 293 931 349 1009; x_wconf 95' lang='lat' dir='ltr'>ipsi</span> <span class='ocrx_word' id='word_1_53' title='bbox 373 931 600 1008; x_wconf 79' lang='lat' dir='ltr'><strong>congregationi</strong></span> <span class='ocrx_word' id='word_1_54' title='bbox 620 931 816 1010; x_wconf 87' lang='lat' dir='ltr'>proponenda</span> <span class='ocrx_word' id='word_1_55' title='bbox 841 939 920 1007; x_wconf 89' lang='lat' dir='ltr'>sunt,</span> <span class='ocrx_word' id='word_1_56' title='bbox 948 933 1035 1007; x_wconf 86' lang='lat' dir='ltr'>eujus</span> <span class='ocrx_word' id='word_1_57' title='bbox 1060 929 1176 992; x_wconf 84' lang='lat' dir='ltr'>decisio</span> <span class='ocrx_word' id='word_1_58' title='bbox 1278 939 1279 948; x_wconf 76' lang='grc'>’</span> 
     </span>
    </p>
   </div>
   <div class='ocr_carea' id='block_1_4' title="bbox 148 1017 1235 1350">
    <p class='ocr_par' dir='ltr' id='par_1_4' title="bbox 148 1017 1235 1350">
     <span class='ocr_line' id='line_1_9' title="bbox 148 1017 1235 1097; baseline -0.006 -17"><span class='ocrx_word' id='word_1_59' title='bbox 148 1035 266 1080; x_wconf 91' lang='lat' dir='ltr'>summo</span> <span class='ocrx_word' id='word_1_60' title='bbox 276 1019 408 1081; x_wconf 82' lang='lat' dir='ltr'>Pontifici</span> <span class='ocrx_word' id='word_1_61' title='bbox 419 1021 555 1095; x_wconf 81' lang='lat' dir='ltr'>retertur,</span> <span class='ocrx_word' id='word_1_62' title='bbox 564 1027 594 1082; x_wconf 89' lang='lat' dir='ltr'>et</span> <span class='ocrx_word' id='word_1_63' title='bbox 603 1020 633 1080; x_wconf 91' lang='lat' dir='ltr'>in</span> <span class='ocrx_word' id='word_1_64' title='bbox 645 1021 710 1097; x_wconf 90' lang='lat' dir='ltr'>ejus</span> <span class='ocrx_word' id='word_1_65' title='bbox 720 1019 871 1080; x_wconf 86' lang='lat' dir='ltr'>audientia</span> <span class='ocrx_word' id='word_1_66' title='bbox 879 1020 1085 1094; x_wconf 84' lang='lat' dir='ltr'>oonfirmatur,</span> <span class='ocrx_word' id='word_1_67' title='bbox 1094 1017 1180 1096; x_wconf 90' lang='lat' dir='ltr'>quod</span> <span class='ocrx_word' id='word_1_68' title='bbox 1233 1071 1235 1074; x_wconf 84' lang='lat'>.</span> 
     </span>
     <span class='ocr_line' id='line_1_10' title="bbox 149 1107 1180 1186; baseline -0.002 -18"><span class='ocrx_word' id='word_1_69' title='bbox 149 1115 221 1170; x_wconf 87' lang='lat' dir='ltr'>tune</span> <span class='ocrx_word' id='word_1_70' title='bbox 231 1109 363 1170; x_wconf 80' lang='lat' dir='ltr'>maxime</span> <span class='ocrx_word' id='word_1_71' title='bbox 375 1109 596 1170; x_wconf 82' lang='lat' dir='ltr'>observandum</span> <span class='ocrx_word' id='word_1_72' title='bbox 605 1115 660 1183; x_wconf 88' lang='lat' dir='ltr'>est,</span> <span class='ocrx_word' id='word_1_73' title='bbox 675 1126 745 1172; x_wconf 88' lang='lat' dir='ltr'>enm</span> <span class='ocrx_word' id='word_1_74' title='bbox 755 1109 804 1185; x_wconf 85' lang='lat' dir='ltr'>jus</span> <span class='ocrx_word' id='word_1_75' title='bbox 817 1107 1014 1186; x_wconf 72' lang='lat' dir='ltr'>praeexistens</span> <span class='ocrx_word' id='word_1_76' title='bbox 1027 1109 1180 1184; x_wconf 83' lang='lat' dir='ltr'>interpre-</span> 
     </span>
     <span class='ocr_line' id='line_1_11' title="bbox 149 1195 1179 1275; baseline -0.002 -17"><span class='ocrx_word' id='word_1_77' title='bbox 149 1203 229 1258; x_wconf 83' lang='lat' dir='ltr'>tatur</span> <span class='ocrx_word' id='word_1_78' title='bbox 243 1201 294 1271; x_wconf 88' lang='lat' dir='ltr'>(t).</span> <span class='ocrx_word' id='word_1_79' title='bbox 310 1196 480 1258; x_wconf 86' lang='lat' dir='ltr'>beeisiones</span> <span class='ocrx_word' id='word_1_80' title='bbox 490 1197 612 1258; x_wconf 89' lang='lat' dir='ltr'>demum</span> <span class='ocrx_word' id='word_1_81' title='bbox 625 1196 670 1258; x_wconf 82' lang='lat' dir='ltr'>sie</span> <span class='ocrx_word' id='word_1_82' title='bbox 683 1204 779 1275; x_wconf 86' lang='lat' dir='ltr'>eaptae</span> <span class='ocrx_word' id='word_1_83' title='bbox 795 1198 933 1258; x_wconf 82' lang='lat' dir='ltr'>locorum</span> <span class='ocrx_word' id='word_1_84' title='bbox 944 1195 1106 1260; x_wconf 81' lang='lat' dir='ltr'>ordinariis</span> <span class='ocrx_word' id='word_1_85' title='bbox 1119 1212 1179 1273; x_wconf 90' lang='lat' dir='ltr'>pro</span> 
     </span>
     <span class='ocr_line' id='line_1_12' title="bbox 148 1285 692 1350; baseline -0.004 0"><span class='ocrx_word' id='word_1_86' title='bbox 148 1303 253 1350; x_wconf 78' lang='lat' dir='ltr'>aarum</span> <span class='ocrx_word' id='word_1_87' title='bbox 266 1285 444 1348; x_wconf 79' lang='lat' dir='ltr'>executione</span> <span class='ocrx_word' id='word_1_88' title='bbox 456 1287 692 1348; x_wconf 82' lang='lat' dir='ltr'>committuntur.</span> 
     </span>
    </p>
   </div>
   <div class='ocr_carea' id='block_1_5' title="bbox 149 1431 1180 1644">
    <p class='ocr_par' dir='ltr' id='par_1_5' title="bbox 149 1431 1180 1644">
     <span class='ocr_line' id='line_1_13' title="bbox 180 1431 1177 1502; baseline 0 -16"><span class='ocrx_word' id='word_1_89' title='bbox 180 1435 217 1501; x_wconf 87' lang='lat' dir='ltr'>(i)</span> <span class='ocrx_word' id='word_1_90' title='bbox 229 1435 262 1487; x_wconf 91' lang='lat' dir='ltr'>In</span> <span class='ocrx_word' id='word_1_91' title='bbox 275 1434 353 1502; x_wconf 84' lang='lat' dir='ltr'>praxi</span> <span class='ocrx_word' id='word_1_92' title='bbox 370 1435 430 1486; x_wconf 72' lang='lat' dir='ltr'>beo</span> <span class='ocrx_word' id='word_1_93' title='bbox 446 1434 554 1500; x_wconf 86' lang='lat' dir='ltr'>negotia</span> <span class='ocrx_word' id='word_1_94' title='bbox 573 1447 664 1486; x_wconf 85' lang='lat' dir='ltr'>eoram</span> <span class='ocrx_word' id='word_1_95' title='bbox 682 1435 709 1486; x_wconf 84' lang='lat' dir='ltr'>S.</span> <span class='ocrx_word' id='word_1_96' title='bbox 729 1435 942 1500; x_wconf 73' lang='lat' dir='ltr'>congregatione</span> <span class='ocrx_word' id='word_1_97' title='bbox 956 1431 1177 1495; x_wconf 73' lang='lat' dir='ltr'>introducuntur,</span> 
     </span>
     <span class='ocr_line' id='line_1_14' title="bbox 149 1505 1180 1572; baseline -0.001 -14"><span class='ocrx_word' id='word_1_98' title='bbox 149 1505 333 1562; x_wconf 74' lang='lat' dir='ltr'>observatote</span> <span class='ocrx_word' id='word_1_99' title='bbox 346 1506 570 1558; x_wconf 72' lang='lat' dir='ltr'>substantialibus</span> <span class='ocrx_word' id='word_1_100' title='bbox 586 1505 754 1572; x_wconf 80' lang='lat' dir='ltr'>supreeitste</span> <span class='ocrx_word' id='word_1_101' title='bbox 769 1507 864 1572; x_wconf 81' lang='lat' dir='ltr'>torma,</span> <span class='ocrx_word' id='word_1_102' title='bbox 878 1511 960 1571; x_wconf 87' lang='lat' dir='ltr'>prout</span> <span class='ocrx_word' id='word_1_103' title='bbox 975 1505 1068 1558; x_wconf 79' lang='lat' dir='ltr'>videre</span> <span class='ocrx_word' id='word_1_104' title='bbox 1077 1507 1119 1558; x_wconf 85' lang='lat' dir='ltr'>est</span> <span class='ocrx_word' id='word_1_105' title='bbox 1131 1517 1180 1570; x_wconf 87' lang='lat' dir='ltr'>pe-</span> 
     </span>
     <span class='ocr_line' id='line_1_15' title="bbox 150 1577 1045 1644; baseline -0.002 -14"><span class='ocrx_word' id='word_1_106' title='bbox 150 1591 199 1632; x_wconf 84' lang='lat' dir='ltr'>nes</span> <span class='ocrx_word' id='word_1_107' title='bbox 213 1577 343 1630; x_wconf 85' lang='lat' dir='ltr'>Stremter</span> <span class='ocrx_word' id='word_1_108' title='bbox 353 1577 388 1630; x_wconf 88' lang='lat' dir='ltr'>de</span> <span class='ocrx_word' id='word_1_109' title='bbox 400 1589 473 1643; x_wconf 74' lang='lat' dir='ltr'>poen.</span> <span class='ocrx_word' id='word_1_110' title='bbox 488 1577 553 1630; x_wconf 81' lang='lat' dir='ltr'>ecel.</span> <span class='ocrx_word' id='word_1_111' title='bbox 568 1582 640 1643; x_wconf 86' lang='lat' dir='ltr'>pert.</span> <span class='ocrx_word' id='word_1_112' title='bbox 654 1578 679 1642; x_wconf 84' lang='grc'>3,</span> <span class='ocrx_word' id='word_1_113' title='bbox 693 1581 759 1632; x_wconf 81' lang='lat' dir='ltr'>sset.</span> <span class='ocrx_word' id='word_1_114' title='bbox 768 1579 794 1637; x_wconf 75' lang='lat' dir='ltr'>t.</span> <span class='ocrx_word' id='word_1_115' title='bbox 809 1593 832 1630; x_wconf 88' lang='lat' dir='ltr'>e.</span> <span class='ocrx_word' id='word_1_116' title='bbox 850 1580 875 1644; x_wconf 82' lang='lat'>7,</span> <span class='ocrx_word' id='word_1_117' title='bbox 886 1581 938 1630; x_wconf 84' lang='lat' dir='ltr'>ert.</span> <span class='ocrx_word' id='word_1_118' title='bbox 951 1579 967 1630; x_wconf 75' lang='lat'><strong>2</strong></span> <span class='ocrx_word' id='word_1_119' title='bbox 980 1583 1007 1630; x_wconf 87' lang='lat' dir='ltr'>at</span> <span class='ocrx_word' id='word_1_120' title='bbox 1021 1578 1045 1629; x_wconf 88' lang='grc'>3.</span> 
     </span>
    </p>
   </div>
   <div class='ocr_carea' id='block_1_6' title="bbox 149 1743 1179 2002">
    <p class='ocr_par' dir='ltr' id='par_1_6' title="bbox 149 1743 1179 2002">
     <span class='ocr_line' id='line_1_16' title="bbox 185 1743 1179 1822; baseline -0.003 -16"><span class='ocrx_word' id='word_1_121' title='bbox 185 1749 249 1806; x_wconf 81' lang='grc'><strong>930.</strong></span> <span class='ocrx_word' id='word_1_122' title='bbox 281 1749 380 1804; x_wconf 84' lang='lat' dir='ltr'>seerae</span> <span class='ocrx_word' id='word_1_123' title='bbox 407 1743 537 1822; x_wconf 88' lang='lat' dir='ltr'>denique</span> <span class='ocrx_word' id='word_1_124' title='bbox 564 1745 814 1820; x_wconf 74' lang='lat' dir='ltr'>congregationes</span> <span class='ocrx_word' id='word_1_125' title='bbox 838 1745 902 1806; x_wconf 82' lang='lat' dir='ltr'>haee</span> <span class='ocrx_word' id='word_1_126' title='bbox 932 1743 1034 1806; x_wconf 84' lang='lat' dir='ltr'>omnis</span> <span class='ocrx_word' id='word_1_127' title='bbox 1057 1744 1179 1820; x_wconf 84' lang='lat' dir='ltr'>negotia</span> 
     </span>
     <span class='ocr_line' id='line_1_17' title="bbox 149 1832 1179 1912; baseline -0.002 -16"><span class='ocrx_word' id='word_1_128' title='bbox 149 1833 314 1910; x_wconf 85' lang='lat' dir='ltr'>expediunt</span> <span class='ocrx_word' id='word_1_129' title='bbox 328 1833 416 1909; x_wconf 80' lang='lat' dir='ltr'>juxte</span> <span class='ocrx_word' id='word_1_130' title='bbox 430 1849 535 1896; x_wconf 86' lang='lat' dir='ltr'>earum</span> <span class='ocrx_word' id='word_1_131' title='bbox 554 1832 769 1908; x_wconf 83' lang='lat' dir='ltr'>attributiones,</span> <span class='ocrx_word' id='word_1_132' title='bbox 786 1841 816 1895; x_wconf 90' lang='lat' dir='ltr'>et</span> <span class='ocrx_word' id='word_1_133' title='bbox 836 1834 1068 1912; x_wconf 83' lang='lat' dir='ltr'>oompetentiam</span> <span class='ocrx_word' id='word_1_134' title='bbox 1082 1853 1090 1894; x_wconf 86' lang='lat'>:</span> <span class='ocrx_word' id='word_1_135' title='bbox 1104 1849 1179 1894; x_wconf 83' lang='lat' dir='ltr'>nam</span> 
     </span>
     <span class='ocr_line' id='line_1_18' title="bbox 149 1921 1177 2002; baseline -0.002 -18"><span class='ocrx_word' id='word_1_136' title='bbox 149 1923 259 1984; x_wconf 87' lang='lat' dir='ltr'>summi</span> <span class='ocrx_word' id='word_1_137' title='bbox 283 1922 440 1984; x_wconf 79' lang='lat' dir='ltr'>Pontifices</span> <span class='ocrx_word' id='word_1_138' title='bbox 457 1921 581 1998; x_wconf 88' lang='lat' dir='ltr'>singulis</span> <span class='ocrx_word' id='word_1_139' title='bbox 601 1923 885 1998; x_wconf 83' lang='lat' dir='ltr'>congregationibus</span> <span class='ocrx_word' id='word_1_140' title='bbox 903 1924 1060 2002; x_wconf 87' lang='lat' dir='ltr'>proprium</span> <span class='ocrx_word' id='word_1_141' title='bbox 1079 1939 1177 1999; x_wconf 89' lang='lat' dir='ltr'>nego·</span> 
     </span>
    </p>
   </div>
   <div class='ocr_carea' id='block_1_7' title="bbox 149 2011 1179 2088">
    <p class='ocr_par' dir='ltr' id='par_1_7' title="bbox 149 2011 1179 2088">
     <span class='ocr_line' id='line_1_19' title="bbox 149 2011 1179 2088; baseline 0 -16"><span class='ocrx_word' id='word_1_142' title='bbox 149 2011 259 2072; x_wconf 70' lang='lat' dir='ltr'>tionum</span> <span class='ocrx_word' id='word_1_143' title='bbox 272 2028 368 2088; x_wconf 85' lang='lat' dir='ltr'>genus</span> <span class='ocrx_word' id='word_1_144' title='bbox 382 2011 581 2088; x_wconf 80' lang='lat' dir='ltr'>assignarunt,</span> <span class='ocrx_word' id='word_1_145' title='bbox 597 2017 661 2072; x_wconf 92' lang='lat' dir='ltr'>tum</span> <span class='ocrx_word' id='word_1_146' title='bbox 675 2017 707 2071; x_wconf 92' lang='lat' dir='ltr'>ut</span> <span class='ocrx_word' id='word_1_147' title='bbox 721 2012 882 2074; x_wconf 79' lang='lat' dir='ltr'>evitaretur</span> <span class='ocrx_word' id='word_1_148' title='bbox 900 2011 1047 2085; x_wconf 83' lang='lat' dir='ltr'>confusio,</span> <span class='ocrx_word' id='word_1_149' title='bbox 1063 2018 1129 2072; x_wconf 89' lang='lat' dir='ltr'>tum</span> <span class='ocrx_word' id='word_1_150' title='bbox 1145 2019 1179 2072; x_wconf 90' lang='lat' dir='ltr'>ut</span> 
     </span>
    </p>
   </div>
   <div class='ocr_carea' id='block_1_8' title="bbox 148 2099 1279 2178">
    <p class='ocr_par' dir='ltr' id='par_1_8' title="bbox 148 2099 1279 2178">
     <span class='ocr_line' id='line_1_20' title="bbox 148 2099 1279 2178; baseline 0 -17"><span class='ocrx_word' id='word_1_151' title='bbox 148 2099 269 2178; x_wconf 86' lang='lat' dir='ltr'>negotia</span> <span class='ocrx_word' id='word_1_152' title='bbox 281 2099 398 2174; x_wconf 84' lang='lat' dir='ltr'>metius,</span> <span class='ocrx_word' id='word_1_153' title='bbox 413 2106 443 2160; x_wconf 91' lang='lat' dir='ltr'>et</span> <span class='ocrx_word' id='word_1_154' title='bbox 456 2100 582 2160; x_wconf 77' lang='lat' dir='ltr'>ceterius</span> <span class='ocrx_word' id='word_1_155' title='bbox 597 2099 819 2176; x_wconf 80' lang='lat' dir='ltr'>expedirentur,</span> <span class='ocrx_word' id='word_1_156' title='bbox 841 2116 912 2160; x_wconf 89' lang='lat' dir='ltr'>oum</span> <span class='ocrx_word' id='word_1_157' title='bbox 924 2101 955 2160; x_wconf 93' lang='lat' dir='ltr'>in</span> <span class='ocrx_word' id='word_1_158' title='bbox 976 2100 1175 2166; x_wconf 82' lang='lat' dir='ltr'>determinato</span> <span class='ocrx_word' id='word_1_159' title='bbox 1278 2099 1279 2125; x_wconf 63' lang='lat'>³</span> 
     </span>
    </p>
   </div>
   <div class='ocr_carea' id='block_1_9' title="bbox 148 2179 1178 2356">
    <p class='ocr_par' dir='ltr' id='par_1_9' title="bbox 148 2179 1178 2356">
     <span class='ocr_line' id='line_1_21' title="bbox 148 2179 1178 2267; baseline 0 -17"><span class='ocrx_word' id='word_1_160' title='bbox 148 2205 259 2266; x_wconf 85' lang='lat' dir='ltr'>genere</span> <span class='ocrx_word' id='word_1_161' title='bbox 282 2179 397 2250; x_wconf 78' lang='lat' dir='ltr'>isoiliu&#39;s</span> <span class='ocrx_word' id='word_1_162' title='bbox 420 2189 668 2266; x_wconf 80' lang='lat' dir='ltr'>pereuntinuam</span> <span class='ocrx_word' id='word_1_163' title='bbox 693 2190 821 2266; x_wconf 84' lang='lat' dir='ltr'>praxim,</span> <span class='ocrx_word' id='word_1_164' title='bbox 846 2195 936 2267; x_wconf 88' lang='lat' dir='ltr'>atque</span> <span class='ocrx_word' id='word_1_165' title='bbox 959 2189 1178 2266; x_wconf 83' lang='lat' dir='ltr'>experientiam</span> 
     </span>
     <span class='ocr_line' id='line_1_22' title="bbox 148 2276 1177 2356; baseline 0 -17"><span class='ocrx_word' id='word_1_166' title='bbox 148 2276 353 2355; x_wconf 88' lang='lat' dir='ltr'>promptitudo</span> <span class='ocrx_word' id='word_1_167' title='bbox 373 2278 412 2338; x_wconf 87' lang='lat' dir='ltr'>ad</span> <span class='ocrx_word' id='word_1_168' title='bbox 432 2277 553 2356; x_wconf 87' lang='lat' dir='ltr'>negotia</span> <span class='ocrx_word' id='word_1_169' title='bbox 575 2278 707 2354; x_wconf 82' lang='lat' dir='ltr'>gerenda</span> <span class='ocrx_word' id='word_1_170' title='bbox 724 2279 904 2354; x_wconf 76' lang='lat' dir='ltr'>adquiratur.</span> <span class='ocrx_word' id='word_1_171' title='bbox 923 2283 987 2340; x_wconf 82' lang='lat' dir='ltr'>Hoc</span> <span class='ocrx_word' id='word_1_172' title='bbox 1011 2285 1111 2339; x_wconf 85' lang='lat' dir='ltr'>tamen</span> <span class='ocrx_word' id='word_1_173' title='bbox 1137 2279 1177 2339; x_wconf 90' lang='lat' dir='ltr'>ob</span> 
     </span>
    </p>
   </div>
   <div class='ocr_carea' id='block_1_10' title="bbox 114 2365 1275 2446">
    <p class='ocr_par' dir='ltr' id='par_1_10' title="bbox 114 2365 1275 2446">
     <span class='ocr_line' id='line_1_23' title="bbox 114 2365 1275 2446; baseline -0.001 -18"><span class='ocrx_word' id='word_1_174' title='bbox 114 2371 122 2384; x_wconf 91' lang='grc'><em>“</em></span> <span class='ocrx_word' id='word_1_175' title='bbox 148 2367 337 2444; x_wconf 86' lang='lat' dir='ltr'>negotiorum</span> <span class='ocrx_word' id='word_1_176' title='bbox 348 2365 532 2440; x_wconf 85' lang='lat' dir='ltr'>affinitatem,</span> <span class='ocrx_word' id='word_1_177' title='bbox 547 2373 578 2426; x_wconf 90' lang='lat' dir='ltr'>et</span> <span class='ocrx_word' id='word_1_178' title='bbox 590 2366 725 2426; x_wconf 87' lang='lat' dir='ltr'>diversos</span> <span class='ocrx_word' id='word_1_179' title='bbox 746 2377 851 2442; x_wconf 81' lang='lat' dir='ltr'>eorum</span> <span class='ocrx_word' id='word_1_180' title='bbox 864 2375 1019 2446; x_wconf 80' lang='lat' dir='ltr'>respectus</span> <span class='ocrx_word' id='word_1_181' title='bbox 1032 2385 1091 2428; x_wconf 92' lang='lat' dir='ltr'>non</span> <span class='ocrx_word' id='word_1_182' title='bbox 1107 2375 1177 2444; x_wconf 91' lang='lat' dir='ltr'>pot·</span> <span class='ocrx_word' id='word_1_183' title='bbox 1274 2409 1275 2420; x_wconf 56' lang='lat'>2</span> 
     </span>
    </p>
   </div>
   <div class='ocr_carea' id='block_1_11' title="bbox 148 2455 1177 2623">
    <p class='ocr_par' dir='ltr' id='par_1_11' title="bbox 148 2455 1177 2623">
     <span class='ocr_line' id='line_1_24' title="bbox 148 2455 1176 2533; baseline 0.001 -16"><span class='ocrx_word' id='word_1_184' title='bbox 148 2463 194 2518; x_wconf 88' lang='lat' dir='ltr'>est</span> <span class='ocrx_word' id='word_1_185' title='bbox 207 2455 248 2517; x_wconf 81' lang='lat' dir='ltr'>ita</span> <span class='ocrx_word' id='word_1_186' title='bbox 261 2457 393 2532; x_wconf 81' lang='lat' dir='ltr'>perfeeto</span> <span class='ocrx_word' id='word_1_187' title='bbox 408 2455 484 2530; x_wconf 86' lang='lat' dir='ltr'>fleri,</span> <span class='ocrx_word' id='word_1_188' title='bbox 502 2461 536 2514; x_wconf 91' lang='lat' dir='ltr'>ut</span> <span class='ocrx_word' id='word_1_189' title='bbox 557 2455 685 2530; x_wconf 90' lang='lat' dir='ltr'>rigorosi</span> <span class='ocrx_word' id='word_1_190' title='bbox 698 2455 895 2518; x_wconf 86' lang='lat' dir='ltr'>attribuantur</span> <span class='ocrx_word' id='word_1_191' title='bbox 918 2457 1026 2533; x_wconf 84' lang='lat' dir='ltr'>cuique</span> <span class='ocrx_word' id='word_1_192' title='bbox 1043 2461 1176 2533; x_wconf 89' lang='lat' dir='ltr'>congre-</span> 
     </span>
     <span class='ocr_line' id='line_1_25' title="bbox 148 2543 1177 2623; baseline 0 -18"><span class='ocrx_word' id='word_1_193' title='bbox 148 2545 260 2623; x_wconf 86' lang='lat' dir='ltr'>gationi</span> <span class='ocrx_word' id='word_1_194' title='bbox 292 2543 409 2604; x_wconf 84' lang='lat' dir='ltr'>termini</span> <span class='ocrx_word' id='word_1_195' title='bbox 437 2563 443 2603; x_wconf 96' lang='lat'><strong>:</strong></span> <span class='ocrx_word' id='word_1_196' title='bbox 469 2551 609 2617; x_wconf 73' lang='lat' dir='ltr'>nam-ut</span> <span class='ocrx_word' id='word_1_197' title='bbox 631 2546 694 2620; x_wconf 82' lang='lat' dir='ltr'>J&#39;am</span> <span class='ocrx_word' id='word_1_198' title='bbox 717 2545 855 2618; x_wconf 89' lang='lat' dir='ltr'>vidimus,</span> <span class='ocrx_word' id='word_1_199' title='bbox 881 2544 961 2606; x_wconf 89' lang='lat' dir='ltr'>idem</span> <span class='ocrx_word' id='word_1_200' title='bbox 981 2545 1177 2621; x_wconf 84' lang='lat' dir='ltr'>negotiume</span> 
     </span>
    </p>
   </div>
   <div class='ocr_carea' id='block_1_12' title="bbox 148 2632 1272 2711">
    <p class='ocr_par' dir='ltr' id='par_1_12' title="bbox 148 2632 1272 2711">
     <span class='ocr_line' id='line_1_26' title="bbox 148 2632 1272 2711; baseline -0.005 -15"><span class='ocrx_word' id='word_1_201' title='bbox 148 2633 274 2697; x_wconf 87' lang='lat' dir='ltr'>diversis</span> <span class='ocrx_word' id='word_1_202' title='bbox 300 2632 584 2710; x_wconf 80' lang='lat' dir='ltr'>congregationibus</span> <span class='ocrx_word' id='word_1_203' title='bbox 604 2640 703 2710; x_wconf 90' lang='lat' dir='ltr'>potest</span> <span class='ocrx_word' id='word_1_204' title='bbox 721 2633 902 2711; x_wconf 88' lang='lat' dir='ltr'>quandoque</span> <span class='ocrx_word' id='word_1_205' title='bbox 920 2634 1046 2694; x_wconf 86' lang='lat' dir='ltr'>definiri.</span> <span class='ocrx_word' id='word_1_206' title='bbox 1067 2640 1178 2695; x_wconf 85' lang='lat' dir='ltr'>Verum</span> <span class='ocrx_word' id='word_1_207' title='bbox 1270 2675 1272 2690; x_wconf 81' lang='lat'><em>.</em></span> 
     </span>
    </p>
   </div>
   <div class='ocr_carea' id='block_1_13' title="bbox 148 2721 1179 3065">
    <p class='ocr_par' dir='ltr' id='par_1_13' title="bbox 148 2721 1179 3065">
     <span class='ocr_line' id='line_1_27' title="bbox 149 2721 1179 2798; baseline 0.001 -16"><span class='ocrx_word' id='word_1_208' title='bbox 149 2722 363 2782; x_wconf 84' lang='lat' dir='ltr'>attendendum</span> <span class='ocrx_word' id='word_1_209' title='bbox 389 2730 445 2795; x_wconf 81' lang='lat' dir='ltr'>est,</span> <span class='ocrx_word' id='word_1_210' title='bbox 470 2721 552 2798; x_wconf 89' lang='lat' dir='ltr'>quod</span> <span class='ocrx_word' id='word_1_211' title='bbox 570 2721 773 2798; x_wconf 81' lang='lat' dir='ltr'>supplicantes</span> <span class='ocrx_word' id='word_1_212' title='bbox 792 2722 830 2781; x_wconf 85' lang='lat' dir='ltr'>ab</span> <span class='ocrx_word' id='word_1_213' title='bbox 854 2739 915 2782; x_wconf 82' lang='lat' dir='ltr'>une</span> <span class='ocrx_word' id='word_1_214' title='bbox 939 2723 1179 2798; x_wconf 85' lang='lat' dir='ltr'>congregatione</span> 
     </span>
     <span class='ocr_line' id='line_1_28' title="bbox 149 2809 1179 2886; baseline 0.003 -17"><span class='ocrx_word' id='word_1_215' title='bbox 149 2809 271 2884; x_wconf 81' lang='lat' dir='ltr'>dimissi,</span> <span class='ocrx_word' id='word_1_216' title='bbox 287 2816 439 2886; x_wconf 88' lang='lat' dir='ltr'>nequeunt</span> <span class='ocrx_word' id='word_1_217' title='bbox 456 2809 582 2886; x_wconf 79' lang='lat' dir='ltr'>mnplius</span> <span class='ocrx_word' id='word_1_218' title='bbox 595 2809 634 2869; x_wconf 87' lang='lat' dir='ltr'>ad</span> <span class='ocrx_word' id='word_1_219' title='bbox 647 2809 735 2870; x_wconf 86' lang='lat' dir='ltr'>aliem</span> <span class='ocrx_word' id='word_1_220' title='bbox 748 2827 915 2885; x_wconf 80' lang='lat' dir='ltr'>recurrere,</span> <span class='ocrx_word' id='word_1_221' title='bbox 933 2828 952 2869; x_wconf 88' lang='lat' dir='ltr'>a</span> <span class='ocrx_word' id='word_1_222' title='bbox 971 2828 1040 2886; x_wconf 84' lang='lat' dir='ltr'>qne,</span> <span class='ocrx_word' id='word_1_223' title='bbox 1059 2810 1084 2869; x_wconf 90' lang='lat' dir='ltr'>si</span> <span class='ocrx_word' id='word_1_224' title='bbox 1097 2811 1179 2872; x_wconf 75' lang='lat' dir='ltr'>toste</span> 
     </span>
     <span class='ocr_line' id='line_1_29' title="bbox 148 2897 1174 2976; baseline 0 -18"><span class='ocrx_word' id='word_1_225' title='bbox 148 2898 306 2972; x_wconf 79' lang='lat' dir='ltr'>indultum,</span> <span class='ocrx_word' id='word_1_226' title='bbox 319 2899 367 2958; x_wconf 85' lang='lat' dir='ltr'>rel</span> <span class='ocrx_word' id='word_1_227' title='bbox 379 2898 505 2974; x_wconf 84' lang='lat' dir='ltr'>gratiam</span> <span class='ocrx_word' id='word_1_228' title='bbox 524 2897 715 2976; x_wconf 87' lang='lat' dir='ltr'>obtinuerint,</span> <span class='ocrx_word' id='word_1_229' title='bbox 728 2915 764 2960; x_wconf 86' lang='lat' dir='ltr'>ee</span> <span class='ocrx_word' id='word_1_230' title='bbox 777 2901 858 2959; x_wconf 86' lang='lat' dir='ltr'>nulia</span> <span class='ocrx_word' id='word_1_231' title='bbox 872 2905 902 2960; x_wconf 89' lang='lat' dir='ltr'>et</span> <span class='ocrx_word' id='word_1_232' title='bbox 918 2899 1028 2960; x_wconf 88' lang='lat' dir='ltr'>nullius</span> <span class='ocrx_word' id='word_1_233' title='bbox 1047 2901 1174 2960; x_wconf 82' lang='lat' dir='ltr'>effeetus</span> 
     </span>
     <span class='ocr_line' id='line_1_30' title="bbox 148 2985 677 3065; baseline -0.002 -17"><span class='ocrx_word' id='word_1_234' title='bbox 148 2993 204 3062; x_wconf 77' lang='lat' dir='ltr'>est,</span> <span class='ocrx_word' id='word_1_235' title='bbox 220 2986 277 3048; x_wconf 92' lang='lat' dir='ltr'>nisi</span> <span class='ocrx_word' id='word_1_236' title='bbox 289 2987 401 3052; x_wconf 80' lang='lat' dir='ltr'>tectum</span> <span class='ocrx_word' id='word_1_237' title='bbox 415 2985 635 3065; x_wconf 86' lang='lat' dir='ltr'>exposuerint(</span> <span class='ocrx_word' id='word_1_238' title='bbox 654 2991 677 3058; x_wconf 87' lang='lat'>).</span> 
     </span>
    </p>
   </div>
   <div class='ocr_carea' id='block_1_14' title="bbox 178 3130 1173 3205">
    <p class='ocr_par' dir='ltr' id='par_1_14' title="bbox 178 3130 1173 3205">
     <span class='ocr_line' id='line_1_31' title="bbox 178 3130 1173 3205; baseline 0.006 -21"><span class='ocrx_word' id='word_1_239' title='bbox 178 3132 214 3199; x_wconf 90' lang='lat' dir='ltr'>(t)</span> <span class='ocrx_word' id='word_1_240' title='bbox 228 3133 287 3186; x_wconf 88' lang='lat' dir='ltr'>Bnl.</span> <span class='ocrx_word' id='word_1_241' title='bbox 302 3130 333 3186; x_wconf 81' lang='lat' dir='ltr'>Ut</span> <span class='ocrx_word' id='word_1_242' title='bbox 346 3139 506 3190; x_wconf 77' lang='lat' dir='ltr'>occurratur</span> <span class='ocrx_word' id='word_1_243' title='bbox 521 3135 671 3188; x_wconf 84' lang='lat' dir='ltr'>iunocentii</span> <span class='ocrx_word' id='word_1_244' title='bbox 684 3135 748 3188; x_wconf 85' lang='lat' dir='ltr'><strong>XII.</strong></span> <span class='ocrx_word' id='word_1_245' title='bbox 763 3135 901 3202; x_wconf 75' lang='lat' dir='ltr'>Altaque</span> <span class='ocrx_word' id='word_1_246' title='bbox 921 3134 956 3188; x_wconf 83' lang='lat' dir='ltr'>sd</span> <span class='ocrx_word' id='word_1_247' title='bbox 971 3149 1064 3188; x_wconf 84' lang='lat' dir='ltr'>saeros</span> <span class='ocrx_word' id='word_1_248' title='bbox 1088 3137 1173 3205; x_wconf 83' lang='lat' dir='ltr'>Pepae</span> 
     </span>
    </p>
   </div>
   <div class='ocr_carea' id='block_1_15' title="bbox 147 3203 1174 3341">
    <p class='ocr_par' dir='ltr' id='par_1_15' title="bbox 147 3203 1174 3341">
     <span class='ocr_line' id='line_1_32' title="bbox 147 3203 1174 3328; baseline 0.005 -71"><span class='ocrx_word' id='word_1_249' title='bbox 147 3203 375 3328; x_wconf 55' lang='grc' dir='ltr'>(ἶοηῑςῶῗμῑίοῐιοε</span> <span class='ocrx_word' id='word_1_250' title='bbox 390 3207 620 3270; x_wconf 81' lang='lat' dir='ltr'>partinentvidari</span> <span class='ocrx_word' id='word_1_251' title='bbox 633 3210 851 3273; x_wconf 81' lang='lat' dir='ltr'>potaruntpenes</span> <span class='ocrx_word' id='word_1_252' title='bbox 866 3207 997 3260; x_wconf 87' lang='lat' dir='ltr'>Stremier</span> <span class='ocrx_word' id='word_1_253' title='bbox 1006 3209 1051 3260; x_wconf 86' lang='lat' dir='ltr'>eit.</span> <span class='ocrx_word' id='word_1_254' title='bbox 1063 3213 1136 3275; x_wconf 87' lang='lat' dir='ltr'>part.</span> <span class='ocrx_word' id='word_1_255' title='bbox 1150 3211 1174 3262; x_wconf 89' lang='grc'>3.</span> 
     </span>
     <span class='ocr_line' id='line_1_33' title="bbox 152 3289 261 3341; baseline 0.009 -14"><span class='ocrx_word' id='word_1_256' title='bbox 152 3289 202 3341; x_wconf 88' lang='lat' dir='ltr'>per</span> <span class='ocrx_word' id='word_1_257' title='bbox 254 3315 261 3328; x_wconf 93' lang='lat'><strong>.</strong></span> 
     </span>
    </p>
   </div>
   <div class='ocr_carea' id='block_1_16' title="bbox 454 3571 874 3617">
    <p class='ocr_par' dir='ltr' id='par_1_16' title="bbox 454 3571 874 3617">
     <span class='ocr_line' id='line_1_34' title="bbox 454 3571 874 3617; baseline 0.019 -8"><span class='ocrx_word' id='word_1_258' title='bbox 454 3571 524 3611; x_wconf 74' lang='lat' dir='ltr'><strong>FINIS</strong></span> <span class='ocrx_word' id='word_1_259' title='bbox 537 3573 609 3613; x_wconf 68' lang='grc' dir='ltr'>ΜΒΝ</span> <span class='ocrx_word' id='word_1_260' title='bbox 623 3575 713 3615; x_wconf 75' lang='lat' dir='ltr'>rsnrn</span> <span class='ocrx_word' id='word_1_261' title='bbox 728 3575 763 3615; x_wconf 72' lang='lat' dir='ltr'>br</span> <span class='ocrx_word' id='word_1_262' title='bbox 775 3577 874 3617; x_wconf 77' lang='lat' dir='ltr'>utrm.</span> 
     </span>
    </p>
   </div>
   <div class='ocr_carea' id='block_1_17' title="bbox 0 0 1284 4080">
    <p class='ocr_par' dir='ltr' id='par_1_17' title="bbox 0 0 1284 4080">
     <span class='ocr_line' id='line_1_35' title="bbox 0 0 1284 4080; baseline 0 0"><span class='ocrx_word' id='word_1_263' title='bbox 0 0 1284 4080; x_wconf 95' lang='lat' dir='ltr'> </span> 
     </span>
    </p>
   </div>
  </div>
 </body>
</html>
