2426 4070
574 214 733 270 ..flo-

123 349 198 389 61661
211 337 349 402 coquatur,
363 334 453 389 661616
466 337 627 388 revocantur
642 336 669 387 in
681 336 834 401 pristinum,
849 335 878 388 61
889 337 1004 402 uterque
1017 348 1143 402 sponsus,

125 409 198 474 qued
211 409 332 460 nascitur
347 408 493 472 accepisse,
507 408 634 460 restituit.
649 433 676 446 -
687 409 723 473 (a)
736 407 796 458 Bul.
810 405 859 460 lici
872 408 1054 462 miseratione.
1069 409 1146 473 -161

126 479 268 530 Rationem
284 479 366 545 bujus
378 477 557 532 conclusionis
570 479 700 530 adversus
709 479 848 544 quosdam,
863 479 910 544 qui
922 481 1088 531 contrarium
1103 481 1147 531 do·

126 553 196 608 cent,
213 549 241 600 16
254 563 287 600 66
300 550 441 613 edicimus,
454 549 526 615 quod
548 549 680 615 professio
697 547 823 616 religiosa
842 550 939 602 fortius
953 550 1146 602 1166616616-

127 618 210 680 ducit,
233 635 314 686 quem
336 620 537 672 matrimonium
561 625 729 682 161661,1661
754 621 856 672 ratione
878 620 1065 685 promissionis
1093 622 1147 673 Deo

126 698 299 756 nuncupate,
314 697 371 743 tum
383 693 485 744 ratione
502 694 592 742 status
608 691 785 758 perfectioris.
800 694 835 743 Α1
847 691 1023 744 nibilominus
1033 707 1067 744 ex
1077 699 1150 759 pote·
1186 688 1189 697 '

128 767 197 815 state
208 763 337 816 divinitus
347 769 459 828 accepta
467 764 494 813 16
505 763 671 827 professione
681 765 790 828 religios
797 763 887 816 elicita
896 767 923 814 et
930 764 1019 816 valide
1027 778 1150 816 summus

127 833 253 886 Pontifex
266 835 413 900 dispensat,
426 839 456 884 ut
470 833 541 900 apud
552 847 645 886 661666
657 835 685 886 16
704 835 825 886 66616666
840 837 897 894 661;
918 848 999 887 eccur
1016 849 1082 902 ergo
1097 849 1150 886 666

128 906 228 970 poterit
241 907 269 957 in
283 905 563 958 matrimoniatantum
578 909 635 956 rato
649 904 822 972 dispensaret
832 904 884 957 Sed
895 907 1151 972 insuperprofessio
1193 919 1194 926 ¹

128 975 257 1041 religiosa
270 977 350 1030 solvit
367 977 568 1027 matrimonium
583 979 670 1027 ratum
682 990 735 1028 666
746 990 778 1028 ex
789 978 851 1041 jure
865 975 965 1040 divino,
982 977 1076 1029 661611
1089 979 1151 1043 jure
1194 987 1196 1000 ’

127 1047 318 1107 6661661661166,
333 1048 405 1113 quod
419 1047 517 1098 6661161
532 1047 668 1100 Ρ66111616
686 1048 844 1099 auctoritate
861 1049 1051 1107 constituitur;
1070 1062 1153 1101 eccur

130 1133 194 1186 ergo
209 1120 376 1186 conpulerit
395 1131 517 1170 summus
531 1119 653 1170 Pontifex
667 1119 761 1172 eadem
772 1133 821 1170 sua
837 1121 996 1172 auctoritate
1012 1121 1041 1172 16
1054 1119 1152 1170 matri-

130 1191 221 1243 monio
235 1194 339 1242 1661661
355 1195 412 1242 1616
436 1189 615 1255 dispensaret
632 1191 722 1252 Quare
735 1191 831 1243 merito
845 1195 916 1242 66661
930 1190 1154 1257 reprehensibilis
1198 1202 1199 1270 1

131 1263 178 1328 qui
194 1263 227 1314 de
249 1261 300 1313 bac
314 1261 413 1313 summi
429 1261 566 1312 Pontificio
582 1262 737 1312 auctoritate
759 1261 904 1320 dubitaret,
919 1275 981 1313 cum
999 1275 1032 1313 ea
1046 1266 1154 1313 veteres
1199 1304 1200 1358 ,

131 1333 276 1386 Pontifices
292 1333 335 1385 usi
355 1333 418 1391 sint,
438 1337 464 1384 et
476 1333 630 1396 nuperrime
643 1332 803 1383 immortalis
817 1337 909 1384 noster
923 1334 989 1384 Pius
1009 1333 1086 1396 Papa
1103 1332 1153 1392 ix,
1199 1363 1200 1368 .

133 1406 250 1456 similem
269 1403 496 1470 dispensationem
506 1403 669 1455 concesserit
682 1416 752 1456 anno
772 1402 1152 1455 1811.Α661.161.Ρ661.661.
1200 1406 1201 1460 1

131 1476 156 1541 i,
167 1489 228 1542 pag.
248 1476 315 1526 1816.
334 1474 406 1526 Rara
419 1474 528 1540 quidem
541 1480 582 1525 est
595 1474 692 1526 solutio
714 1475 878 1526 matrimonii
897 1476 948 1526 rati
962 1475 997 1526 ob
1011 1475 1155 1540 professio·
1201 1507 1202 1543 ,

131 1561 195 1598 nem
216 1546 379 1609 religiosam,
398 1545 462 1610 quie
476 1544 592 1596 difficilis
615 1550 657 1598 est
679 1546 801 1610 probatio
821 1546 1009 1606 conduentim3
1030 1546 1080 1598 scd
1094 1557 1156 1596 rara

132 1619 214 1670 etiam
225 1622 266 1668 est
277 1615 311 1666 ob
326 1615 562 1688 dispensationem,
579 1618 644 1682 quia
657 1619 757 1682 preater
771 1615 892 1669 eamdem
907 1617 1078 1668 continentiae
1093 1629 1154 1682 pro·
1202 1610 1203 1644 ³

132 1688 279 1750 bationem,
301 1685 449 1750 requiritur
471 1686 559 1736 adbuc
576 1687 666 1750 gravis
684 1693 710 1738 et
725 1689 800 1753 justa
823 1687 998 1753 dispensandi
1018 1699 1109 1738 cansa.
1125 1714 1156 1724 -
1203 1713 1204 1716 ¹

133 1759 170 1824 (l)
182 1758 347 1810 Benedictus
368 1756 434 1808 XIV
454 1757 482 1808 ia
499 1757 555 1808 bul.
570 1754 620 1808 liei
637 1758 811 1811 miseratione
827 1758 936 1811 modum
949 1757 1112 1822 procedendi
1128 1758 1156 1809 16

134 1830 270 1882 similibus
289 1826 379 1879 causis
397 1828 562 1893 praescribit,
580 1835 607 1880 at
621 1829 679 1880 heac
693 1829 762 1881 inter
780 1830 834 1881 alie
851 1830 984 1895 praecipit.
998 1835 1028 1880 ut
1042 1831 1070 1880 in
1087 1843 1156 1895 qua-

132 1915 247 1966 cumque
261 1899 372 1952 dioeoesi
386 1900 501 1964 eligatur
513 1900 641 1951 Defensor
655 1901 897 1965 matrimoniorum,
909 1902 965 1966 qui,
980 1901 1003 1952 si
1025 1900 1084 1950 lieri
1098 1906 1155 1966 pot-

134 1977 186 2036 est,
201 1972 236 2024 sit
254 1973 295 2022 vir
309 1970 516 2029 ecclesiasticus,
531 1976 557 2022 et
566 1974 803 2035 teneaturjuratus
815 1973 977 2024 matrimonii
988 1971 1157 2022 validitatem

135 2045 209 2097 omni
228 2042 334 2094 meliori
354 2042 433 2093 modo
456 2041 618 2103 defendere3
640 2048 671 2093 ut
691 2048 827 2108 nequeant
846 2045 977 2108 conjuges
993 2044 1158 2095 divertentes

135 2116 239 2180 absque
252 2114 412 2178 polygamiae
425 2113 513 2179 poenis
531 2113 605 2164 aliud
624 2115 781 2166 contrahere
799 2115 1008 2176 matrimonium,
1026 2114 1080 2164 nisi
1098 2117 1160 2177 post

135 2187 204 2238 duas
217 2185 369 2236 conformes
382 2185 528 2235 sententias
541 2185 683 2236 solutionis
697 2185 792 2250 primia
804 2192 831 2237 et
843 2193 869 2236 ut
886 2199 902 2236 6
915 2187 1003 2251 prima
1017 2185 1160 2236 solutionis

135 2256 269 2308 sententia
283 2258 406 2305 teneatur
419 2269 452 2306 ex
466 2254 552 2306 officio
563 2256 703 2320 appellare
715 2256 943 2312 matrimoniorum
956 2257 1095 2308 Defensor.
1106 2256 1159 2307 Sed

135 2326 274 2395 praedictae
288 2325 349 2376 1616
363 2327 504 2378 sententiae
519 2327 678 2387 conformes,
693 2340 754 2392 quae
776 2333 889 2392 possunt
910 2327 1062 2379 executioni
1082 2342 1159 2378 man·

136 2399 205 2458 dari,
220 2411 368 2462 numquam
388 2397 568 2448 transeuntia
589 2411 645 2448 1661
663 2397 811 2463 judicatam
824 2417 831 2459 ς
845 2397 916 2449 11616
931 2399 953 2449 61
968 2403 1097 2465 appareat
1110 2401 1159 2449 im-

135 2473 275 2536 posterum
290 2469 343 2520 166
356 2468 443 2532 prima
452 2468 559 2519 divortii
570 2467 674 2532 iudicia
693 2469 769 2520 falsis
779 2469 829 2520 niti
842 2469 1055 2534 probationibus,
1066 2470 1161 2520 matri·

135 2540 256 2592 monium
270 2541 312 2590 est
332 2538 577 2604 redintegrandum,
592 2553 755 2606 quamquam
768 2542 896 2606 conjuges
906 2542 964 2604 jam
978 2539 1012 2590 ad
1026 2539 1160 2592 6116666-

137 2611 209 2678 ptias
224 2611 403 2662 transiverint.
425 2609 488 2676 Cap.
506 2611 534 2661 10
546 2613 572 2660 61
589 2609 614 2660 11
635 2611 668 2660 16
685 2616 753 2662 sent.
774 2616 800 2661 et
819 2612 920 2675 rejud.
934 2624 994 2676 cap.
1009 2613 1023 2662 5
1045 2616 1072 2662 et
1088 2612 1112 2671 6,
1127 2613 1161 2663 16

139 2683 199 2746 frig.
216 2687 243 2733 et
256 2682 345 2733 malef.
362 2681 427 2732 Post
441 2681 508 2732 duas
529 2682 679 2732 6661611666
698 2683 845 2734 6661661166
859 2690 958 2744 tamem
974 2687 1000 2732 61
1015 2688 1076 2746 post
1089 2696 1160 2734 mor-

143 2759 198 2804 1616
211 2756 364 2819 conjugum,
376 2766 468 2804 eorum
482 2752 605 2804 haeredes
618 2767 672 2804 1166
685 2754 863 2804 616111166161
874 2754 907 2804 61
923 2753 1055 2817 agendum
1069 2760 1162 2805 contra

143 2824 250 2876 easdem
276 2825 431 2876 6661661166.
453 2823 480 2875 S.
495 2825 578 2888 (long.
594 2824 715 2884 Caecilii,
735 2825 765 2876 in
777 2839 831 2876 una
843 2824 959 2878 fannon.
982 2825 1010 2876 17
1030 2826 1159 2890 septemb.

141 2895 211 2948 tata.
229 2895 339 2947 Ricther
352 2895 396 2946 cit.
413 2896 462 2947 loc.
477 2909 504 2946 6.
523 2895 574 2948 tat.

178 3139 242 3196 131.
257 3133 473 3196 llatrimonium
483 3135 612 3212 denique
624 3142 864 3198 consummatum
881 3135 1083 3206 indissolubile
1107 3153 1165 3198 om·

144 3225 215 3286 nino
230 3231 284 3297 est,
299 3223 468 3298 6161161ρί66
481 3241 584 3285 casum
596 3225 712 3299 mortis,
721 3225 750 3285 in
767 3242 827 3301 quo
841 3225 1033 3301 extinguitur,
1048 3232 1166 3303 611116-

145 3316 257 3376 dictum
271 3313 540 3374 6666166661661166
556 3313 714 3390 judicialis,
729 3315 758 3373 16
774 3331 833 3390 quo
847 3330 907 3373 666
923 3313 1103 3388 dissolvitur,
1114 3315 1164 3376 scd

146 3411 262 3466 1661616
281 3405 448 3464 1661616161
467 3411 572 3478 suapte
587 3409 693 3463 natura
707 3402 892 3490 dissolutum.
910 3409 991 3463 11666
1009 3403 1167 3464 161166616-

142 3494 287 3556 bilitatem
296 3495 345 3571 jus
368 3492 501 3553 divinum
522 3492 598 3552 adeo
617 3491 772 3554 manifeste
794 3492 937 3566 decernit,
955 3498 988 3553 61
1009 3495 1108 3554 661166
1130 3493 1167 3554 611

146 3584 315 3670 ambigendi
328 3586 423 3650 locus.
444 3582 591 3648 babemus
614 3583 749 3664 protecto
770 3581 926 3665 urnasque
941 3581 1032 3648 divini
1046 3582 1167 3648 toedeiis
