2560 4080
614 200 772 259 ..m-

170 324 206 377 tis
219 323 383 386 canonibus,
399 335 508 390 sempor
527 323 676 388 omnent,
692 327 721 376 et
735 320 899 388 reprobavit.
924 320 990 374 Gan.
1001 317 1036 372 20
1049 333 1073 374 c.
1088 319 1109 386 1,
1128 333 1156 387 q.
1172 321 1197 373 6.
1270 329 1271 338 ’

169 396 236 448 Gan.
249 396 274 458 7,
288 395 317 446 21
333 397 361 446 et
373 395 414 459 19,
429 409 452 448 c.
469 395 494 458 1,
510 409 538 462 q.
553 397 577 458 5,
593 400 621 450 et
639 409 699 460 cap.
713 396 738 454 8,
756 395 790 446 de
803 407 880 459 purg.
892 405 953 445 can.
979 392 1077 445 Devoti
1088 391 1136 444 loc.
1150 392 1198 444 cit

168 465 228 534 130,
239 468 268 518 in
277 469 333 517 not.
342 493 374 504 -
385 467 421 530 (1)
432 466 498 532 Gap.
509 467 556 527 3„o
566 467 628 526 ete.
639 466 673 520 do
682 470 844 532 praesumpt.
854 466 886 528 (tl
897 465 988 530 Hujns
997 464 1038 515 rei
1048 464 1198 530 exemplum

168 537 337 588 babemusin
346 550 405 602 cap.
419 537 457 599 11,
466 537 525 590 eod.
536 538 687 590 Vistamen
702 537 801 589 harum
818 535 1062 602 praesumptionum
1075 535 1197 601 judicum

168 608 308 672 sagacitati
325 612 367 660 est
383 609 538 672 commissa,
557 610 616 676 qni,
628 623 683 661 non
706 608 807 662 debent
825 619 873 660 eas
892 607 1038 672 estimare,
1064 607 1119 660 nisi
1145 606 1199 660 sint

167 692 274 744 graves,
287 681 410 748 precise
425 685 453 734 et
465 681 667 734 concordantes.

204 867 267 925 819.
282 870 315 926 ln
336 864 537 927 criminalibus
556 872 657 928 umen
675 865 774 928 causis
792 882 832 927 ex
843 863 1038 942 probabiliori
1052 863 1198 926 sententia

149 953 415 1030 praesumptiones
433 955 503 1016 licet
524 956 661 1018 violente
686 955 893 1032 probationem
915 971 976 1015 non
998 954 1144 1030 efficirmt‚
1158 956 1196 1015 ob

167 1059 259 1120 quam
272 1059 343 1103 reus
358 1060 449 1120 poena
460 1043 612 1106 ordinaria
625 1043 761 1104 damnari
774 1050 874 1119 queat,
885 1049 918 1104 ut
927 1043 958 1102 in
969 1060 1063 1104 causa
1075 1042 1197 1103 heresis

168 1131 311 1192 delinisse
323 1131 441 1193 videtur
455 1132 645 1193 innocentius
667 1137 704 1192 111
727 1129 778 1204 (i).
793 1132 876 1192 Ratio
895 1138 953 1206 est,
969 1132 1039 1208 quia
1052 1145 1197 1208 prestun-

168 1221 286 1297 ptiones
299 1238 361 1281 non
370 1227 440 1281 sunt
451 1239 531 1283 verae
546 1229 577 1282 et
589 1221 711 1282 directae
725 1219 917 1297 probationes
930 1221 983 1280 sed
999 1228 1115 1280 tantum
1128 1219 1197 1280 indi·

167 1309 225 1383 cia,
241 1311 290 1370 vel
302 1309 495 1386 probationes
508 1310 672 1384 indirecta,
690 1327 758 1386 qum
773 1301 954 1386 qrrandoque
968 1308 999 1368 in
1013 1309 1151 1370 civilibus
1163 1313 1196 1369 ut

166 1415 246 1460 vere
266 1399 458 1474 probationes
476 1406 684 1472 assumuntur3
701 1398 783 1474 quoti
800 1399 831 1458 in
853 1398 1057 1459 criminalibus
1077 1398 1198 1460 evenire

166 1487 279 1563 nequit,
292 1489 412 1548 eumad
427 1488 649 1549 damnationem
662 1489 847 1549 inferendam
859 1487 1051 1563 probationes
1065 1487 1197 1562 dbeetae,

166 1585 267 1649 certae,
277 1577 553 1638 etincemeridiana
563 1577 705 1639 clariores
714 1578 916 1653 requirantur,
925 1583 959 1637 nt
964 1577 1195 1654 iaminnuimus.
1270 1569 1271 1576 '

60 1700 64 1709 ι
165 1665 339 1741 Excipiendi
351 1672 450 1728 tamen
464 1675 534 1729 sunt
549 1666 921 1744 casusspecialcsasacris
939 1667 1107 1728 canonibus
1120 1667 1194 1727 deli·

165 1753 227 1827 niti,
241 1760 276 1814 ut
293 1755 323 1812 in
341 1755 499 1829 adulterio,
515 1756 596 1833 quod
610 1774 649 1817 ex
674 1756 791 1816 actibus
813 1755 871 1832 ipsi
884 1756 1031 1832 proximis
1049 1755 1194 1832 erguium

165 1849 196 1902 et
206 1842 237 1901 in
248 1849 389 1920 suspecto
401 1845 439 1906 de
448 1845 565 1919 haeresi,
578 1844 628 1922 qui
639 1851 789 1922 tamquam
799 1843 957 1904 haereticus
968 1845 1129 1906 damnatur
1142 1848 1153 1915 (
1173 1849 1197 1914 ).

165 1933 414 2082 ffiaffpfionffl
429 1939 528 1996 nmen
542 1934 751 2012 probationem
765 1949 884 2010 semper
893 1933 1047 2010 adiuvant,
1057 1939 1088 1995 et
1100 1931 1197 2008 magis

196 2165 232 2232 (l)
248 2165 314 2232 Cap.
330 2167 368 2227 11,
383 2167 417 2221 (le
431 2170 590 2236 presumpt.
608 2193 639 2205 -
652 2168 687 2235 (i)
698 2167 754 2221 nit.
769 2181 827 2236 cap.
845 2168 883 2232 11,
898 2163 962 2222 eod.'

200 2351 323 2413 810511
345 2348 594 2428 praesumptiones
616 2358 744 2429 possunt
766 2351 870 2414 relerri
890 2353 1054 2415 notorictas
1074 2355 1147 2416 iacti
1166 2361 1197 2416 et

164 2437 252 2500 lama.
266 2441 432 2501 Notorietas
447 2441 663 2502 constituitnra
673 2443 742 2503 iacti
755 2443 849 2519 ipsius
865 2443 1022 2517 evidentia,
1031 2461 1099 2520 quae
1113 2445 1195 2505 nulla

165 2528 1152 2609 potesttergiversationecelari,quaeqneabomnibusagnosoitnr(
1171 2537 1194 2604 l.
1270 2531 1271 2566 ³

163 2621 251 2678 Fama
270 2636 342 2679 vero
359 2613 548 2680 constituitur
568 2639 586 2680 a
603 2621 760 2693 communi
772 2621 911 2697 opinione
932 2622 1099 2693 bominum,
1124 2638 1195 2682 cum

164 2723 272 2784 nempe
286 2709 422 2769 homines
443 2709 568 2785 alicuius
587 2710 690 2786 populi
713 2723 768 2786 pro
789 2711 895 2785 maJ'ori
911 2719 996 2788 parte
1009 2717 1195 2785 constanter,
1270 2752 1271 2766 ,

77 2789 83 2798 “
164 2803 194 2856 et
208 2796 393 2867 uniformiter
407 2797 518 2874 aliquid
538 2803 570 2864 nt
591 2815 697 2858 verum
715 2798 929 2858 rationabiliter
947 2799 1059 2860 habent
1072 2804 1124 2872 (2).
1141 2799 1196 2860 llla

164 2884 312 2959 violentae,
325 2892 355 2946 et
375 2885 554 2946 necessariae
568 2886 808 2964 praesumptionis
822 2889 882 2947 vim
896 2889 1027 2964 obtinet;
1042 2889 1109 2950 haec
1122 2905 1195 2950 vero
1270 2898 1271 2954 ἓ

164 2973 340 3049 regulariter
355 2980 480 3035 motum
489 2991 612 3052 gravem
624 2975 887 3052 praesumptionem
900 2976 1041 3040 imitatur.

195 3124 231 3191 (i)
247 3125 337 3192 Hujus
350 3126 516 3178 notoriatatis
532 3127 656 3180 meminit
669 3128 793 3182 Pontifex
805 3127 833 3179 in
848 3141 906 3196 cap.
919 3130 956 3193 10,
967 3129 1002 3182 de
1018 3130 1114 3184 cohab.
1128 3130 1195 3183 cler.
1270 3163 1271 3192 r

165 3203 192 3249 et
204 3197 270 3248 ami.
284 3224 315 3235 -
328 3196 364 3263 (2)
377 3197 470 3266 Hujus
490 3197 590 3252 iterum
613 3200 692 3252 tama
715 3199 838 3252 meminit
852 3199 977 3256 Pontifex
990 3203 1021 3255 in
1035 3201 1148 3268 capit,
1161 3201 1195 3255 de
1270 3201 1271 3238 l

164 3271 282 3322 accuset
