2410 4068
575 195 736 254 ..s-{92-

142 317 382 390 conterebantur,
400 318 487 394 cnjus
503 317 663 380 voluntatis
680 317 823 380 indicium
843 320 908 376 erat
921 314 1047 375 traditio
1064 315 1174 390 annuli,

142 414 173 470 ot
185 404 293 480 boculi,
307 412 358 465 aut
371 405 457 466 bireti
475 405 634 484 impositio.
649 407 708 468 Sed
721 411 826 483 postea
839 404 879 466 ad
893 403 1037 464 ordinem
1052 419 1178 462 servan

142 497 225 568 dum,
240 495 323 554 etad
337 494 486 556 cerendas
506 496 627 557 hauries
640 493 797 556 inductum
816 501 873 568 est,
894 498 1012 553 utente
1036 489 1175 558 benefitii

142 581 363 661 possessionem
377 585 528 645 collatoris
541 585 657 658 litterae,
673 590 738 644 tum
763 602 782 643 a
795 589 824 644 S.
840 583 926 657 Sede,
943 587 1010 642 tum
1022 599 1042 640 a
1057 582 1174 642 collato·

142 672 225 732 ribus
235 671 393 732 ordinariis
406 673 464 733 sint
477 665 682 750 expectandae.
705 679 785 749 Papa
797 671 931 750 pluribus
944 669 1047 732 modis
1064 665 1178 730 litteras

141 759 332 822 beneficiales
341 761 471 836 conficit,
481 779 605 840 nempe:
616 764 648 823 in
657 759 1078 840 sorrnopooperorn,quaudo
1090 758 1172 818 cleri-

143 867 197 912 cus
207 851 474 926 pauperbeueficio
483 852 677 925 donaturit);
687 852 827 927 intonato
836 850 976 925 pretioso,
988 847 1171 926 quaudobe-

143 941 283 1002 nedcium
301 942 418 1002 confert
439 941 560 1016 clerico,
583 942 634 1019 qni
649 942 687 1001 ad
706 940 778 1002 illud
791 939 987 1000 obtinendum
1002 939 1178 1006 declaratur

143 1029 261 1106 diguus,
273 1036 362 1106 atque
375 1029 501 1092 idoneus
512 1033 566 1104 (2);
585 1031 620 1090 fn
632 1033 733 1106 forma
749 1029 883 1105 dippum,
899 1027 1023 1104 quaudo
1039 1024 1173 1086 Pontifex

144 1117 300 1178 ordinario
312 1119 444 1193 mandat,
464 1125 498 1179 ut
511 1117 600 1180 alicui
621 1117 799 1178 beneficium
816 1116 960 1190 conferat,
980 1116 1008 1175 si
1023 1131 1096 1175 eum
1110 1116 1172 1187 post

144 1205 269 1281 diligens
283 1223 409 1267 examen
421 1207 554 1283 dignum,
568 1212 598 1267 et
616 1206 758 1269 idoneum
769 1204 900 1282 reperiat
912 1209 970 1278 (3);
997 1209 1030 1264 ct
1042 1219 1080 1262 oa
1093 1207 1171 1258 motu

142 1296 272 1370 proprio,
293 1311 382 1372 quem
394 1294 424 1354 in
439 1313 494 1355 suo
512 1295 597 1355 brevi
611 1296 746 1355 Pontifex
760 1293 907 1369 signifieat
924 1296 978 1364 (l).
999 1287 1170 1352 ordinarius

143 1399 217 1443 vero
239 1381 352 1444 litteras
373 1384 563 1446 beneflciales
581 1383 702 1444 conficit
719 1383 807 1460 Juxta
822 1383 951 1444 formmn
971 1380 1002 1440 in
1018 1395 1077 1441 sua
1091 1375 1169 1437 curia

143 1468 294 1546 vigentem
304 1475 355 1542 (5).

174 1623 210 1690 (t)
223 1625 278 1676 Alii
291 1625 358 1678 istus
371 1626 475 1680 litteras
486 1626 664 1696 appellantia
679 1627 772 1693 formo
786 1624 931 1680 communi.
943 1622 1126 1678 Reiffenstuel
1139 1621 1167 1672 de

143 1696 229 1762 praeb.
243 1705 272 1745 ιι·
288 1695 340 1748 too.
356 1723 385 1736 -
399 1698 434 1762 (2)
449 1699 481 1748 lu
495 1698 549 1750 vim
564 1700 661 1752 harum
675 1699 827 1750 litterarum
842 1697 902 1763 ipse
922 1699 1051 1750 Pontifex
1069 1693 1165 1748 bened·

144 1766 214 1818 cium
228 1767 340 1826 confert,
354 1771 381 1820 et
395 1773 565 1820 executorem
578 1771 611 1822 ad
625 1785 688 1822 eum
703 1774 809 1820 tautum
822 1769 903 1820 duem
922 1769 1049 1835 deputet,
1064 1771 1095 1818 ut
1109 1777 1163 1829 pro·

143 1838 230 1890 visum
245 1838 273 1888 iu
286 1839 452 1902 corporalem
465 1839 589 1892 beneficii
603 1841 803 1906 possessionem
814 1840 956 1901 immittam
972 1838 1165 1903 consequenter

143 1910 270 1960 executor
283 1909 316 1960 de
331 1909 508 1974 qualitatibus
521 1911 612 1962 clerici
626 1911 732 1963 nullum
746 1916 835 1978 potest
844 1925 958 1979 eramen
972 1911 1125 1962 instituere.
1138 1930 1162 1942 -

95 2001 97 2003 ·
144 1977 179 2044 (3)
193 1979 259 2030 Haec
273 1979 370 2032 litterae
383 1981 554 2047 appellantur
566 1979 597 2032 in
612 1981 706 2046 formo
725 1981 848 2047 dippum,
863 1983 928 2048 qnia
948 1982 1112 2032 inchoantur
1127 1975 1163 2026 his

144 2049 252 2100 verbis:
267 2049 572 2114 Dipnumorbitromur,
586 2056 610 2104 et
625 2066 784 2117 conpruom,
794 2055 834 2113 ot,
844 2057 905 2114 etc.;
915 2051 963 2104 sed
976 2065 993 2105 a
1007 2049 1163 2118 quibusdam

145 2121 226 2171 etiam
240 2119 410 2187 appellantur
425 2121 456 2172 in
471 2119 563 2192 formo
579 2123 772 2184 commissorio,
790 2122 855 2190 quia
871 2123 948 2188 Papa
964 2137 1061 2174 eorum
1074 2130 1160 2172 execu-

145 2190 244 2242 tionem
254 2191 396 2241 committit
409 2191 561 2244 Ordiuorio.
572 2193 650 2244 Card.
665 2193 756 2260 Soglie
769 2193 803 2244 de
814 2194 870 2258 jur.
881 2195 950 2260 priv.
961 2191 974 2259 ξ
984 2195 1031 2256 95;
1046 2197 1074 2244 et
1086 2191 1113 2239 in
1123 2188 1161 2236 be·

143 2261 247 2312 ueliciis
259 2262 360 2314 curatis
376 2263 463 2314 solent
476 2263 610 2316 adhiberi.
621 2263 674 2316 Sed
683 2265 830 2316 notandum
840 2264 913 2330 quod
927 2262 1086 2329 hujusmodi
1099 2260 1161 2310 litte-

145 2346 183 2382 rae
198 2335 384 2398 postmortem
403 2333 501 2386 summi
516 2335 656 2386 Pontificis
678 2336 812 2400 expirant,
835 2336 865 2390 ei
885 2349 928 2388 res
948 2337 984 2388 sit
998 2337 1086 2386 adhuc
1098 2331 1158 2380 inte-

144 2416 201 2466 gra,
215 2404 279 2470 quio
291 2418 344 2456 non
359 2405 496 2456 continent
506 2406 621 2468 gretiam
630 2405 738 2468 factam,
750 2405 799 2457 sed
809 2408 925 2471 gratiam
937 2421 988 2474 per
1000 2407 1159 2458 executorem

141 2474 294 2526 faciendam
304 2495 311 2525 :
323 2475 395 2528 uude
409 2490 458 2542 pro
471 2490 564 2528 earum
575 2476 671 2528 ellectu
685 2477 766 2528 debet
779 2490 796 2528 a
810 2491 877 2528 novo
892 2479 1025 2532 Pontifice
1040 2470 1158 2528 revalido·

144 2545 180 2596 tio
196 2547 335 2610 postulari.
351 2547 461 2612 Rigauti
485 2547 519 2600 ad
538 2561 596 2612 reg.
614 2548 651 2600 li.
674 2549 780 2602 Caucel.
802 2563 829 2600 u.
854 2549 891 2600 ts.
907 2575 937 2586 -
952 2551 987 2615 (4)
1003 2547 1100 2602 Gratia
1116 2550 1158 2605 pel

144 2621 247 2668 motum
260 2617 398 2684 proprium
411 2631 546 2670 concessae
555 2633 609 2670 non
622 2619 764 2684 subjacent
775 2619 840 2672 vitio
855 2620 1056 2686 subreptioni&
1068 2629 1098 2667 oc
1106 2623 1158 2678 pro

144 2688 207 2740 inde
220 2689 344 2740 beneficii
358 2689 449 2740 collati
466 2690 516 2740 hac
529 2690 616 2742 forma
628 2690 762 2755 possessio
783 2705 837 2742 non
852 2694 941 2758 potest
955 2689 1088 2758 impediri,
1102 2681 1155 2732 licet

144 2758 268 2826 provisus
285 2759 358 2809 aliud
373 2757 533 2811 heneficium
548 2761 693 2826 possideat.
708 2761 774 2825 Cep.
789 2761 819 2813 23
833 2761 867 2812 de
881 2762 965 2826 praeh.
979 2764 1007 2813 in
1021 2763 1048 2818 o;
1058 2749 1155 2809 etoullo

143 2829 223 2880 modo
237 2834 350 2893 possunt
360 2829 428 2894 ipsae
442 2829 538 2882 litterae
550 2831 679 2896 suspendi
694 2832 735 2882 vel
750 2831 884 2898 impediri.
897 2833 956 2884 Bul.
967 2831 1008 2884 Ad
1017 2832 1153 2885 romanum

144 2897 267 2963 Gregorii
287 2897 367 2951 Xlll.
381 2925 412 2936 -
430 2899 466 2965 (5)
488 2901 596 2954 Litterae
614 2903 785 2955 beneficiales
810 2902 1015 2956 ordinariorum
1037 2913 1087 2952 uon
1100 2891 1153 2946 81111t

143 2967 210 3019 adeo
224 2970 362 3032 rigorosas,
376 2974 407 3020 ut
420 2971 517 3024 litterae
531 2973 660 3040 papoles;
675 2973 724 3026 sed
737 2975 938 3039 quomodolibet
952 2969 1086 3036 Ordiperii
1098 2975 1152 3016 con·

143 3041 239 3162 (ετῗὲῐ,
261 3053 368 3106 semper
389 3041 507 3108 legitime
532 3045 685 3098 conferunt.
709 3045 820 3112 Rigonti
846 3045 882 3096 ed
904 3059 963 3112 reg.
987 3046 1029 3098 ll.
1052 3032 1148 3096 cancel·

143 3125 171 3161 n·
216 3150 221 3162 .
318 3119 320 3127 .

175 3298 237 3356 493.
258 3295 411 3371 Praecipua
436 3297 532 3356 forma
550 3298 715 3360 collationh
737 3300 876 3361 attentius
890 3297 1099 3377 perscrutanda
1112 3293 1148 3349 cst

142 3382 190 3443 illa
204 3401 363 3471 concursus
385 3385 424 3444 ad
442 3385 587 3446 beneficia
602 3389 793 3463 parochialia,
808 3407 876 3465 quoe
899 3389 930 3448 in
949 3390 1008 3452 hoc
1021 3376 1147 3448 consistit

141 3475 234 3549 quod,
249 3474 471 3551 quomodolibet
490 3475 568 3535 facta
586 3483 711 3538 vacante
732 3476 831 3554 aliqua
845 3478 972 3540 ecclesia
991 3465 1144 3556 parochiali

140 3568 172 3623 et
187 3563 349 3626 constituto
361 3562 393 3626 in
406 3581 442 3626 ea
450 3562 561 3626 vicario
577 3563 615 3626 ad
628 3571 747 3643 tempus
760 3567 934 3646 vacationis,
949 3585 1019 3635 cum
1030 3571 1146 3638 congrua
