2410 4068
601 161 766 222 —180-

161 286 326 364 capellania
334 283 509 361 simpliciter
522 283 644 355 laicalis,
658 283 787 343 instante
800 281 967 344 fundatoris
978 279 1114 354 haerede,
1129 280 1178 341 sin

158 390 345 446 successore,
357 378 448 449 queat
457 389 512 448 per
520 373 702 447 Episcopum
714 371 743 430 in
760 369 940 432 beneficium
952 371 1178 432 ecclesiasticus

76 479 84 486 ·
158 460 252 536 erigi?
276 465 341 520 iioc
367 459 491 521 dubium
512 460 554 520 ita
573 459 743 524 resolvitur.
766 459 799 520 si
821 458 986 535 capellania
1011 476 1066 534 per
1091 465 1178 519 acum

158 549 334 610 interrivos
347 548 489 622 instituta,
514 555 557 623 et,
581 548 651 608 rivo
674 548 773 608 adhuc
798 549 967 620 fundatore,
984 549 1047 623 jam
1064 547 1108 606 sit
1121 549 1178 606 effe

158 643 241 700 ctum
254 637 471 711 arumsortiu,
491 637 598 714 nequit
617 637 746 713 amplius
761 637 794 696 in
812 635 991 697 beneficium
1008 636 1178 698 eeclesiasti-

158 743 228 787 cum
240 726 323 802 erigi,
338 727 412 786 alias
424 733 590 794 mutaretur
602 725 757 786 evidenter
770 726 854 786 lesa
871 726 1031 786 fundatore
1042 724 1074 786 iu
1090 725 1178 784 limis·

156 813 349 874 institutionis
368 814 554 894 praescripta.
575 815 605 874 si
627 831 701 875 raro
721 813 898 890 capellania,
923 813 992 873 viro
1016 814 1176 874 fundatore

156 903 297 964 effectum
314 920 402 963 snum
416 903 521 965 sortita
539 920 601 962 non
616 903 664 977 sit,
678 905 727 964 vel
741 917 795 979 per
809 909 910 962 aetum
926 899 1037 961 ultimae
1049 902 1178 962 volunta·

156 993 195 1052 tis
205 993 328 1054 fundata
341 993 527 1064 exhibeatur,
539 992 642 1068 utique
655 997 765 1068 potest,
779 991 907 1050 instante
919 990 1051 1064 haerede,
1060 991 1111 1050 vel
1126 1006 1178 1048 sue

156 1098 290 1156 cessere,
304 1088 356 1142 aut
366 1087 529 1143 executore
543 1080 777 1153 testamentario,
789 1097 843 1156 per
857 1079 1037 1156 Episcopum
1050 1079 1083 1138 in
1096 1079 1178 1138 bene·

155 1170 257 1230 ficium
269 1169 502 1231 ecclesiasticum
517 1167 601 1244 erigi,
614 1168 683 1245 quia
692 1169 751 1228 hoc
760 1185 834 1228 casu
846 1168 953 1241 haeres,
967 1168 1014 1227 vel
1026 1184 1178 1228 successor

155 1257 346 1333 presumitur
369 1256 520 1318 institutus
545 1255 748 1316 mandatarius
767 1256 805 1315 ad
825 1255 855 1314 id
869 1256 1091 1330 exequendum,
1107 1255 1178 1330 quod

154 1347 254 1408 utilius
271 1363 338 1407 esse
358 1352 389 1406 et
411 1344 507 1421 magis
526 1344 582 1420 ipsi
597 1345 769 1428 capellania
791 1343 934 1420 expedire
945 1343 1102 1422 judicabit.
1122 1349 1178 1401 Haer

155 1439 255 1494 tamen
280 1433 474 1510 praeaumptie
502 1440 610 1507 cessat,
637 1433 662 1492 si
686 1434 874 1493 fundatorem
896 1441 1122 1507 autexpresse,
1136 1438 1178 1490 aut

155 1521 245 1580 tacite
256 1521 441 1580 eontrarium
452 1521 582 1582 voluisse
601 1539 641 1582 ex
653 1521 720 1596 ipsa
729 1521 902 1581 fundatione
921 1528 1065 1596 appareat
1080 1526 1131 1594 (l).

187 1685 224 1752 (l)
237 1685 336 1738 Gareia
348 1683 382 1738 de
395 1685 496 1752 hanef,
511 1687 581 1752 part.
599 1685 621 1747 1.
636 1699 659 1737 e.
672 1687 697 1751 2,
711 1697 739 1740 n.
757 1685 811 1738 108.

191 1855 254 1912 479.
270 1850 446 1928 'capellania
465 1851 587 1928 laicalis,
604 1870 671 1931 quae
694 1852 802 1913 dicitur
826 1852 915 1913 etiam
934 1853 1092 1928 manualis,
1119 1851 1176 1912 sive

129 1973 136 1986 ·
155 1939 351 2013 mercenaria,
366 1947 412 2001 est
430 1941 567 2016 quaedam
598 1940 646 2018 pia
663 1941 808 2018 fundatio,
829 1941 894 2014 aive
906 1943 1069 2018 assignatio
1088 1948 1178 2002 certo

153 2046 222 2092 rum
236 2029 417 2102 reddituum,
438 2036 472 2090 ut
498 2029 702 2090 determinatas
721 2031 908 2092 celebrentur
932 2031 1042 2106 missae,
1066 2031 1113 2090 cui
1126 2029 1176 2088 alia

152 2117 252 2178 adhue
266 2134 359 2178 onera
377 2117 499 2194 adjungi
521 2126 661 2194 possunt,
678 2120 731 2180 sed
750 2121 798 2180 vel
811 2137 830 2180 a
845 2119 961 2196 privato
976 2119 1121 2194 procedit,
1135 2116 1176 2175 vel

152 2199 293 2268 Ecclesiae
303 2223 363 2266 non
375 2206 465 2267 habet
475 2207 683 2268 auctoritatem
698 2225 781 2284 :quae
794 2207 919 2285 proinde
929 2208 1109 2268 beneficium
1121 2221 1174 2265 non

152 2301 202 2366 est,
212 2297 263 2368 (1).
281 2297 314 2356 in
334 2295 421 2370 praxi
439 2301 539 2355 tamen
554 2311 637 2372 saepe
651 2295 812 2368 dubitatur,
833 2313 870 2355 an
890 2297 1058 2372 capellania
1071 2294 1174 2356 bened-

151 2381 232 2443 cium
253 2381 301 2458 sit,
315 2383 364 2442 vel
381 2399 444 2442 non
463 2401 471 2456 3
488 2390 518 2444 et
536 2383 660 2444 dubium
685 2401 723 2444 ex
749 2385 857 2444 tabulis
882 2385 1074 2460 fundationis,
1090 2391 1119 2444 et
1139 2397 1172 2440 er

151 2470 333 2548 precedenti
359 2471 547 2534 observantia
567 2473 779 2533 resolvendum
794 2479 849 2533 est.
866 2473 895 2533 si
912 2473 991 2532 enno
1012 2491 1052 2534 cx
1076 2470 1173 2533 tabulis

151 2568 304 2637 appareat,
317 2560 508 2621 fundatorem
520 2561 651 2623 voluisse
663 2561 842 2622 beneficium
855 2561 970 2635 domre,
984 2545 1040 2620 aut
1050 2557 1171 2619 officium

150 2649 303 2725 spirituale
325 2651 355 2708 in
378 2659 460 2710 certa
479 2651 612 2710 Ecclesia
635 2649 805 2722 instituere,
828 2650 877 2708 rel
891 2648 916 2708 si
934 2665 973 2708 ex
991 2644 1171 2709 observantia

151 2752 278 2819 constet,
290 2761 344 2820 per
351 2745 481 2821 spatium
491 2746 686 2822 quadraginta
695 2762 843 2806 annorum
853 2746 1011 2821 capellano
1021 2743 1169 2806 institutio-

150 2848 221 2892 nem
234 2833 335 2892 datam
348 2833 440 2894 fuisse
456 2834 494 2894 ab
513 2835 671 2911 Episcopo,
697 2834 865 2911 capellania
885 2834 949 2910 ipsa
960 2833 1119 2910 judicanda
1131 2833 1170 2888 est

151 2918 299 2991 collativa,
323 2919 386 2980 sire
406 2921 618 2996 ecclesiastica,
640 2940 677 2982 ae
695 2923 823 2999 proinde
844 2939 951 2984 rerum
963 2924 1055 2984 refert
1066 2917 1169 2982 benef·

150 3004 231 3066 cium
244 3009 295 3078 (tp
310 3005 340 3066 ‘si
355 3025 427 3068 rere
447 3027 486 3070 ex
507 3010 646 3087 opposito
663 3029 680 3071 e
701 3011 808 3072 tabulis
831 3017 973 3090 appareat
990 3013 1168 3072 fundatorem

150 3091 282 3154 voluisse
295 3094 494 3171 capellaniam
508 3097 643 3160 laicalem
655 3097 821 3173 instituere,
831 3099 857 3159 si
869 3100 1049 3176 Episcopum
1061 3099 1098 3158 ah
1113 3096 1168 3170 ejus

150 3181 309 3244 sedatione
319 3185 490 3260 excluserit,
499 3187 580 3248 bona
588 3188 758 3251 heredibus
766 3187 1003 3250 administranda
1016 3182 1165 3264 reliquam,

149 3269 253 3347 eisqm
261 3271 311 3348 J'us
325 3273 507 3334 concamerit
526 3277 718 3352 capellanum
738 3277 907 3350 amovendi,
921 3282 953 3336 et
966 3294 1005 3336 ex
1015 3277 1165 3338 observan-

150 3358 192 3418 tia
218 3366 346 3436 constet,
373 3363 564 3438 capellanum
582 3363 676 3425 fuisse
696 3371 793 3440 antea,
813 3366 852 3425 ab
875 3365 1054 3439 heredibus,
1081 3357 1163 3422 inscio

150 3447 307 3526 Episcop0,
331 3451 515 3526 deputatum,
537 3453 703 3528 capellania
731 3455 905 3514 aeatirnanda
931 3461 976 3514 est
998 3452 1115 3522 laicalis,
1138 3449 1162 3506 et

150 3537 263 3598 nullam
282 3539 420 3602 beneficii
437 3540 583 3600 rationem
597 3542 696 3602 habet.
711 3543 786 3604 illud
803 3543 932 3620 denique
945 3549 1056 3604 attente
1069 3541 1160 3602 obser·
