2432 4078
438 171 596 228 ..345-

46 315 68 328 ·-
78 289 107 355 (l)
118 290 177 358 Gop.
197 289 430 356 emensurarent.
448 295 476 346 ot
488 307 545 359 cap.
560 294 585 352 A,
602 293 636 346 ds
659 292 757 359 sepult.
771 293 800 346 ln
812 291 835 346 d.
849 291 1033 346 Nihilominus

45 362 200 416 llil-lamilios
215 368 327 428 possunt
340 363 433 416 testari
446 364 479 416 de
493 377 585 416 eorum
596 363 676 415 bonis
694 363 887 426 castrensibus,
900 367 927 414 et
942 363 1034 428 quasi·

45 433 274 499 castrensibus—(3)
284 434 349 486 Haec
359 434 524 499 regularium
532 434 688 487 inhabilites
696 448 742 487 eos
752 433 933 500 persequitur,
941 433 1035 485 etism·
1133 433 1138 444 '

44 503 60 552 si
68 501 183 566 habitum,
197 507 224 555 ot
235 504 391 570 religionem
405 503 548 556 dimittunt.
561 506 754 556 Potesttamen
767 519 887 557 summus
898 505 1032 568 Pontifex,

43 576 62 622 ct
70 575 146 628 lavore
157 575 344 641 episcoporum
353 576 430 640 solet,
443 575 625 641 Regularibns
634 575 789 628 fucultatem
799 575 945 628 concedere
955 580 1036 628 testa·

43 651 137 696 neutum
150 647 279 699 condendi
290 665 296 707 ;
307 647 354 698 sed
370 660 420 712 per
434 646 484 700 hoo
507 647 641 698 indultum
654 660 708 698 nou
721 649 834 712 possunt
844 649 1034 698 testamentum

43 719 87 768 aute
98 717 282 781 professionem
295 719 395 770 lectum
419 721 533 770 mutere.
548 717 683 782 Zellinger
697 718 731 770 de
752 721 856 772 testam.
872 717 884 780 fl
899 717 952 770 300.
969 717 1035 770 Haec

41 786 128 852 insuper
136 788 288 842 inhabilitas
296 789 385 850 durat,
396 789 501 842 etiamsi
512 787 616 854 Religio
627 789 818 854 supprimetur,
827 802 861 842 ex
871 789 1034 842 resolutione

41 855 60 908 S.
72 858 275 926 congregationis
287 859 408 925 concilii,
422 861 453 912 25
467 859 572 913 lebuor.
587 859 656 920 1679,
671 860 716 913 cit.
729 873 746 912 a
760 859 880 912 Riother.

64 1064 115 1121 tii.
126 1061 212 1138 licius
224 1061 322 1124 inhac
332 1078 366 1123 rc
374 1063 556 1139 postulatum
566 1067 622 1135 est,
632 1059 781 1122 anclarici
793 1057 1036 1137 queanttestorii

39 1151 70 1206 lta
86 1151 309 1228 respondemus:
331 1157 362 1211 l⁰
385 1150 489 1212 clerici
511 1167 572 1210 non
595 1155 721 1226 possunt
741 1148 842 1210 testari
860 1149 897 1207 ed
911 1161 1035 1208 causam
1107 1148 1112 1157 '

37 1239 167 1310 profanum
179 1241 217 1301 de
237 1239 283 1315 iis,
300 1256 367 1316 qnae
384 1250 508 1316 propter
521 1238 694 1312 Ecclesiam,
710 1239 757 1297 vel
771 1237 810 1297 ab
823 1235 955 1297 Ecclesia
965 1253 1034 1311 pcr-

38 1335 178 1402 ceperunt:
197 1345 236 1390 co
251 1329 333 1406 quod
346 1328 509 1401 haecbona,
524 1333 671 1403 quotenus
683 1327 817 1386 honestae
828 1324 1035 1387 sustentationi

37 1424 182 1492 supersunt,
198 1434 260 1478 non
281 1423 351 1478 sunt
368 1415 555 1488 clericorum,
572 1416 625 1475 sed
645 1413 797 1488 lindesie,
812 1420 842 1474 et
855 1429 1032 1489 pauperum,

35 1507 57 1560 ut
67 1504 126 1564 alibi
137 1505 306 1567 innuimus:
328 1506 408 1566 unde
421 1505 587 1566 Alexander
606 1509 643 1564 lll
661 1505 720 1564 huc
736 1502 900 1579 respiciens
911 1500 1031 1562 aiebat:

36 1588 117 1654 lirici
129 1595 161 1655 dc
172 1583 305 1672 hisloae
316 1593 687 1656 cmuldcrutionedcclesie
696 1589 1032 1670 perceperunt,nulltun

34 1678 56 1738 de
67 1681 130 1756 iure
147 1690 272 1760 possunt
293 1685 389 1760 succro
413 1689 623 1742 testamentum
647 1685 698 1752 (l).
714 1685 746 1741 2⁰
768 1679 872 1741 Clerici
892 1678 1031 1740 debonis

33 1765 117 1830 intuitu
128 1771 264 1834 [ecclesie
276 1769 428 1848 acquisitis
437 1787 475 1831 ex
485 1769 700 1831 consuetudine
710 1770 865 1830 admissae
874 1770 941 1843 jure
950 1784 1031 1828 novo

32 1867 134 1928 possunt
146 1860 185 1934 ed
197 1861 278 1938 piam
289 1875 411 1920 causum
424 1858 544 1932 testem
559 1875 629 1920 nam
645 1858 725 1918 idem
746 1858 912 1918 Alexander
927 1855 1028 1918 Ponti-

31 1943 66 2005 lex
78 1963 111 2006 ex
125 1948 340 2010 consuetudine
357 1963 419 2007 non
442 1946 609 2024 improbato
628 1945 770 2023 permisit,
786 1953 819 2006 ut
836 1963 890 2022 por
903 1943 1030 2005 clerico·

32 2045 81 2094 rum
92 2042 296 2100 testamentum
310 2036 348 2096 de
367 2034 455 2096 bonis
473 2035 579 2096 intuitu
600 2033 740 2095 Ecclesiae
753 2033 906 2110 acquisitis
917 2047 1027 2110 paupe·

30 2120 99 2196 ritu,
114 2133 139 2186 ct
152 2126 296 2202 relipiosir
309 2124 387 2198 locis,
402 2131 429 2184 et
439 2123 511 2194 illis,
521 2123 688 2200 quiviucnti
700 2124 873 2194 sancierant,
883 2122 942 2182 cicc
956 2137 1025 2182 con·

30 2216 160 2288 summoti
171 2216 244 2286 sint,
263 2215 322 2274 cicc
339 2213 403 2288 alii,
418 2214 521 2290 alique
527 2213 621 2289 jueta
642 2213 754 2272 servitii
773 2211 915 2272 melitium
929 2213 1027 2286 consc-

28 2309 115 2362 rantur
128 2309 179 2378 (2).
193 2309 224 2366 30
242 2302 344 2364 Clerici
364 2303 402 2364 de
421 2301 509 2362 bonis
521 2299 785 2378 patrimonialibus,
800 2307 830 2360 et
847 2297 1027 2359 industriali-

27 2383 68 2446 hus
78 2391 163 2453 ibere
178 2399 305 2469 possunt
319 2389 447 2452 testarii:
463 2391 520 2450 hec
533 2389 613 2450 euim
626 2389 665 2450 de
682 2389 929 2464 reinterrogatus
946 2405 1024 2463 prm-

26 2473 85 2538 lntus
95 2482 259 2542 Alexander
274 2485 312 2541 lll
326 2479 385 2540 ait:
401 2480 616 2556 Resportdemus
636 2478 713 2554 quaed
730 2477 827 2537 elerici
838 2476 873 2536 de
886 2475 944 2549 liis,
959 2491 1023 2551 que

26 2573 130 2634 illone
150 2569 410 2644 successoremve
433 2568 612 2645 capitationis
626 2568 750 2641 intuitu,
768 2572 823 2627 out
842 2565 877 2624 dc
894 2564 1020 2639 artificio

24 2664 77 2714 runt
88 2659 192 2736 adepti,
206 2676 258 2719 seu
280 2659 355 2719 dono
378 2658 675 2734 cumoneuincoruun,
689 2661 743 2715 ant
762 2654 939 2726 amicorum,
958 2666 1021 2710 non

23 2739 239 2825 muturnpcctu
252 2747 292 2808 od
308 2747 477 2820 Ecclesium,
490 2752 687 2822 peruenerunt
697 2743 737 2804 od
749 2743 836 2818 ipsos,
853 2739 938 2802 libere
955 2739 1015 2800 dis-

22 2844 107 2901 tunm
119 2838 239 2898 ualeant
250 2840 302 2910 (3).

43 2988 141 3059 lllcap.
155 2994 193 3059 ll,
221 2992 255 3044 de
277 2994 375 3045 testem
392 2993 420 3042 at
440 3003 497 3055 cup.
520 2988 531 3040 l
555 2991 582 3040 et
595 2988 609 3038 'l
624 2987 682 3040 eod.
698 3013 728 3026 -
750 2985 786 3051 (i)
801 2985 864 3053 Cep.
889 2985 926 3049 lt,
952 2985 1013 3039 cod.

22 3054 72 3112 Cum
82 3064 169 3117 clerici
186 3077 224 3116 ex
239 3062 383 3130 superfluis
399 3061 479 3114 bonis
499 3073 515 3112 e
537 3057 676 3112 beneficiis
694 3057 829 3126 perceptis
852 3057 969 3109 debeant
990 3058 1018 3108 in

21 3128 61 3182 vita
71 3133 251 3201 eleemosynas
262 3135 364 3200 largiri,
379 3137 410 3184 ut
423 3132 488 3184 alibi
503 3131 630 3194 vidimus,
646 3131 675 3180 in
687 3135 773 3181 morte
786 3129 821 3180 ab
836 3129 931 3181 iisdem
945 3128 1012 3180 octi-

20 3194 118 3256 husncn
134 3211 198 3258 sunt
218 3205 387 3271 prohibendi.
404 3200 467 3269 Cep.
485 3203 509 3260 8,
529 3202 562 3254 de
576 3205 681 3252 testum.
694 3201 736 3252 Ad
758 3200 953 3252 excludendum
974 3205 1014 3250 ta·

20 3281 67 3347 {fleu
77 3277 173 3330 melam
185 3276 385 3330 thesaurizandi
398 3276 515 3343 speciem
530 3278 642 3339 praestat
654 3271 740 3336 magis
762 3272 833 3324 bona
853 3271 1016 3322 distribuero

20 3351 39 3390 u
49 3345 106 3407 vito,
120 3347 227 3416 mondo
242 3348 330 3400 adhuc
348 3347 457 3400 retineri
478 3347 597 3411 possent,
612 3355 694 3410 quom
707 3341 801 3394 cedem
815 3342 976 3392 distribuere
990 3340 1018 3391 in

19 3419 95 3480 nortc,
108 3419 214 3485 quando
228 3420 336 3471 omnino
350 3416 500 3470 deserendo
513 3417 581 3467 sunt.
592 3441 624 3452 -
639 3415 674 3480 (3)
689 3415 738 3467 Git.
754 3427 812 3479 cup.
827 3413 843 3463 9
857 3412 890 3464 de
909 3413 1016 3462 testem.

20 3478 78 3537 lutor
84 3489 209 3544 Doctores
219 3490 434 3554 controvertitur,
440 3501 475 3540 sn
484 3486 648 3540 consuetudo
657 3490 739 3552 queat
748 3484 861 3537 reddero
870 3482 959 3534 licitos
965 3479 1021 3533 dis·

20 3557 143 3616 losiioues
155 3559 373 3618 testamentarius
383 3560 465 3614 etium
476 3557 599 3612 debonis
612 3558 711 3610 intuitu
723 3555 852 3608 Ecclesim
863 3551 1010 3618 acquisitis
