<?xml version="1.0" encoding="UTF-8"?>
<!DOCTYPE html PUBLIC "-//W3C//DTD XHTML 1.0 Transitional//EN"
    "http://www.w3.org/TR/xhtml1/DTD/xhtml1-transitional.dtd">
<html xmlns="http://www.w3.org/1999/xhtml" xml:lang="en" lang="en">
 <head>
  <title>
</title>
<meta http-equiv="Content-Type" content="text/html;charset=utf-8" />
  <meta name='ocr-system' content='tesseract 3.04.00' />
  <meta name='ocr-capabilities' content='ocr_page ocr_carea ocr_par ocr_line ocrx_word'/>
</head>
<body>
  <div class='ocr_page' id='page_1' title='image "./summainstitutio01ferrgoog_0069.png"; bbox 0 0 2494 4062; ppageno 0'>
   <div class='ocr_carea' id='block_1_1' title="bbox 607 163 749 220">
    <p class='ocr_par' dir='ltr' id='par_1_1' title="bbox 607 163 749 220">
     <span class='ocr_line' id='line_1_1' title="bbox 607 163 749 220; baseline 0 -16"><span class='ocrx_word' id='word_1_1' title='bbox 607 163 749 220; x_wconf 68' lang='lat'>..58-</span> 
     </span>
    </p>
   </div>
   <div class='ocr_carea' id='block_1_2' title="bbox 170 276 1223 454">
    <p class='ocr_par' dir='ltr' id='par_1_2' title="bbox 170 276 1223 454">
     <span class='ocr_line' id='line_1_2' title="bbox 170 276 1223 362; baseline -0.012 -10"><span class='ocrx_word' id='word_1_2' title='bbox 170 279 260 352; x_wconf 87' lang='lat' dir='ltr'><strong>ducta</strong></span> <span class='ocrx_word' id='word_1_3' title='bbox 271 293 339 362; x_wconf 86' lang='lat' dir='ltr'><strong>(ll).</strong></span> <span class='ocrx_word' id='word_1_4' title='bbox 356 290 406 346; x_wconf 85' lang='lat' dir='ltr'><strong>Est</strong></span> <span class='ocrx_word' id='word_1_5' title='bbox 423 283 550 360; x_wconf 87' lang='lat' dir='ltr'><strong>donique</strong></span> <span class='ocrx_word' id='word_1_6' title='bbox 573 283 673 360; x_wconf 85' lang='lat' dir='ltr'><strong>gravis</strong></span> <span class='ocrx_word' id='word_1_7' title='bbox 690 283 876 341; x_wconf 87' lang='lat' dir='ltr'><strong>fortunarum</strong></span> <span class='ocrx_word' id='word_1_8' title='bbox 897 276 1021 339; x_wconf 89' lang='lat' dir='ltr'><strong>mutatio</strong></span> <span class='ocrx_word' id='word_1_9' title='bbox 1048 295 1223 357; x_wconf 82' lang='lat' dir='ltr'><strong>superve-</strong></span> 
     </span>
     <span class='ocr_line' id='line_1_3' title="bbox 171 367 1221 454; baseline -0.01 -14"><span class='ocrx_word' id='word_1_10' title='bbox 171 379 255 440; x_wconf 81' lang='lat' dir='ltr'><strong>niens</strong></span> <span class='ocrx_word' id='word_1_11' title='bbox 269 383 427 454; x_wconf 77' lang='lat' dir='ltr'>paupertas</span> <span class='ocrx_word' id='word_1_12' title='bbox 439 391 478 435; x_wconf 77' lang='lat' dir='ltr'><strong>ex</strong></span> <span class='ocrx_word' id='word_1_13' title='bbox 492 374 640 434; x_wconf 91' lang='lat' dir='ltr'><strong>bonorum</strong></span> <span class='ocrx_word' id='word_1_14' title='bbox 665 372 792 448; x_wconf 86' lang='lat' dir='ltr'><strong>jactura,</strong></span> <span class='ocrx_word' id='word_1_15' title='bbox 804 376 855 430; x_wconf 90' lang='lat' dir='ltr'><strong>aut</strong></span> <span class='ocrx_word' id='word_1_16' title='bbox 876 387 915 430; x_wconf 81' lang='lat' dir='ltr'><strong>es</strong></span> <span class='ocrx_word' id='word_1_17' title='bbox 936 367 1014 430; x_wconf 90' lang='lat' dir='ltr'><strong>dotis</strong></span> <span class='ocrx_word' id='word_1_18' title='bbox 1037 369 1221 445; x_wconf 84' lang='lat' dir='ltr'><strong>naufragio</strong></span> 
     </span>
    </p>
   </div>
   <div class='ocr_carea' id='block_1_3' title="bbox 170 467 1221 626">
    <p class='ocr_par' dir='ltr' id='par_1_3' title="bbox 170 467 1221 626">
     <span class='ocr_line' id='line_1_4' title="bbox 170 467 423 545; baseline -0.024 -18"><span class='ocrx_word' id='word_1_19' title='bbox 170 467 340 545; x_wconf 84' lang='lat' dir='ltr'>procedens</span> <span class='ocrx_word' id='word_1_20' title='bbox 354 469 423 538; x_wconf 81' lang='lat' dir='ltr'><strong>(tn).</strong></span> 
     </span>
     <span class='ocr_line' id='line_1_5' title="bbox 205 548 1221 626; baseline -0.008 -11"><span class='ocrx_word' id='word_1_21' title='bbox 205 561 236 615; x_wconf 74' lang='grc' dir='ltr'><strong>6ο</strong></span> <span class='ocrx_word' id='word_1_22' title='bbox 256 560 311 614; x_wconf 86' lang='lat' dir='ltr'><strong>Per</strong></span> <span class='ocrx_word' id='word_1_23' title='bbox 332 551 558 613; x_wconf 79' lang='lat' dir='ltr'><strong>fornicationem</strong></span> <span class='ocrx_word' id='word_1_24' title='bbox 572 555 641 626; x_wconf 90' lang='lat' dir='ltr'><strong>post</strong></span> <span class='ocrx_word' id='word_1_25' title='bbox 663 549 813 626; x_wconf 77' lang='lat' dir='ltr'><strong>sponsalia</strong></span> <span class='ocrx_word' id='word_1_26' title='bbox 828 553 1030 624; x_wconf 77' lang='lat' dir='ltr'><strong>perpetratam</strong></span> <span class='ocrx_word' id='word_1_27' title='bbox 1053 565 1124 608; x_wconf 90' lang='lat' dir='ltr'><strong>curn</strong></span> <span class='ocrx_word' id='word_1_28' title='bbox 1141 548 1221 608; x_wconf 85' lang='lat' dir='ltr'><strong>alia</strong></span> 
     </span>
    </p>
   </div>
   <div class='ocr_carea' id='block_1_4' title="bbox 79 637 1221 1339">
    <p class='ocr_par' dir='ltr' id='par_1_4' title="bbox 79 637 1221 1339">
     <span class='ocr_line' id='line_1_6' title="bbox 167 637 1221 722; baseline -0.008 -18"><span class='ocrx_word' id='word_1_29' title='bbox 167 661 306 722; x_wconf 88' lang='lat' dir='ltr'><strong>persona,</strong></span> <span class='ocrx_word' id='word_1_30' title='bbox 322 641 438 702; x_wconf 89' lang='lat' dir='ltr'><strong>etiamsi</strong></span> <span class='ocrx_word' id='word_1_31' title='bbox 461 641 612 717; x_wconf 83' lang='lat' dir='ltr'><strong>sponsalia</strong></span> <span class='ocrx_word' id='word_1_32' title='bbox 626 647 727 700; x_wconf 86' lang='lat' dir='ltr'><strong>essent</strong></span> <span class='ocrx_word' id='word_1_33' title='bbox 739 640 846 716; x_wconf 87' lang='lat' dir='ltr'><strong>jurata,</strong></span> <span class='ocrx_word' id='word_1_34' title='bbox 862 638 931 714; x_wconf 89' lang='lat' dir='ltr'><strong>quia</strong></span> <span class='ocrx_word' id='word_1_35' title='bbox 953 637 982 696; x_wconf 90' lang='lat' dir='ltr'><strong>in</strong></span> <span class='ocrx_word' id='word_1_36' title='bbox 1005 637 1221 713; x_wconf 86' lang='lat' dir='ltr'><strong>sponsalibus</strong></span> 
     </span>
     <span class='ocr_line' id='line_1_7' title="bbox 172 727 1221 803; baseline -0.007 -9"><span class='ocrx_word' id='word_1_37' title='bbox 172 730 382 794; x_wconf 86' lang='lat' dir='ltr'><strong>contrahendis</strong></span> <span class='ocrx_word' id='word_1_38' title='bbox 395 729 621 802; x_wconf 73' lang='lat' dir='ltr'><strong>subintelligitur</strong></span> <span class='ocrx_word' id='word_1_39' title='bbox 637 728 778 802; x_wconf 89' lang='lat' dir='ltr'><strong>conditio,</strong></span> <span class='ocrx_word' id='word_1_40' title='bbox 794 728 821 787; x_wconf 83' lang='lat' dir='ltr'><strong>si</strong></span> <span class='ocrx_word' id='word_1_41' title='bbox 834 729 867 786; x_wconf 84' lang='lat' dir='ltr'><strong>io</strong></span> <span class='ocrx_word' id='word_1_42' title='bbox 883 727 972 802; x_wconf 81' lang='lat' dir='ltr'><strong>lupam</strong></span> <span class='ocrx_word' id='word_1_43' title='bbox 993 727 1122 803; x_wconf 81' lang='lat' dir='ltr'><strong>cocjupt‘t&#39;</strong></span> <span class='ocrx_word' id='word_1_44' title='bbox 1136 744 1221 787; x_wconf 83' lang='lat' dir='ltr'><strong>oon</strong></span> 
     </span>
     <span class='ocr_line' id='line_1_8' title="bbox 169 815 1218 900; baseline -0.007 -17"><span class='ocrx_word' id='word_1_45' title='bbox 169 823 338 900; x_wconf 81' lang='lat' dir='ltr'><strong>peccaveris.</strong></span> <span class='ocrx_word' id='word_1_46' title='bbox 358 821 387 880; x_wconf 88' lang='lat' dir='ltr'><strong>si</strong></span> <span class='ocrx_word' id='word_1_47' title='bbox 400 819 479 880; x_wconf 90' lang='lat' dir='ltr'><strong>enim</strong></span> <span class='ocrx_word' id='word_1_48' title='bbox 490 819 567 878; x_wconf 89' lang='lat' dir='ltr'><strong>inter</strong></span> <span class='ocrx_word' id='word_1_49' title='bbox 582 819 726 894; x_wconf 81' lang='lat' dir='ltr'><strong>conjuges</strong></span> <span class='ocrx_word' id='word_1_50' title='bbox 743 835 797 894; x_wconf 93' lang='lat' dir='ltr'><strong>per</strong></span> <span class='ocrx_word' id='word_1_51' title='bbox 810 815 1034 876; x_wconf 81' lang='lat' dir='ltr'><strong>fornicationem</strong></span> <span class='ocrx_word' id='word_1_52' title='bbox 1049 817 1082 875; x_wconf 87' lang='lat' dir='ltr'><strong>fit</strong></span> <span class='ocrx_word' id='word_1_53' title='bbox 1094 816 1218 876; x_wconf 89' lang='lat' dir='ltr'><strong>divor-</strong></span> 
     </span>
     <span class='ocr_line' id='line_1_9' title="bbox 171 903 1218 987; baseline -0.007 -15"><span class='ocrx_word' id='word_1_54' title='bbox 171 912 244 972; x_wconf 89' lang='lat' dir='ltr'><strong>tium</strong></span> <span class='ocrx_word' id='word_1_55' title='bbox 259 911 355 987; x_wconf 88' lang='lat' dir='ltr'><strong>quoad</strong></span> <span class='ocrx_word' id='word_1_56' title='bbox 370 911 501 980; x_wconf 90' lang='lat' dir='ltr'><strong>thorum,</strong></span> <span class='ocrx_word' id='word_1_57' title='bbox 517 915 549 967; x_wconf 89' lang='lat' dir='ltr'><strong>ut</strong></span> <span class='ocrx_word' id='word_1_58' title='bbox 563 907 640 967; x_wconf 92' lang='lat' dir='ltr'><strong>inlra</strong></span> <span class='ocrx_word' id='word_1_59' title='bbox 658 907 760 966; x_wconf 86' lang='lat' dir='ltr'><strong>videre</strong></span> <span class='ocrx_word' id='word_1_60' title='bbox 783 903 849 978; x_wconf 90' lang='lat' dir='ltr'><strong>erit,</strong></span> <span class='ocrx_word' id='word_1_61' title='bbox 876 912 987 981; x_wconf 89' lang='lat' dir='ltr'><strong>quanto</strong></span> <span class='ocrx_word' id='word_1_62' title='bbox 1014 905 1121 964; x_wconf 88' lang='lat' dir='ltr'><strong>lortius</strong></span> <span class='ocrx_word' id='word_1_63' title='bbox 1136 923 1218 980; x_wconf 51' lang='lat' dir='ltr'><strong>¹per</strong></span> 
     </span>
     <span class='ocr_line' id='line_1_10' title="bbox 173 995 1216 1072; baseline -0.007 -11"><span class='ocrx_word' id='word_1_64' title='bbox 173 1017 239 1061; x_wconf 87' lang='lat' dir='ltr'><strong>eam</strong></span> <span class='ocrx_word' id='word_1_65' title='bbox 253 999 328 1059; x_wconf 90' lang='lat' dir='ltr'><strong>solvi</strong></span> <span class='ocrx_word' id='word_1_66' title='bbox 340 999 449 1058; x_wconf 92' lang='lat' dir='ltr'><strong>debent</strong></span> <span class='ocrx_word' id='word_1_67' title='bbox 471 996 619 1072; x_wconf 89' lang='lat' dir='ltr'><strong>sponsalia</strong></span> <span class='ocrx_word' id='word_1_68' title='bbox 645 997 729 1068; x_wconf 69' lang='lat' dir='ltr'><strong>(tait</strong></span> <span class='ocrx_word' id='word_1_69' title='bbox 747 999 819 1054; x_wconf 83' lang='lat' dir='ltr'><strong>Com</strong></span> <span class='ocrx_word' id='word_1_70' title='bbox 840 1011 912 1054; x_wconf 87' lang='lat' dir='ltr'><strong>vero</strong></span> <span class='ocrx_word' id='word_1_71' title='bbox 927 995 967 1055; x_wconf 91' lang='lat' dir='ltr'><strong>ita</strong></span> <span class='ocrx_word' id='word_1_72' title='bbox 980 1011 1030 1055; x_wconf 89' lang='lat' dir='ltr'><strong>res</strong></span> <span class='ocrx_word' id='word_1_73' title='bbox 1049 996 1216 1071; x_wconf 88' lang='lat' dir='ltr'><strong>procedat</strong></span> 
     </span>
     <span class='ocr_line' id='line_1_11' title="bbox 172 1081 1215 1161; baseline -0.004 -12"><span class='ocrx_word' id='word_1_74' title='bbox 172 1089 202 1149; x_wconf 92' lang='lat' dir='ltr'><strong>in</strong></span> <span class='ocrx_word' id='word_1_75' title='bbox 215 1087 409 1150; x_wconf 88' lang='lat' dir='ltr'><strong>lomicatione</strong></span> <span class='ocrx_word' id='word_1_76' title='bbox 424 1085 581 1161; x_wconf 90' lang='lat' dir='ltr'><strong>corporali,</strong></span> <span class='ocrx_word' id='word_1_77' title='bbox 596 1081 790 1144; x_wconf 89' lang='lat' dir='ltr'><strong>dubitandum</strong></span> <span class='ocrx_word' id='word_1_78' title='bbox 805 1101 865 1142; x_wconf 92' lang='lat' dir='ltr'><strong>non</strong></span> <span class='ocrx_word' id='word_1_79' title='bbox 875 1089 930 1157; x_wconf 90' lang='lat' dir='ltr'><strong>est,</strong></span> <span class='ocrx_word' id='word_1_80' title='bbox 944 1083 1102 1158; x_wconf 86' lang='lat' dir='ltr'><strong>quominus</strong></span> <span class='ocrx_word' id='word_1_81' title='bbox 1116 1083 1215 1145; x_wconf 90' lang='lat' dir='ltr'><strong>idem</strong></span> 
     </span>
     <span class='ocr_line' id='line_1_12' title="bbox 172 1171 1214 1250; baseline -0.003 -14"><span class='ocrx_word' id='word_1_82' title='bbox 172 1176 330 1236; x_wconf 92' lang='lat' dir='ltr'><strong>dicendum</strong></span> <span class='ocrx_word' id='word_1_83' title='bbox 344 1175 381 1235; x_wconf 92' lang='lat' dir='ltr'><strong>sit</strong></span> <span class='ocrx_word' id='word_1_84' title='bbox 399 1175 436 1235; x_wconf 94' lang='lat' dir='ltr'><strong>de</strong></span> <span class='ocrx_word' id='word_1_85' title='bbox 453 1173 647 1234; x_wconf 77' lang='lat' dir='ltr'><strong>fornicatione</strong></span> <span class='ocrx_word' id='word_1_86' title='bbox 661 1173 815 1250; x_wconf 80' lang='lat' dir='ltr'><strong>spirituali,</strong></span> <span class='ocrx_word' id='word_1_87' title='bbox 831 1171 874 1232; x_wconf 90' lang='lat' dir='ltr'><strong>uti</strong></span> <span class='ocrx_word' id='word_1_88' title='bbox 897 1178 942 1232; x_wconf 90' lang='lat' dir='ltr'><strong>est</strong></span> <span class='ocrx_word' id='word_1_89' title='bbox 961 1172 1121 1249; x_wconf 86' lang='lat' dir='ltr'><strong>apostasia,</strong></span> <span class='ocrx_word' id='word_1_90' title='bbox 1137 1173 1214 1234; x_wconf 82' lang='lat' dir='ltr'><strong>hae-</strong></span> 
     </span>
     <span class='ocr_line' id='line_1_13' title="bbox 79 1263 531 1339; baseline -0.007 -14"><span class='ocrx_word' id='word_1_91' title='bbox 79 1283 82 1291; x_wconf 95' lang='lat'><em>·</em></span> <span class='ocrx_word' id='word_1_92' title='bbox 174 1263 262 1339; x_wconf 84' lang='lat' dir='ltr'><strong>resia,</strong></span> <span class='ocrx_word' id='word_1_93' title='bbox 277 1270 308 1324; x_wconf 91' lang='lat' dir='ltr'><strong>et</strong></span> <span class='ocrx_word' id='word_1_94' title='bbox 319 1263 449 1323; x_wconf 89' lang='lat' dir='ltr'><strong>schisma</strong></span> <span class='ocrx_word' id='word_1_95' title='bbox 462 1267 531 1335; x_wconf 84' lang='lat' dir='ltr'><strong>(lt).</strong></span> 
     </span>
    </p>
   </div>
   <div class='ocr_carea' id='block_1_5' title="bbox 167 1417 1207 3619">
    <p class='ocr_par' dir='ltr' id='par_1_5' title="bbox 167 1417 1207 3619">
     <span class='ocr_line' id='line_1_14' title="bbox 188 1417 1207 1484; baseline 0 -12"><span class='ocrx_word' id='word_1_96' title='bbox 188 1418 239 1484; x_wconf 92' lang='lat' dir='ltr'><strong>.(l)</strong></span> <span class='ocrx_word' id='word_1_97' title='bbox 256 1418 317 1484; x_wconf 85' lang='lat' dir='ltr'><strong>Gap.</strong></span> <span class='ocrx_word' id='word_1_98' title='bbox 328 1419 344 1470; x_wconf 74' lang='lat'><em>2</em></span> <span class='ocrx_word' id='word_1_99' title='bbox 356 1417 390 1470; x_wconf 89' lang='lat' dir='ltr'><strong>de</strong></span> <span class='ocrx_word' id='word_1_100' title='bbox 403 1431 493 1482; x_wconf 85' lang='lat' dir='ltr'><strong>spons.</strong></span> <span class='ocrx_word' id='word_1_101' title='bbox 510 1445 541 1456; x_wconf 92' lang='lat'><em>-</em></span> <span class='ocrx_word' id='word_1_102' title='bbox 554 1417 589 1482; x_wconf 74' lang='lat' dir='ltr'><strong>(i)</strong></span> <span class='ocrx_word' id='word_1_103' title='bbox 604 1417 669 1482; x_wconf 84' lang='lat' dir='ltr'><strong>Gap.</strong></span> <span class='ocrx_word' id='word_1_104' title='bbox 685 1417 707 1476; x_wconf 87' lang='lat' dir='ltr'><strong>l,</strong></span> <span class='ocrx_word' id='word_1_105' title='bbox 722 1417 756 1468; x_wconf 90' lang='lat' dir='ltr'><strong>de</strong></span> <span class='ocrx_word' id='word_1_106' title='bbox 778 1430 834 1482; x_wconf 79' lang='lat' dir='ltr'><strong>reg.</strong></span> <span class='ocrx_word' id='word_1_107' title='bbox 852 1419 954 1482; x_wconf 83' lang='lat' dir='ltr'><strong>jnr.--</strong></span> <span class='ocrx_word' id='word_1_108' title='bbox 970 1418 1005 1484; x_wconf 85' lang='grc'><strong>(3)</strong></span> <span class='ocrx_word' id='word_1_109' title='bbox 1020 1419 1085 1484; x_wconf 84' lang='lat' dir='ltr'><strong>Gap.</strong></span> <span class='ocrx_word' id='word_1_110' title='bbox 1105 1419 1147 1480; x_wconf 74' lang='lat'><strong>25.</strong></span> <span class='ocrx_word' id='word_1_111' title='bbox 1163 1421 1207 1472; x_wconf 83' lang='lat' dir='ltr'><strong>de</strong></span> 
     </span>
     <span class='ocr_line' id='line_1_15' title="bbox 171 1487 1207 1555; baseline 0.004 -17"><span class='ocrx_word' id='word_1_112' title='bbox 171 1490 287 1554; x_wconf 77' lang='lat' dir='ltr'><strong>jurejur.</strong></span> <span class='ocrx_word' id='word_1_113' title='bbox 305 1489 440 1552; x_wconf 85' lang='lat' dir='ltr'><strong>sponsalia</strong></span> <span class='ocrx_word' id='word_1_114' title='bbox 450 1487 501 1540; x_wconf 92' lang='lat' dir='ltr'><strong>hoc</strong></span> <span class='ocrx_word' id='word_1_115' title='bbox 516 1489 594 1539; x_wconf 91' lang='lat' dir='ltr'><strong>modo</strong></span> <span class='ocrx_word' id='word_1_116' title='bbox 607 1489 747 1539; x_wconf 82' lang='lat' dir='ltr'><strong>solvuntur</strong></span> <span class='ocrx_word' id='word_1_117' title='bbox 761 1489 820 1552; x_wconf 90' lang='lat' dir='ltr'><strong>ipso</strong></span> <span class='ocrx_word' id='word_1_118' title='bbox 833 1491 912 1553; x_wconf 87' lang='lat' dir='ltr'><strong>jure;</strong></span> <span class='ocrx_word' id='word_1_119' title='bbox 930 1489 977 1544; x_wconf 91' lang='lat' dir='ltr'><strong>sed</strong></span> <span class='ocrx_word' id='word_1_120' title='bbox 992 1492 1018 1540; x_wconf 91' lang='lat' dir='ltr'><strong>in</strong></span> <span class='ocrx_word' id='word_1_121' title='bbox 1033 1490 1207 1555; x_wconf 88' lang='lat' dir='ltr'><strong>quibusdam</strong></span> 
     </span>
     <span class='ocr_line' id='line_1_16' title="bbox 174 1557 1207 1624; baseline 0.004 -14"><span class='ocrx_word' id='word_1_122' title='bbox 174 1559 345 1620; x_wconf 85' lang='lat' dir='ltr'><strong>dioecesibus,</strong></span> <span class='ocrx_word' id='word_1_123' title='bbox 361 1563 391 1609; x_wconf 92' lang='lat' dir='ltr'><strong>ut</strong></span> <span class='ocrx_word' id='word_1_124' title='bbox 410 1559 438 1609; x_wconf 92' lang='lat' dir='ltr'><strong>in</strong></span> <span class='ocrx_word' id='word_1_125' title='bbox 461 1557 639 1624; x_wconf 80' lang='lat' dir='ltr'><strong>Frisiogensi,</strong></span> <span class='ocrx_word' id='word_1_126' title='bbox 655 1559 689 1608; x_wconf 91' lang='lat' dir='ltr'><strong>ad</strong></span> <span class='ocrx_word' id='word_1_127' title='bbox 710 1561 839 1624; x_wconf 85' lang='lat' dir='ltr'><strong>majorem</strong></span> <span class='ocrx_word' id='word_1_128' title='bbox 859 1561 1029 1611; x_wconf 87' lang='lat' dir='ltr'><strong>securitatem</strong></span> <span class='ocrx_word' id='word_1_129' title='bbox 1051 1563 1207 1614; x_wconf 89' lang='lat' dir='ltr'><strong>auctoritas</strong></span> 
     </span>
     <span class='ocr_line' id='line_1_17' title="bbox 171 1630 1206 1696; baseline 0.004 -16"><span class='ocrx_word' id='word_1_130' title='bbox 171 1631 271 1696; x_wconf 87' lang='lat' dir='ltr'><strong>judicis</strong></span> <span class='ocrx_word' id='word_1_131' title='bbox 281 1631 432 1692; x_wconf 83' lang='lat' dir='ltr'><strong>adhibetur,</strong></span> <span class='ocrx_word' id='word_1_132' title='bbox 447 1630 492 1695; x_wconf 90' lang='lat' dir='ltr'><strong>qui</strong></span> <span class='ocrx_word' id='word_1_133' title='bbox 505 1644 554 1696; x_wconf 90' lang='lat' dir='ltr'><strong>per</strong></span> <span class='ocrx_word' id='word_1_134' title='bbox 570 1645 648 1681; x_wconf 91' lang='lat' dir='ltr'><strong>suum</strong></span> <span class='ocrx_word' id='word_1_135' title='bbox 665 1630 801 1682; x_wconf 89' lang='lat' dir='ltr'><strong>decretum</strong></span> <span class='ocrx_word' id='word_1_136' title='bbox 816 1630 940 1682; x_wconf 86' lang='lat' dir='ltr'><strong>declarat</strong></span> <span class='ocrx_word' id='word_1_137' title='bbox 952 1633 1087 1695; x_wconf 89' lang='lat' dir='ltr'><strong>sponsalia</strong></span> <span class='ocrx_word' id='word_1_138' title='bbox 1100 1633 1206 1694; x_wconf 84' lang='lat' dir='ltr'><strong>soluta,</strong></span> 
     </span>
     <span class='ocr_line' id='line_1_18' title="bbox 175 1701 1204 1767; baseline 0.003 -15"><span class='ocrx_word' id='word_1_139' title='bbox 175 1701 282 1767; x_wconf 84' lang='lat' dir='ltr'><strong>quando</strong></span> <span class='ocrx_word' id='word_1_140' title='bbox 292 1707 354 1751; x_wconf 89' lang='lat' dir='ltr'><strong>sunt</strong></span> <span class='ocrx_word' id='word_1_141' title='bbox 368 1701 490 1765; x_wconf 88' lang='lat' dir='ltr'><strong>publica,</strong></span> <span class='ocrx_word' id='word_1_142' title='bbox 502 1707 547 1752; x_wconf 89' lang='lat' dir='ltr'><strong>aut</strong></span> <span class='ocrx_word' id='word_1_143' title='bbox 562 1702 671 1752; x_wconf 83' lang='lat' dir='ltr'><strong>fuerunt</strong></span> <span class='ocrx_word' id='word_1_144' title='bbox 687 1715 776 1752; x_wconf 90' lang='lat' dir='ltr'><strong>coram</strong></span> <span class='ocrx_word' id='word_1_145' title='bbox 791 1702 906 1762; x_wconf 85' lang='lat' dir='ltr'><strong>parocho</strong></span> <span class='ocrx_word' id='word_1_146' title='bbox 921 1709 1064 1754; x_wconf 84' lang='lat' dir='ltr'><strong>contracta.</strong></span> <span class='ocrx_word' id='word_1_147' title='bbox 1078 1703 1204 1755; x_wconf 88' lang='lat' dir='ltr'><strong>Reill&#39;en-</strong></span> 
     </span>
     <span class='ocr_line' id='line_1_19' title="bbox 175 1767 1204 1840; baseline 0.003 -17"><span class='ocrx_word' id='word_1_148' title='bbox 175 1772 244 1824; x_wconf 87' lang='lat' dir='ltr'><strong>stuel</strong></span> <span class='ocrx_word' id='word_1_149' title='bbox 254 1771 287 1821; x_wconf 87' lang='lat' dir='ltr'><strong>de</strong></span> <span class='ocrx_word' id='word_1_150' title='bbox 303 1785 395 1835; x_wconf 89' lang='lat' dir='ltr'><strong>spons.</strong></span> <span class='ocrx_word' id='word_1_151' title='bbox 410 1777 437 1822; x_wconf 88' lang='lat' dir='ltr'><strong>et</strong></span> <span class='ocrx_word' id='word_1_152' title='bbox 450 1777 528 1822; x_wconf 88' lang='lat' dir='ltr'><strong>matr.</strong></span> <span class='ocrx_word' id='word_1_153' title='bbox 543 1786 570 1822; x_wconf 91' lang='lat' dir='ltr'><strong>n.</strong></span> <span class='ocrx_word' id='word_1_154' title='bbox 587 1773 642 1822; x_wconf 75' lang='lat'><strong>208.</strong></span> <span class='ocrx_word' id='word_1_155' title='bbox 662 1799 693 1808; x_wconf 89' lang='lat'><em>-</em></span> <span class='ocrx_word' id='word_1_156' title='bbox 705 1772 740 1836; x_wconf 89' lang='lat' dir='ltr'><strong>(l)</strong></span> <span class='ocrx_word' id='word_1_157' title='bbox 752 1767 823 1837; x_wconf 81' lang='lat' dir='ltr'><strong>&#39;Gap</strong></span> <span class='ocrx_word' id='word_1_158' title='bbox 845 1773 859 1822; x_wconf 84' lang='lat' dir='ltr'><strong>l</strong></span> <span class='ocrx_word' id='word_1_159' title='bbox 874 1776 901 1823; x_wconf 84' lang='lat' dir='ltr'><strong>et</strong></span> <span class='ocrx_word' id='word_1_160' title='bbox 914 1773 928 1824; x_wconf 89' lang='lat'>8</span> <span class='ocrx_word' id='word_1_161' title='bbox 943 1772 976 1824; x_wconf 91' lang='lat' dir='ltr'><strong>de</strong></span> <span class='ocrx_word' id='word_1_162' title='bbox 992 1788 1067 1825; x_wconf 86' lang='lat' dir='ltr'><strong>conv.</strong></span> <span class='ocrx_word' id='word_1_163' title='bbox 1089 1777 1204 1840; x_wconf 83' lang='lat' dir='ltr'><strong>conjug.</strong></span> 
     </span>
     <span class='ocr_line' id='line_1_20' title="bbox 176 1841 1200 1911; baseline 0.003 -17"><span class='ocrx_word' id='word_1_164' title='bbox 176 1843 239 1894; x_wconf 86' lang='lat' dir='ltr'><strong>Can.</strong></span> <span class='ocrx_word' id='word_1_165' title='bbox 255 1841 278 1903; x_wconf 83' lang='lat'><strong>8,</strong></span> <span class='ocrx_word' id='word_1_166' title='bbox 294 1842 354 1892; x_wconf 90' lang='lat' dir='ltr'><strong>dist.</strong></span> <span class='ocrx_word' id='word_1_167' title='bbox 368 1843 408 1895; x_wconf 68' lang='lat' dir='ltr'><strong>ii.</strong></span> <span class='ocrx_word' id='word_1_168' title='bbox 422 1871 452 1879; x_wconf 93' lang='lat'>—</span> <span class='ocrx_word' id='word_1_169' title='bbox 463 1843 499 1908; x_wconf 87' lang='grc'><strong>(5)</strong></span> <span class='ocrx_word' id='word_1_170' title='bbox 516 1843 579 1908; x_wconf 89' lang='lat' dir='ltr'><strong>Cap.</strong></span> <span class='ocrx_word' id='word_1_171' title='bbox 595 1846 618 1899; x_wconf 83' lang='lat'><strong>5.</strong></span> <span class='ocrx_word' id='word_1_172' title='bbox 634 1843 666 1893; x_wconf 91' lang='lat' dir='ltr'><strong>de</strong></span> <span class='ocrx_word' id='word_1_173' title='bbox 683 1857 821 1911; x_wconf 64' lang='lat' dir='ltr'><strong>spons-</strong></span> <span class='ocrx_word' id='word_1_174' title='bbox 837 1846 872 1909; x_wconf 81' lang='grc'><strong>(6)</strong></span> <span class='ocrx_word' id='word_1_175' title='bbox 886 1845 913 1894; x_wconf 87' lang='lat' dir='ltr'><strong>L.</strong></span> <span class='ocrx_word' id='word_1_176' title='bbox 930 1845 953 1902; x_wconf 79' lang='lat' dir='ltr'><strong>i,</strong></span> <span class='ocrx_word' id='word_1_177' title='bbox 976 1845 1032 1895; x_wconf 90' lang='lat' dir='ltr'><strong>cod.</strong></span> <span class='ocrx_word' id='word_1_178' title='bbox 1052 1845 1085 1896; x_wconf 93' lang='lat' dir='ltr'><strong>de</strong></span> <span class='ocrx_word' id='word_1_179' title='bbox 1104 1859 1200 1909; x_wconf 87' lang='lat' dir='ltr'><strong>spons.</strong></span> 
     </span>
     <span class='ocr_line' id='line_1_21' title="bbox 175 1914 1202 1980; baseline 0.003 -15"><span class='ocrx_word' id='word_1_180' title='bbox 175 1941 206 1952; x_wconf 92' lang='lat'><em>-</em></span> <span class='ocrx_word' id='word_1_181' title='bbox 220 1915 255 1980; x_wconf 82' lang='lat' dir='ltr'><strong>(i)</strong></span> <span class='ocrx_word' id='word_1_182' title='bbox 272 1914 418 1979; x_wconf 90' lang='lat' dir='ltr'><strong>Hucusque</strong></span> <span class='ocrx_word' id='word_1_183' title='bbox 433 1914 505 1965; x_wconf 89' lang='lat' dir='ltr'><strong>dicta</strong></span> <span class='ocrx_word' id='word_1_184' title='bbox 522 1915 676 1979; x_wconf 88' lang='lat' dir='ltr'><strong>procedunt,</strong></span> <span class='ocrx_word' id='word_1_185' title='bbox 697 1916 802 1980; x_wconf 87' lang='lat' dir='ltr'><strong>quando</strong></span> <span class='ocrx_word' id='word_1_186' title='bbox 820 1915 957 1980; x_wconf 86' lang='lat' dir='ltr'><strong>sponsalia</strong></span> <span class='ocrx_word' id='word_1_187' title='bbox 973 1929 1039 1980; x_wconf 90' lang='lat' dir='ltr'><strong>pure</strong></span> <span class='ocrx_word' id='word_1_188' title='bbox 1059 1922 1202 1968; x_wconf 82' lang='lat' dir='ltr'><strong>contracta</strong></span> 
     </span>
     <span class='ocr_line' id='line_1_22' title="bbox 175 1985 1202 2050; baseline 0.003 -14"><span class='ocrx_word' id='word_1_189' title='bbox 175 1985 265 2046; x_wconf 83' lang='lat' dir='ltr'><strong>fuere;</strong></span> <span class='ocrx_word' id='word_1_190' title='bbox 280 1999 341 2034; x_wconf 89' lang='lat' dir='ltr'><strong>num</strong></span> <span class='ocrx_word' id='word_1_191' title='bbox 357 1988 380 2036; x_wconf 87' lang='lat' dir='ltr'><strong>si</strong></span> <span class='ocrx_word' id='word_1_192' title='bbox 395 1991 530 2036; x_wconf 87' lang='lat' dir='ltr'><strong>contracta</strong></span> <span class='ocrx_word' id='word_1_193' title='bbox 542 1987 595 2035; x_wconf 81' lang='lat' dir='ltr'><strong>sint</strong></span> <span class='ocrx_word' id='word_1_194' title='bbox 609 1998 669 2035; x_wconf 91' lang='lat' dir='ltr'><strong>cum</strong></span> <span class='ocrx_word' id='word_1_195' title='bbox 684 1987 833 2050; x_wconf 86' lang='lat' dir='ltr'><strong>adjectione</strong></span> <span class='ocrx_word' id='word_1_196' title='bbox 849 1987 975 2050; x_wconf 85' lang='lat' dir='ltr'><strong>temporis</strong></span> <span class='ocrx_word' id='word_1_197' title='bbox 989 1987 1144 2046; x_wconf 84' lang='lat' dir='ltr'><strong>ridendum,</strong></span> <span class='ocrx_word' id='word_1_198' title='bbox 1160 2002 1202 2039; x_wconf 89' lang='lat' dir='ltr'><strong>an</strong></span> 
     </span>
     <span class='ocr_line' id='line_1_23' title="bbox 175 2056 1200 2122; baseline 0 -14"><span class='ocrx_word' id='word_1_199' title='bbox 175 2058 302 2122; x_wconf 88' lang='lat' dir='ltr'><strong>temporis</strong></span> <span class='ocrx_word' id='word_1_200' title='bbox 315 2056 428 2121; x_wconf 83' lang='lat' dir='ltr'><strong>adjectio</strong></span> <span class='ocrx_word' id='word_1_201' title='bbox 439 2057 509 2108; x_wconf 88' lang='lat' dir='ltr'><strong>lacta</strong></span> <span class='ocrx_word' id='word_1_202' title='bbox 522 2056 708 2118; x_wconf 84' lang='lat' dir='ltr'><strong>sitstacutiue,</strong></span> <span class='ocrx_word' id='word_1_203' title='bbox 721 2056 910 2108; x_wconf 85' lang='lat' dir='ltr'><strong>adficiendam</strong></span> <span class='ocrx_word' id='word_1_204' title='bbox 933 2058 1132 2122; x_wconf 80' lang='lat' dir='ltr'><strong>obligationem,</strong></span> <span class='ocrx_word' id='word_1_205' title='bbox 1150 2058 1200 2110; x_wconf 86' lang='lat' dir='ltr'><strong>vel</strong></span> 
     </span>
     <span class='ocr_line' id='line_1_24' title="bbox 175 2128 1198 2195; baseline 0.002 -17"><span class='ocrx_word' id='word_1_206' title='bbox 175 2129 511 2195; x_wconf 20' lang='lat' dir='ltr'><strong>tantumfldectonslrult&#39;na,</strong></span> <span class='ocrx_word' id='word_1_207' title='bbox 527 2129 561 2179; x_wconf 86' lang='lat' dir='ltr'><strong>ed</strong></span> <span class='ocrx_word' id='word_1_208' title='bbox 576 2128 765 2192; x_wconf 84' lang='lat' dir='ltr'><strong>obligationem</strong></span> <span class='ocrx_word' id='word_1_209' title='bbox 789 2129 1011 2179; x_wconf 87' lang='lat' dir='ltr'><strong>accelerandam:</strong></span> <span class='ocrx_word' id='word_1_210' title='bbox 1031 2130 1198 2195; x_wconf 81' lang='lat' dir='ltr'><strong>comprimo</strong></span> 
     </span>
     <span class='ocr_line' id='line_1_25' title="bbox 176 2198 1198 2264; baseline 0 -14"><span class='ocrx_word' id='word_1_211' title='bbox 176 2212 241 2250; x_wconf 88' lang='lat' dir='ltr'><strong>casu</strong></span> <span class='ocrx_word' id='word_1_212' title='bbox 258 2199 315 2263; x_wconf 86' lang='lat' dir='ltr'><strong>ipso</strong></span> <span class='ocrx_word' id='word_1_213' title='bbox 330 2201 392 2263; x_wconf 89' lang='lat' dir='ltr'><strong>jure</strong></span> <span class='ocrx_word' id='word_1_214' title='bbox 416 2199 558 2250; x_wconf 91' lang='lat' dir='ltr'><strong>solvuntur</strong></span> <span class='ocrx_word' id='word_1_215' title='bbox 571 2198 707 2262; x_wconf 87' lang='lat' dir='ltr'><strong>sponsalia</strong></span> <span class='ocrx_word' id='word_1_216' title='bbox 721 2200 781 2262; x_wconf 89' lang='lat' dir='ltr'><strong>post</strong></span> <span class='ocrx_word' id='word_1_217' title='bbox 795 2198 901 2264; x_wconf 91' lang='lat' dir='ltr'><strong>lapsum</strong></span> <span class='ocrx_word' id='word_1_218' title='bbox 921 2201 1058 2264; x_wconf 89' lang='lat' dir='ltr'><strong>temporis.</strong></span> <span class='ocrx_word' id='word_1_219' title='bbox 1075 2201 1139 2262; x_wconf 88' lang='lat' dir='ltr'><strong>Cap.</strong></span> <span class='ocrx_word' id='word_1_220' title='bbox 1154 2200 1198 2264; x_wconf 70' lang='lat'><strong>22,</strong></span> 
     </span>
     <span class='ocr_line' id='line_1_26' title="bbox 176 2269 1203 2338; baseline 0 -17"><span class='ocrx_word' id='word_1_221' title='bbox 176 2269 210 2321; x_wconf 93' lang='lat' dir='ltr'><strong>de</strong></span> <span class='ocrx_word' id='word_1_222' title='bbox 224 2283 313 2334; x_wconf 83' lang='lat' dir='ltr'><strong>spons.</strong></span> <span class='ocrx_word' id='word_1_223' title='bbox 325 2276 352 2320; x_wconf 93' lang='lat' dir='ltr'><strong>et</strong></span> <span class='ocrx_word' id='word_1_224' title='bbox 361 2273 449 2331; x_wconf 66' lang='lat' dir='ltr'><strong>matra</strong></span> <span class='ocrx_word' id='word_1_225' title='bbox 461 2270 578 2321; x_wconf 89' lang='lat' dir='ltr'><strong>secundo</strong></span> <span class='ocrx_word' id='word_1_226' title='bbox 591 2272 680 2319; x_wconf 87' lang='lat' dir='ltr'><strong>autem</strong></span> <span class='ocrx_word' id='word_1_227' title='bbox 691 2269 778 2319; x_wconf 90' lang='lat' dir='ltr'><strong>adhuc</strong></span> <span class='ocrx_word' id='word_1_228' title='bbox 791 2269 951 2328; x_wconf 80' lang='lat' dir='ltr'><strong>subsistunt,</strong></span> <span class='ocrx_word' id='word_1_229' title='bbox 963 2284 1024 2320; x_wconf 91' lang='lat' dir='ltr'><strong>cum</strong></span> <span class='ocrx_word' id='word_1_230' title='bbox 1034 2271 1072 2321; x_wconf 89' lang='lat' dir='ltr'><strong>ibi</strong></span> <span class='ocrx_word' id='word_1_231' title='bbox 1082 2269 1141 2321; x_wconf 77' lang='lat' dir='ltr'><strong>dure</strong></span> <span class='ocrx_word' id='word_1_232' title='bbox 1152 2285 1203 2338; x_wconf 87' lang='lat' dir='ltr'><strong>ap-</strong></span> 
     </span>
     <span class='ocr_line' id='line_1_27' title="bbox 176 2339 1199 2408; baseline 0.001 -16"><span class='ocrx_word' id='word_1_233' title='bbox 176 2344 289 2408; x_wconf 88' lang='lat' dir='ltr'><strong>pareant</strong></span> <span class='ocrx_word' id='word_1_234' title='bbox 302 2342 489 2407; x_wconf 82' lang='lat' dir='ltr'><strong>obligationes,</strong></span> <span class='ocrx_word' id='word_1_235' title='bbox 505 2340 639 2404; x_wconf 89' lang='lat' dir='ltr'><strong>videlicet,</strong></span> <span class='ocrx_word' id='word_1_236' title='bbox 650 2339 823 2391; x_wconf 89' lang='lat' dir='ltr'><strong>contrahendi</strong></span> <span class='ocrx_word' id='word_1_237' title='bbox 838 2341 969 2404; x_wconf 89' lang='lat' dir='ltr'><strong>absolute,</strong></span> <span class='ocrx_word' id='word_1_238' title='bbox 985 2348 1012 2391; x_wconf 91' lang='lat' dir='ltr'><strong>et</strong></span> <span class='ocrx_word' id='word_1_239' title='bbox 1021 2343 1199 2394; x_wconf 88' lang='lat' dir='ltr'><strong>contrahendi</strong></span> 
     </span>
     <span class='ocr_line' id='line_1_28' title="bbox 176 2411 1201 2478; baseline 0.001 -15"><span class='ocrx_word' id='word_1_240' title='bbox 176 2412 248 2463; x_wconf 90' lang='lat' dir='ltr'><strong>intra</strong></span> <span class='ocrx_word' id='word_1_241' title='bbox 262 2420 366 2478; x_wconf 89' lang='lat' dir='ltr'><strong>tempus</strong></span> <span class='ocrx_word' id='word_1_242' title='bbox 385 2413 541 2472; x_wconf 70' lang='lat' dir='ltr'><strong>delinitum</strong></span> <span class='ocrx_word' id='word_1_243' title='bbox 556 2412 627 2476; x_wconf 91' lang='lat' dir='ltr'><strong>quod</strong></span> <span class='ocrx_word' id='word_1_244' title='bbox 642 2411 665 2462; x_wconf 84' lang='lat' dir='ltr'><strong>si</strong></span> <span class='ocrx_word' id='word_1_245' title='bbox 684 2412 784 2462; x_wconf 87' lang='lat' dir='ltr'><strong>lactum</strong></span> <span class='ocrx_word' id='word_1_246' title='bbox 801 2424 855 2461; x_wconf 89' lang='lat' dir='ltr'><strong>nou</strong></span> <span class='ocrx_word' id='word_1_247' title='bbox 875 2413 918 2470; x_wconf 88' lang='lat' dir='ltr'><strong>sit,</strong></span> <span class='ocrx_word' id='word_1_248' title='bbox 933 2411 1022 2462; x_wconf 88' lang='lat' dir='ltr'><strong>adhuc</strong></span> <span class='ocrx_word' id='word_1_249' title='bbox 1035 2418 1125 2464; x_wconf 89' lang='lat' dir='ltr'><strong>manet</strong></span> <span class='ocrx_word' id='word_1_250' title='bbox 1143 2413 1201 2464; x_wconf 87' lang='lat' dir='ltr'><strong>alia</strong></span> 
     </span>
     <span class='ocr_line' id='line_1_29' title="bbox 167 2482 1200 2550; baseline 0.001 -15"><span class='ocrx_word' id='word_1_251' title='bbox 167 2484 314 2549; x_wconf 81' lang='lat' dir='ltr'><strong>obligatio,</strong></span> <span class='ocrx_word' id='word_1_252' title='bbox 329 2488 357 2534; x_wconf 89' lang='lat' dir='ltr'><strong>ul</strong></span> <span class='ocrx_word' id='word_1_253' title='bbox 368 2488 487 2550; x_wconf 89' lang='lat' dir='ltr'><strong>tempore</strong></span> <span class='ocrx_word' id='word_1_254' title='bbox 505 2488 653 2550; x_wconf 89' lang='lat' dir='ltr'><strong>opportuno</strong></span> <span class='ocrx_word' id='word_1_255' title='bbox 674 2482 874 2534; x_wconf 88' lang='lat' dir='ltr'><strong>matrimonium</strong></span> <span class='ocrx_word' id='word_1_256' title='bbox 888 2483 1002 2544; x_wconf 89' lang='lat' dir='ltr'><strong>ineatur,</strong></span> <span class='ocrx_word' id='word_1_257' title='bbox 1016 2488 1140 2550; x_wconf 88' lang='lat' dir='ltr'><strong>utsupra</strong></span> <span class='ocrx_word' id='word_1_258' title='bbox 1154 2485 1200 2535; x_wconf 91' lang='lat' dir='ltr'><strong>di-</strong></span> 
     </span>
     <span class='ocr_line' id='line_1_30' title="bbox 177 2553 1200 2620; baseline 0.002 -14"><span class='ocrx_word' id='word_1_259' title='bbox 177 2555 274 2607; x_wconf 82' lang='lat' dir='ltr'><strong>ximus.</strong></span> <span class='ocrx_word' id='word_1_260' title='bbox 291 2555 319 2606; x_wconf 80' lang='lat' dir='ltr'><strong>Si</strong></span> <span class='ocrx_word' id='word_1_261' title='bbox 333 2569 396 2606; x_wconf 85' lang='lat' dir='ltr'><strong>vero</strong></span> <span class='ocrx_word' id='word_1_262' title='bbox 412 2555 524 2605; x_wconf 89' lang='lat' dir='ltr'><strong>dubium</strong></span> <span class='ocrx_word' id='word_1_263' title='bbox 547 2556 590 2614; x_wconf 86' lang='lat' dir='ltr'><strong>sit,</strong></span> <span class='ocrx_word' id='word_1_264' title='bbox 614 2569 648 2606; x_wconf 91' lang='lat' dir='ltr'><strong>an</strong></span> <span class='ocrx_word' id='word_1_265' title='bbox 667 2558 773 2620; x_wconf 87' lang='lat' dir='ltr'><strong>tempus</strong></span> <span class='ocrx_word' id='word_1_266' title='bbox 788 2553 939 2619; x_wconf 88' lang='lat' dir='ltr'><strong>appositum</strong></span> <span class='ocrx_word' id='word_1_267' title='bbox 963 2555 998 2605; x_wconf 87' lang='lat' dir='ltr'><strong>sit</strong></span> <span class='ocrx_word' id='word_1_268' title='bbox 1012 2557 1136 2612; x_wconf 82' lang='lat' dir='ltr'><strong>laxativo,</strong></span> <span class='ocrx_word' id='word_1_269' title='bbox 1154 2556 1200 2608; x_wconf 85' lang='lat' dir='ltr'><strong>vel</strong></span> 
     </span>
     <span class='ocr_line' id='line_1_31' title="bbox 178 2624 1200 2690; baseline 0.001 -13"><span class='ocrx_word' id='word_1_270' title='bbox 178 2625 394 2685; x_wconf 84' lang='lat' dir='ltr'><strong>demonstrative,</strong></span> <span class='ocrx_word' id='word_1_271' title='bbox 410 2626 443 2676; x_wconf 90' lang='lat' dir='ltr'><strong>ad</strong></span> <span class='ocrx_word' id='word_1_272' title='bbox 453 2625 573 2690; x_wconf 88' lang='lat' dir='ltr'><strong>judicem</strong></span> <span class='ocrx_word' id='word_1_273' title='bbox 587 2630 692 2689; x_wconf 85' lang='lat' dir='ltr'><strong>spectat</strong></span> <span class='ocrx_word' id='word_1_274' title='bbox 703 2625 814 2674; x_wconf 90' lang='lat' dir='ltr'><strong>dubium</strong></span> <span class='ocrx_word' id='word_1_275' title='bbox 827 2624 969 2687; x_wconf 83' lang='lat' dir='ltr'><strong>resolvere,</strong></span> <span class='ocrx_word' id='word_1_276' title='bbox 984 2629 1010 2676; x_wconf 90' lang='lat' dir='ltr'><strong>et</strong></span> <span class='ocrx_word' id='word_1_277' title='bbox 1019 2631 1125 2690; x_wconf 91' lang='lat' dir='ltr'><strong>tempus</strong></span> <span class='ocrx_word' id='word_1_278' title='bbox 1135 2641 1200 2678; x_wconf 89' lang='lat' dir='ltr'><strong>con·</strong></span> 
     </span>
     <span class='ocr_line' id='line_1_32' title="bbox 178 2695 1201 2762; baseline 0.002 -14"><span class='ocrx_word' id='word_1_279' title='bbox 178 2711 275 2762; x_wconf 82' lang='lat' dir='ltr'><strong>gruum</strong></span> <span class='ocrx_word' id='word_1_280' title='bbox 289 2697 449 2748; x_wconf 89' lang='lat' dir='ltr'><strong>constituere</strong></span> <span class='ocrx_word' id='word_1_281' title='bbox 459 2699 531 2746; x_wconf 86' lang='lat' dir='ltr'><strong>intra</strong></span> <span class='ocrx_word' id='word_1_282' title='bbox 545 2695 616 2760; x_wconf 86' lang='lat' dir='ltr'><strong>quod</strong></span> <span class='ocrx_word' id='word_1_283' title='bbox 629 2695 828 2746; x_wconf 88' lang='lat' dir='ltr'><strong>matrimonium</strong></span> <span class='ocrx_word' id='word_1_284' title='bbox 842 2696 877 2746; x_wconf 92' lang='lat' dir='ltr'><strong>sit</strong></span> <span class='ocrx_word' id='word_1_285' title='bbox 891 2697 1082 2748; x_wconf 90' lang='lat' dir='ltr'><strong>celebrandum</strong></span> <span class='ocrx_word' id='word_1_286' title='bbox 1094 2717 1100 2746; x_wconf 76' lang='grc' dir='ltr'><strong><em>ι</em></strong></span> <span class='ocrx_word' id='word_1_287' title='bbox 1114 2703 1139 2748; x_wconf 91' lang='lat' dir='ltr'><strong>et</strong></span> <span class='ocrx_word' id='word_1_288' title='bbox 1149 2697 1201 2750; x_wconf 89' lang='lat' dir='ltr'><strong>hoc</strong></span> 
     </span>
     <span class='ocr_line' id='line_1_33' title="bbox 179 2767 1200 2833; baseline 0.001 -15"><span class='ocrx_word' id='word_1_289' title='bbox 179 2771 286 2832; x_wconf 85' lang='lat' dir='ltr'><strong>tempus</strong></span> <span class='ocrx_word' id='word_1_290' title='bbox 299 2782 348 2832; x_wconf 90' lang='lat' dir='ltr'><strong>par</strong></span> <span class='ocrx_word' id='word_1_291' title='bbox 360 2769 479 2833; x_wconf 87' lang='lat' dir='ltr'><strong>judicem</strong></span> <span class='ocrx_word' id='word_1_292' title='bbox 491 2774 615 2818; x_wconf 89' lang='lat' dir='ltr'><strong>censetur</strong></span> <span class='ocrx_word' id='word_1_293' title='bbox 630 2767 746 2818; x_wconf 80' lang='lat' dir='ltr'><strong>taxative</strong></span> <span class='ocrx_word' id='word_1_294' title='bbox 764 2767 937 2818; x_wconf 88' lang='lat' dir='ltr'><strong>coustitutum</strong></span> <span class='ocrx_word' id='word_1_295' title='bbox 953 2767 988 2818; x_wconf 90' lang='lat' dir='ltr'><strong>ad</strong></span> <span class='ocrx_word' id='word_1_296' title='bbox 1010 2769 1200 2831; x_wconf 77' lang='lat' dir='ltr'><strong>obligationem</strong></span> 
     </span>
     <span class='ocr_line' id='line_1_34' title="bbox 180 2838 1198 2904; baseline 0.001 -14"><span class='ocrx_word' id='word_1_297' title='bbox 180 2839 333 2900; x_wconf 84' lang='lat' dir='ltr'><strong>finiendam,</strong></span> <span class='ocrx_word' id='word_1_298' title='bbox 348 2853 382 2889; x_wconf 92' lang='lat' dir='ltr'><strong>ne</strong></span> <span class='ocrx_word' id='word_1_299' title='bbox 399 2839 499 2889; x_wconf 89' lang='lat' dir='ltr'><strong>diutius</strong></span> <span class='ocrx_word' id='word_1_300' title='bbox 513 2853 574 2889; x_wconf 92' lang='lat' dir='ltr'><strong>cum</strong></span> <span class='ocrx_word' id='word_1_301' title='bbox 589 2838 739 2888; x_wconf 88' lang='lat' dir='ltr'><strong>animarum</strong></span> <span class='ocrx_word' id='word_1_302' title='bbox 752 2838 872 2904; x_wconf 91' lang='lat' dir='ltr'><strong>periculo</strong></span> <span class='ocrx_word' id='word_1_303' title='bbox 888 2839 1089 2890; x_wconf 87' lang='lat' dir='ltr'><strong>matrimonium</strong></span> <span class='ocrx_word' id='word_1_304' title='bbox 1100 2841 1124 2888; x_wconf 92' lang='lat' dir='ltr'><strong>in</strong></span> <span class='ocrx_word' id='word_1_305' title='bbox 1136 2853 1198 2891; x_wconf 91' lang='lat' dir='ltr'><strong>sus·</strong></span> 
     </span>
     <span class='ocr_line' id='line_1_35' title="bbox 179 2909 1200 2977; baseline 0.001 -17"><span class='ocrx_word' id='word_1_306' title='bbox 179 2923 264 2977; x_wconf 86' lang='lat' dir='ltr'><strong>penso</strong></span> <span class='ocrx_word' id='word_1_307' title='bbox 284 2913 399 2960; x_wconf 87' lang='lat' dir='ltr'><strong>maneat.</strong></span> <span class='ocrx_word' id='word_1_308' title='bbox 417 2937 448 2946; x_wconf 90' lang='lat'>-</span> <span class='ocrx_word' id='word_1_309' title='bbox 467 2909 502 2974; x_wconf 89' lang='lat'><strong>(8)</strong></span> <span class='ocrx_word' id='word_1_310' title='bbox 526 2909 615 2972; x_wconf 88' lang='lat' dir='ltr'><strong>Quare</strong></span> <span class='ocrx_word' id='word_1_311' title='bbox 640 2909 733 2972; x_wconf 83' lang='lat' dir='ltr'><strong>regula</strong></span> <span class='ocrx_word' id='word_1_312' title='bbox 750 2909 895 2959; x_wconf 83' lang='lat' dir='ltr'><strong>Doctorum</strong></span> <span class='ocrx_word' id='word_1_313' title='bbox 916 2916 965 2972; x_wconf 88' lang='lat' dir='ltr'><strong>est,</strong></span> <span class='ocrx_word' id='word_1_314' title='bbox 992 2924 1069 2974; x_wconf 89' lang='lat' dir='ltr'><strong>posse</strong></span> <span class='ocrx_word' id='word_1_315' title='bbox 1090 2910 1200 2961; x_wconf 85' lang='lat' dir='ltr'><strong>dissolvi</strong></span> 
     </span>
     <span class='ocr_line' id='line_1_36' title="bbox 180 2979 1201 3047; baseline 0.002 -15"><span class='ocrx_word' id='word_1_316' title='bbox 180 2980 314 3043; x_wconf 88' lang='lat' dir='ltr'><strong>sponsalia</strong></span> <span class='ocrx_word' id='word_1_317' title='bbox 322 2981 355 3031; x_wconf 93' lang='lat' dir='ltr'><strong>ob</strong></span> <span class='ocrx_word' id='word_1_318' title='bbox 363 2982 543 3042; x_wconf 87' lang='lat' dir='ltr'><strong>mutationem,</strong></span> <span class='ocrx_word' id='word_1_319' title='bbox 553 2979 660 3044; x_wconf 90' lang='lat' dir='ltr'><strong>quando</strong></span> <span class='ocrx_word' id='word_1_320' title='bbox 671 2979 730 3030; x_wconf 87' lang='lat' dir='ltr'><strong>talis</strong></span> <span class='ocrx_word' id='word_1_321' title='bbox 738 2985 788 3043; x_wconf 88' lang='lat' dir='ltr'><strong>est,</strong></span> <span class='ocrx_word' id='word_1_322' title='bbox 799 2986 828 3030; x_wconf 93' lang='lat' dir='ltr'><strong>ut</strong></span> <span class='ocrx_word' id='word_1_323' title='bbox 837 2982 859 3031; x_wconf 90' lang='lat' dir='ltr'><strong>si</strong></span> <span class='ocrx_word' id='word_1_324' title='bbox 869 2983 1030 3032; x_wconf 88' lang='lat' dir='ltr'><strong>contrahens</strong></span> <span class='ocrx_word' id='word_1_325' title='bbox 1040 2996 1098 3033; x_wconf 88' lang='lat' dir='ltr'><strong>eam</strong></span> <span class='ocrx_word' id='word_1_326' title='bbox 1107 2995 1201 3047; x_wconf 86' lang='lat' dir='ltr'><strong>cogno·</strong></span> 
     </span>
     <span class='ocr_line' id='line_1_37' title="bbox 179 3050 1199 3116; baseline 0.003 -14"><span class='ocrx_word' id='word_1_327' title='bbox 179 3051 271 3108; x_wconf 85' lang='lat' dir='ltr'><strong>visset,</strong></span> <span class='ocrx_word' id='word_1_328' title='bbox 288 3052 329 3102; x_wconf 88' lang='lat' dir='ltr'><strong>vel</strong></span> <span class='ocrx_word' id='word_1_329' title='bbox 345 3051 524 3116; x_wconf 69' lang='lat' dir='ltr'><strong>praevidisset,</strong></span> <span class='ocrx_word' id='word_1_330' title='bbox 538 3065 592 3100; x_wconf 89' lang='lat' dir='ltr'><strong>non</strong></span> <span class='ocrx_word' id='word_1_331' title='bbox 606 3050 702 3101; x_wconf 87' lang='lat' dir='ltr'><strong>luisset</strong></span> <span class='ocrx_word' id='word_1_332' title='bbox 714 3056 910 3110; x_wconf 84' lang='lat' dir='ltr'><strong>contracturus,</strong></span> <span class='ocrx_word' id='word_1_333' title='bbox 927 3053 990 3115; x_wconf 79' lang='lat' dir='ltr'><strong>utria</strong></span> <span class='ocrx_word' id='word_1_334' title='bbox 1003 3053 1128 3116; x_wconf 86' lang='lat' dir='ltr'><strong>obligatio</strong></span> <span class='ocrx_word' id='word_1_335' title='bbox 1147 3068 1199 3105; x_wconf 92' lang='lat' dir='ltr'><strong>non</strong></span> 
     </span>
     <span class='ocr_line' id='line_1_38' title="bbox 181 3121 1199 3188; baseline 0.003 -14"><span class='ocrx_word' id='word_1_336' title='bbox 181 3122 334 3188; x_wconf 78' lang='lat' dir='ltr'><strong>extenditur</strong></span> <span class='ocrx_word' id='word_1_337' title='bbox 347 3124 417 3171; x_wconf 86' lang='lat' dir='ltr'><strong>ultro</strong></span> <span class='ocrx_word' id='word_1_338' title='bbox 429 3121 604 3171; x_wconf 89' lang='lat' dir='ltr'><strong>intentionem</strong></span> <span class='ocrx_word' id='word_1_339' title='bbox 623 3121 809 3187; x_wconf 86' lang='lat' dir='ltr'><strong>promittentis.</strong></span> <span class='ocrx_word' id='word_1_340' title='bbox 831 3121 935 3182; x_wconf 85' lang='lat' dir='ltr'><strong>Qtranta</strong></span> <span class='ocrx_word' id='word_1_341' title='bbox 947 3127 1035 3174; x_wconf 90' lang='lat' dir='ltr'><strong>autem</strong></span> <span class='ocrx_word' id='word_1_342' title='bbox 1050 3125 1130 3175; x_wconf 72' lang='lat' dir='ltr'><strong>luerit</strong></span> <span class='ocrx_word' id='word_1_343' title='bbox 1143 3123 1199 3176; x_wconf 77' lang='lat' dir='ltr'><strong>brec</strong></span> 
     </span>
     <span class='ocr_line' id='line_1_39' title="bbox 179 3193 1199 3258; baseline 0.006 -17"><span class='ocrx_word' id='word_1_344' title='bbox 179 3194 295 3246; x_wconf 86' lang='lat' dir='ltr'><strong>intentio</strong></span> <span class='ocrx_word' id='word_1_345' title='bbox 309 3193 495 3244; x_wconf 88' lang='lat' dir='ltr'><strong>deducendum</strong></span> <span class='ocrx_word' id='word_1_346' title='bbox 511 3194 552 3242; x_wconf 89' lang='lat' dir='ltr'><strong>est</strong></span> <span class='ocrx_word' id='word_1_347' title='bbox 565 3207 596 3242; x_wconf 83' lang='lat' dir='ltr'><strong>en</strong></span> <span class='ocrx_word' id='word_1_348' title='bbox 611 3193 711 3253; x_wconf 72' lang='lat' dir='ltr'><strong>sarbia,</strong></span> <span class='ocrx_word' id='word_1_349' title='bbox 724 3207 757 3242; x_wconf 84' lang='lat' dir='ltr'><strong>ex</strong></span> <span class='ocrx_word' id='word_1_350' title='bbox 772 3193 989 3256; x_wconf 84' lang='lat' dir='ltr'><strong>circumstantiis,</strong></span> <span class='ocrx_word' id='word_1_351' title='bbox 1006 3195 1048 3245; x_wconf 89' lang='lat' dir='ltr'><strong>vel</strong></span> <span class='ocrx_word' id='word_1_352' title='bbox 1063 3209 1095 3246; x_wconf 88' lang='lat' dir='ltr'><strong>ex</strong></span> <span class='ocrx_word' id='word_1_353' title='bbox 1117 3197 1199 3258; x_wconf 78' lang='lat' dir='ltr'><strong>iurata</strong></span> 
     </span>
     <span class='ocr_line' id='line_1_40' title="bbox 182 3262 1197 3328; baseline -0.001 -10"><span class='ocrx_word' id='word_1_354' title='bbox 182 3265 330 3318; x_wconf 81' lang='lat' dir='ltr'><strong>assertione</strong></span> <span class='ocrx_word' id='word_1_355' title='bbox 343 3263 426 3326; x_wconf 90' lang='lat' dir='ltr'><strong>illius,</strong></span> <span class='ocrx_word' id='word_1_356' title='bbox 439 3264 485 3328; x_wconf 84' lang='lat' dir='ltr'><strong>qui</strong></span> <span class='ocrx_word' id='word_1_357' title='bbox 495 3262 569 3320; x_wconf 89' lang='lat' dir='ltr'><strong>dicit,</strong></span> <span class='ocrx_word' id='word_1_358' title='bbox 581 3277 611 3314; x_wconf 89' lang='lat' dir='ltr'><strong>se</strong></span> <span class='ocrx_word' id='word_1_359' title='bbox 624 3277 677 3313; x_wconf 90' lang='lat' dir='ltr'><strong>non</strong></span> <span class='ocrx_word' id='word_1_360' title='bbox 692 3265 867 3324; x_wconf 88' lang='lat' dir='ltr'><strong>contraxisse,</strong></span> <span class='ocrx_word' id='word_1_361' title='bbox 884 3265 908 3314; x_wconf 90' lang='lat' dir='ltr'><strong>si</strong></span> <span class='ocrx_word' id='word_1_362' title='bbox 928 3265 1009 3317; x_wconf 90' lang='lat' dir='ltr'><strong>talem</strong></span> <span class='ocrx_word' id='word_1_363' title='bbox 1028 3271 1197 3320; x_wconf 82' lang='lat' dir='ltr'><strong>mutationem</strong></span> 
     </span>
     <span class='ocr_line' id='line_1_41' title="bbox 183 3333 1198 3402; baseline 0.001 -14"><span class='ocrx_word' id='word_1_364' title='bbox 183 3335 344 3402; x_wconf 86' lang='lat' dir='ltr'><strong>agnovisset.</strong></span> <span class='ocrx_word' id='word_1_365' title='bbox 356 3335 421 3385; x_wconf 89' lang='lat' dir='ltr'><strong>Cum</strong></span> <span class='ocrx_word' id='word_1_366' title='bbox 436 3333 507 3384; x_wconf 90' lang='lat' dir='ltr'><strong>enim</strong></span> <span class='ocrx_word' id='word_1_367' title='bbox 518 3335 607 3397; x_wconf 82' lang='lat' dir='ltr'><strong>agitur</strong></span> <span class='ocrx_word' id='word_1_368' title='bbox 621 3337 653 3384; x_wconf 87' lang='lat' dir='ltr'><strong>de</strong></span> <span class='ocrx_word' id='word_1_369' title='bbox 669 3335 760 3396; x_wconf 80' lang='lat' dir='ltr'><strong>rebus,</strong></span> <span class='ocrx_word' id='word_1_370' title='bbox 777 3348 838 3399; x_wconf 84' lang='lat' dir='ltr'><strong>quae</strong></span> <span class='ocrx_word' id='word_1_371' title='bbox 853 3335 887 3384; x_wconf 89' lang='lat' dir='ltr'><strong>ud</strong></span> <span class='ocrx_word' id='word_1_372' title='bbox 901 3338 1020 3387; x_wconf 89' lang='lat' dir='ltr'><strong>animum</strong></span> <span class='ocrx_word' id='word_1_373' title='bbox 1031 3341 1157 3402; x_wconf 88' lang='lat' dir='ltr'><strong>spectant,</strong></span> <span class='ocrx_word' id='word_1_374' title='bbox 1174 3343 1198 3389; x_wconf 89' lang='lat' dir='ltr'><strong>et</strong></span> 
     </span>
     <span class='ocr_line' id='line_1_42' title="bbox 183 3405 1195 3475; baseline 0 -15"><span class='ocrx_word' id='word_1_375' title='bbox 183 3409 261 3460; x_wconf 79' lang='lat' dir='ltr'><strong>aliter</strong></span> <span class='ocrx_word' id='word_1_376' title='bbox 277 3406 385 3471; x_wconf 85' lang='lat' dir='ltr'><strong>probari</strong></span> <span class='ocrx_word' id='word_1_377' title='bbox 398 3418 452 3455; x_wconf 90' lang='lat' dir='ltr'><strong>non</strong></span> <span class='ocrx_word' id='word_1_378' title='bbox 467 3409 588 3469; x_wconf 89' lang='lat' dir='ltr'><strong>possunt,</strong></span> <span class='ocrx_word' id='word_1_379' title='bbox 604 3405 729 3455; x_wconf 89' lang='lat' dir='ltr'><strong>standum</strong></span> <span class='ocrx_word' id='word_1_380' title='bbox 739 3411 781 3455; x_wconf 85' lang='lat' dir='ltr'><strong>est</strong></span> <span class='ocrx_word' id='word_1_381' title='bbox 796 3414 951 3469; x_wconf 68' lang='lat' dir='ltr'><strong>juramento</strong></span> <span class='ocrx_word' id='word_1_382' title='bbox 969 3410 1121 3460; x_wconf 87' lang='lat' dir='ltr'><strong>asserentis.</strong></span> <span class='ocrx_word' id='word_1_383' title='bbox 1135 3411 1195 3475; x_wconf 81' lang='lat' dir='ltr'><strong>Arg.</strong></span> 
     </span>
     <span class='ocr_line' id='line_1_43' title="bbox 184 3474 1195 3546; baseline 0.005 -17"><span class='ocrx_word' id='word_1_384' title='bbox 184 3487 243 3544; x_wconf 89' lang='lat' dir='ltr'><strong>cap.</strong></span> <span class='ocrx_word' id='word_1_385' title='bbox 257 3477 280 3537; x_wconf 81' lang='lat' dir='ltr'><strong>i,</strong></span> <span class='ocrx_word' id='word_1_386' title='bbox 298 3477 332 3528; x_wconf 86' lang='lat' dir='ltr'><strong>ds</strong></span> <span class='ocrx_word' id='word_1_387' title='bbox 345 3483 446 3542; x_wconf 81' lang='lat' dir='ltr'><strong>except.</strong></span> <span class='ocrx_word' id='word_1_388' title='bbox 461 3501 493 3512; x_wconf 90' lang='lat'><em>—</em></span> <span class='ocrx_word' id='word_1_389' title='bbox 506 3474 541 3540; x_wconf 89' lang='grc'><strong>(9)</strong></span> <span class='ocrx_word' id='word_1_390' title='bbox 555 3474 583 3526; x_wconf 85' lang='lat' dir='ltr'><strong>Si</strong></span> <span class='ocrx_word' id='word_1_391' title='bbox 598 3476 670 3526; x_wconf 86' lang='lat' dir='ltr'><strong>enim</strong></span> <span class='ocrx_word' id='word_1_392' title='bbox 683 3489 732 3541; x_wconf 88' lang='lat' dir='ltr'><strong>per</strong></span> <span class='ocrx_word' id='word_1_393' title='bbox 746 3477 876 3529; x_wconf 71' lang='lat' dir='ltr'><strong>sevitiam</strong></span> <span class='ocrx_word' id='word_1_394' title='bbox 891 3480 949 3531; x_wconf 87' lang='lat' dir='ltr'><strong>lieri</strong></span> <span class='ocrx_word' id='word_1_395' title='bbox 961 3483 1050 3546; x_wconf 84' lang='lat' dir='ltr'><strong>potest</strong></span> <span class='ocrx_word' id='word_1_396' title='bbox 1070 3481 1097 3531; x_wconf 92' lang='lat' dir='ltr'><strong>in</strong></span> <span class='ocrx_word' id='word_1_397' title='bbox 1109 3485 1195 3546; x_wconf 90' lang='lat' dir='ltr'><strong>conju-</strong></span> 
     </span>
     <span class='ocr_line' id='line_1_44' title="bbox 183 3546 1195 3619; baseline 0.005 -19"><span class='ocrx_word' id='word_1_398' title='bbox 183 3550 264 3614; x_wconf 82' lang='lat' dir='ltr'><strong>gibus</strong></span> <span class='ocrx_word' id='word_1_399' title='bbox 277 3549 421 3602; x_wconf 87' lang='lat' dir='ltr'><strong>divortium</strong></span> <span class='ocrx_word' id='word_1_400' title='bbox 440 3546 529 3614; x_wconf 87' lang='lat' dir='ltr'><strong>quoad</strong></span> <span class='ocrx_word' id='word_1_401' title='bbox 546 3546 663 3608; x_wconf 87' lang='lat' dir='ltr'><strong>thorum,</strong></span> <span class='ocrx_word' id='word_1_402' title='bbox 682 3550 713 3599; x_wconf 91' lang='lat' dir='ltr'><strong>ut</strong></span> <span class='ocrx_word' id='word_1_403' title='bbox 738 3547 809 3600; x_wconf 88' lang='lat' dir='ltr'><strong>inlra</strong></span> <span class='ocrx_word' id='word_1_404' title='bbox 827 3549 988 3616; x_wconf 84' lang='lat' dir='ltr'><strong>videbimus,</strong></span> <span class='ocrx_word' id='word_1_405' title='bbox 1003 3553 1102 3618; x_wconf 82' lang='lat' dir='ltr'><strong>quanto</strong></span> <span class='ocrx_word' id='word_1_406' title='bbox 1117 3554 1195 3619; x_wconf 77' lang='lat' dir='ltr'><strong>magis</strong></span> 
     </span>
    </p>
   </div>
   <div class='ocr_carea' id='block_1_6' title="bbox 0 0 1267 4062">
    <p class='ocr_par' dir='ltr' id='par_1_6' title="bbox 0 0 1267 4062">
     <span class='ocr_line' id='line_1_45' title="bbox 0 0 1267 4062; baseline 0 0"><span class='ocrx_word' id='word_1_407' title='bbox 0 0 1267 4062; x_wconf 95' lang='lat' dir='ltr'><strong> </strong></span> 
     </span>
    </p>
   </div>
  </div>
 </body>
</html>
