2524 4080
624 141 780 196 ...330-

190 257 309 320 sufficit.
325 257 454 318 llicimue
466 257 565 332 etiam,
578 259 664 320 modo
678 260 755 320 adsit
768 259 865 334 iratus
879 261 993 335 titulae,
1008 259 1098 336 oldad
1108 261 1173 340 decit

188 347 287 425 justus
307 347 410 406 titulus
425 345 464 406 cd
484 346 580 423 ipsam
603 363 668 408 rem
684 347 825 408 mobilem
844 349 1077 424 presumendum
1091 350 1171 426 requ-

189 443 297 496 mntur
309 434 430 510 triginta
444 435 525 508 anni,
538 442 569 496 ct
578 434 603 494 si
611 442 716 511 agutur
727 443 834 496 eontra
852 437 1012 498 Ecclesiam
1024 437 1129 498 menne
1146 436 1172 496 in

189 539 223 584 re
236 521 340 584 mobili
350 523 482 598 pretiose
493 523 689 600 quadraginta
700 525 770 584 enni
785 528 796 596 (
815 531 838 598 ).

221 613 333 686 Regula
346 615 385 670 2⁸.
403 611 457 672 lles
475 612 637 673 immobiles
655 615 845 690 privatorum
865 630 934 674 cum
947 613 1019 676 loma
1028 615 1087 691 fide,
1099 621 1122 675 cl
1133 615 1175 690 p'a·
1206 673 1220 706 0

187 709 231 762 sto
254 700 340 761 titulo
356 700 589 776 praecedantur
609 701 706 762 decem
728 703 818 762 oanis
837 702 916 762 inter
935 712 1090 780 presentes,
1108 710 1130 764 ct
1143 703 1175 762 ei·

186 790 262 868 pina
284 789 363 850 inter
381 789 521 850 absentes.
541 794 610 851 llaec
627 791 813 869 praesoriptio
832 792 940 854 dicitur
963 794 1039 870 loapi
1057 793 1175 870 temporis.

187 883 354 939 Praesentec
375 885 475 938 autem
495 879 645 951 dicuntur,
660 879 712 956 qui
729 887 799 940 sunt
820 880 850 940 in
871 881 1140 959 eademprorineia3
1154 887 1177 941 et

187 967 338 1040 absentes,
353 966 404 1044 qui
425 967 455 1027 in
473 967 538 1027 aliis
556 967 718 1044 provinciis
737 977 903 1030 morentur.
919 971 978 1031 scd
997 970 1095 1048 siquis
1111 969 1177 1029 luent

186 1057 295 1136 parlim
308 1073 453 1133 praesens,
467 1063 497 1116 et
516 1057 624 1132 purtim
638 1057 757 1131 absens,
772 1058 843 1117 anni
855 1059 997 1119 absentiae
1010 1059 1177 1136 duplicentur.

186 1147 261 1208 iliae
274 1146 305 1206 in
319 1163 402 1222 casu,
418 1139 479 1222 quo
493 1145 560 1222 quis
573 1163 705 1222 praesens
719 1146 757 1207 sit
771 1147 903 1224 qrdnque
916 1149 1014 1224 annis,
1027 1157 1056 1209 et
1067 1147 1180 1224 deinceps

184 1237 303 1308 absens,
325 1251 386 1295 non
409 1233 519 1312 polerit
542 1235 730 1310 prescribere
752 1235 809 1296 nisi
829 1225 1000 1313 quindecim
1022 1237 1112 1310 anab,
1128 1236 1180 1312 quie

185 1325 316 1402 quinque
329 1324 400 1384 anni
413 1323 451 1384 ad
462 1324 673 1399 complendam
685 1325 933 1402 prescriptionem
945 1325 1024 1388 inter
1034 1333 1181 1408 praesentes,

185 1413 263 1474 inter
285 1413 424 1474 absentes
444 1419 514 1472 sunt
533 1411 714 1488 duplicandi.
731 1417 876 1474 Caeteram
894 1414 925 1474 in
944 1415 1004 1476 bec
1022 1415 1103 1475 etiarn
1122 1429 1181 1490 pre-

185 1501 357 1578 scriptione,
367 1501 393 1561 si
406 1500 482 1562 desit
490 1502 590 1576 iustus
600 1501 712 1576 titulus,
724 1503 910 1580 praescriptio
924 1503 980 1564 nisi
995 1503 1106 1580 triginta
1116 1497 1182 1562 anub

183 1607 245 1651 non
258 1591 434 1668 completur.
449 1590 507 1652 Sed
520 1590 587 1651 baee
599 1591 783 1669 praescriplio
797 1610 815 1651 a
827 1593 981 1653 modernis
995 1592 1121 1654 civilibus
1131 1588 1183 1664 legi·

78 1757 81 1762 ,
182 1681 240 1742 bus
253 1680 308 1740 luit
321 1681 447 1739 sublate.

218 1768 330 1845 Regula
344 1773 381 1829 3¹.
399 1769 505 1829 Omnes
517 1785 564 1828 res
578 1776 604 1829 et
616 1770 742 1830 actiones
753 1769 832 1831 later
841 1771 972 1846 privatos
987 1788 1055 1832 cam
1066 1770 1133 1830 loca
1141 1764 1183 1843 file

181 1857 415 1938 praescribantur
437 1858 560 1934 tripiata
585 1859 686 1918 oanis
709 1863 777 1919 llaec
799 1856 987 1935 prescriptio,
1011 1876 1077 1936 quae
1099 1853 1185 1918 dicitur

183 1947 347 2024 loapisst'mi
363 1947 509 2023 temporis,
525 1963 586 2006 non
603 1946 755 2022 distinguit
768 1945 846 2006 iuter
864 1956 1039 2024 praesentes,
1055 1953 1084 2007 et
1099 1945 1185 2004 absen-

180 2042 237 2110 tes,
252 2036 306 2096 sed
319 2036 465 2096 adversus
478 2052 582 2096 omnes
595 2035 748 2111 aequaliter
762 2035 908 2111 procedit,
917 2051 975 2096 nec
990 2036 1105 2096 titulum
1116 2047 1185 2107 regu-

182 2115 284 2186 lariter
299 2123 434 2201 requirit,
449 2125 519 2200 quia
532 2131 602 2200 post
614 2125 732 2202 lapsum
745 2125 821 2185 adeo
836 2125 967 2185 diuturni
982 2123 1122 2203 temporis
1133 2121 1186 2181 litu·

181 2215 229 2284 lus
251 2213 448 2291 praesumitur.
464 2212 597 2274 Diximus
617 2218 717 2274 tamen
736 2213 924 2290 repuleritis,
937 2231 975 2274 eo
993 2213 1076 2291 quod
1091 2211 1186 2287 sipra-

181 2304 316 2366 seribens
340 2303 449 2364 hebeat
475 2302 658 2362 eontrarium
678 2303 728 2379 jus
752 2319 930 2377 commune,
955 2305 1006 2364 vel
1028 2299 1188 2363 contrariam

180 2391 454 2472 praesumptionem,
470 2407 598 2468 quorum
620 2399 791 2468 utrumque,
806 2393 853 2452 vel
879 2393 1007 2453 alterum
1030 2399 1140 2452 tanturn
1159 2385 1189 2444 ob

179 2499 288 2560 graves
309 2480 542 2542 inordinationes
562 2480 632 2540 inde
655 2488 813 2541 secuturas
836 2479 1058 2558 praescripli0n1
1078 2478 1189 2548 resistat,

179 2573 283 2633 titulus
295 2588 357 2631 non
369 2569 495 2646 ampbus
504 2568 643 2646 praesumi
653 2576 764 2644 potest3
776 2570 829 2630 sed
840 2569 929 2629 eliam
938 2568 968 2628 in
979 2565 1189 2644 praescriptione

181 2661 301 2736 triginta
314 2675 462 2720 annorum
479 2665 526 2718 est
543 2657 740 2732 necessarius,
755 2657 847 2719 veluti
866 2657 891 2718 si
911 2663 1017 2734 egetur
1031 2657 1070 2718 de
1084 2651 1189 2718 decmie

179 2746 410 2826 praescribendis
430 2748 461 2806 in
475 2747 571 2807 eliens
585 2746 735 2823 parocbia,
750 2748 799 2806 vel
815 2746 948 2818 dioecesi,
963 2746 1001 2806 de
1017 2763 1079 2824 quo
1092 2753 1135 2806 est
1147 2759 1188 2802 ca·

180 2855 232 2898 sas
245 2855 262 2896 a
273 2837 423 2898 bonifacio
437 2841 498 2896 lllll
511 2836 615 2896 iisdem
628 2837 722 2898 ferme
736 2834 834 2896 verbis
847 2835 966 2900 decisus
982 2839 1033 2908 (ἓ).

215 2926 327 3000 Regula
345 2930 382 2984 ι’.
403 2923 588 3002 Praeeriptio
605 2931 708 2985 eontra
724 2924 885 2985 Ecclesiam
900 2925 933 2984 ia
949 2941 1054 3001 praere
1071 2927 1105 2985 ia
1116 2922 1189 2984 ram

177 3012 385 3085 immobilibus,
405 3021 432 3072 et
442 3013 563 3088 juribus
580 3013 741 3089 completur
756 3020 875 3074 tantam
889 3013 983 3088 spolio
1001 3012 1190 3092 quadrapiala

177 3119 338 3164 canoram.
351 3101 522 3162 beeretorie
531 3108 577 3162 est
590 3101 738 3162 haedere
751 3101 905 3178 dispositio
920 3091 1079 3164 Menandri
1090 3093 1191 3172 1113qui
1230 3075 1231 3148 l

178 3193 241 3253 ait:
261 3190 344 3252 Illud
365 3197 467 3250 cutem
485 3197 511 3250 tc
528 3191 602 3250 scire
622 3188 770 3260 volamus,
791 3198 817 3250 et
839 3198 946 3262 temere,
965 3191 1042 3267 qaod
1060 3191 1188 3250 aduersus
1230 3247 1231 3272 ἶ

175 3281 307 3342 Ecclesia
320 3279 468 3340 minorem
481 3278 730 3355 prescriptionem
738 3295 831 3356 qaam
840 3279 1039 3355 quadruplata
1049 3288 1189 3338 canoram

176 3371 312 3431 Romana
331 3365 457 3428 Ecclesia
470 3383 532 3426 aare
549 3367 680 3426 admittit
694 3371 745 3440 (3).
764 3366 893 3428 bieimus
907 3375 1010 3428 eontra
1025 3365 1189 3432 Ecclesiam,
1230 3385 1231 3420 r

174 3458 243 3532 quie
257 3455 386 3518 Ecclesia
399 3461 504 3516 eontra
517 3455 651 3531 puratos
660 3455 1019 3533 juvator-prascriptione
1033 3451 1189 3522 ordinaria
1230 3517 1231 3530 χ

173 3545 299 3608 dicimus
312 3551 416 3608 contra
429 3543 588 3605 Ecclesiam
600 3545 634 3604 ia
644 3561 757 3620 cauere,
770 3544 839 3621 qrtie
850 3551 956 3608 corrue
964 3543 1126 3608 aeclesiam
1134 3545 1187 3602 llo·
1230 3581 1231 3612 3
