2494 4062
538 133 681 190 ..43-

127 255 159 320 (l)
173 255 327 318 oasynon:
344 255 364 306 l.
381 256 407 314 8,
420 269 443 306 c.
458 254 535 305 ta-
550 255 584 316 (tl
598 253 710 318 Pirhing
721 252 755 304 ed
765 254 805 306 tit.
817 253 852 306 de
864 265 955 324 spons.
966 269 993 306 n.
1010 254 1050 306 76.
1066 255 1124 312 Hoc

100 327 182 392 ipsum
196 327 401 378 certiusadhuc
411 327 440 376 lit
454 341 488 378 ex
504 326 684 378 declaratione
702 341 728 377 e.
744 326 965 392 congregationis
980 326 1085 378 concilii
1097 333 1125 379 in

97 413 146 450 una
163 397 323 448 Tricarcnst'
347 399 377 447 at
401 406 480 449 mart.
509 398 574 458 tot-t,
599 411 659 463 quae
684 399 784 448 censuit
810 400 899 448 vabre
923 399 1124 450 matrimonium

97 471 195 534 absque
205 472 357 534 praesentia
374 469 497 528 Parochi,
511 475 616 519 servata
631 472 657 517 in
674 469 773 533 reliquo
787 470 873 521 torma
886 470 1047 534 Tridentini,
1067 471 1122 522 sul·

98 547 146 591 tem
164 540 301 591 adhibitis
318 541 423 590 duobus
446 541 569 598 testibus,
586 541 613 590 in
636 554 709 602 casn,
726 541 753 590 in
774 555 827 605 quo
851 542 943 592 nullus
966 549 1025 592 crat
1040 543 1123 593 Paro·

97 612 168 670 chus,
181 624 234 660 nec
249 611 404 675 episcopus,
418 625 467 661 nac
479 611 627 675 capitulum
638 611 803 662 cathedrale.
818 612 869 663 Hic
880 612 969 676 agitur
983 613 1017 664 dc
1028 614 1120 664 matri·

98 683 180 734 monio
194 681 232 732 ad
248 682 364 732 formam
378 681 537 740 Tridentini,
551 681 623 746 quod
635 688 829 746 consequenter
846 689 886 734 est
901 687 1100 734 sacramentum
1114 702 1121 742 ;

101 753 315 803 etnihilominus
335 752 424 803 valere
448 751 613 802 declaratum
633 752 691 808 luit.
709 752 825 818 Ideoque
849 753 1037 806 contrahentes
1060 757 1123 807 sunt

100 821 174 887 hujus
189 823 356 874 sacramenti
371 821 495 873 ministri.
512 821 589 874 Card.
608 821 698 886 Soglia
712 823 780 874 Inst.
793 826 848 888 jur.
863 824 931 890 priv.
948 823 961 889 fl
976 826 1026 876 lht.
1099 837 1101 844 ·

129 945 190 1000 ati.
212 941 432 1001 Matrimonium
446 939 580 1016 pluribus
594 940 691 1001 modis
706 941 854 1002 dividitur.
883 941 982 1002 Primo
1003 942 1034 1002 in
1053 945 1120 1022 tepi-

99 1029 213 1099 timttm,
239 1037 351 1099 ratum,
376 1037 406 1088 et
425 1037 674 1089 cortromototuot.
695 1031 769 1091 lllud
787 1030 960 1106 legitimum,
979 1033 1060 1107 quod
1074 1050 1122 1093 se-

97 1119 229 1179 cundum
253 1117 334 1193 leges
355 1117 491 1178 Gentium
508 1120 545 1177 ab
568 1117 734 1178 infidelibus
753 1118 807 1180 luit
829 1127 1034 1194 contractum3
1049 1121 1122 1182 illud

96 1216 202 1280 ratum,
222 1207 303 1283 quod
323 1207 487 1266 secundum
501 1208 581 1283 leges
594 1207 732 1268 Ecclesiae
753 1225 771 1266 a
793 1208 898 1268 christi
916 1209 1052 1269 fidelibus
1065 1210 1121 1270 ini-

98 1304 158 1356 tum
172 1298 241 1358 sola
254 1295 422 1355 animorum
437 1296 647 1372 conjunctione
662 1303 794 1369 constat;
817 1297 890 1357 illud
908 1299 1028 1360 demum
1048 1316 1121 1359 con·

98 1393 289 1458 summanum,
306 1384 386 1459 quod
400 1384 454 1443 fuit
468 1384 600 1460 spiritali,
615 1392 645 1444 et
658 1385 806 1460 corporali
821 1386 931 1446 unione
945 1387 1119 1463 perlectum.

96 1474 236 1535 Secundo
251 1473 283 1532 in
296 1489 409 1542 ocium,
426 1480 456 1532 et
468 1475 648 1548 potottmlm.
665 1479 770 1533 lerum
788 1474 860 1534 illud
876 1481 931 1548 est,
952 1476 1031 1551 quod
1045 1476 1121 1540 inter
1198 1501 1202 1512 ·

96 1579 241 1638 personas
254 1561 435 1621 matrimonii
454 1579 579 1638 capaces
593 1561 721 1637 legitime
736 1562 790 1622 luit
806 1570 1017 1637 contractum3
1034 1573 1120 1641 puta·

96 1652 186 1712 tivum
198 1659 301 1712 autem
314 1658 360 1712 est
372 1651 455 1725 illud,
471 1651 551 1727 quod
562 1669 579 1710 a
590 1651 726 1727 personis
736 1651 917 1712 matrimonii
931 1653 1121 1730 incapacibus
1188 1707 1189 1711 ,

96 1743 132 1800 ob
161 1741 284 1816 aliquod
305 1740 549 1816 impedimentum
573 1742 668 1801 latens
691 1741 826 1816 publice,
856 1748 886 1802 et
910 1741 989 1802 hona
1016 1744 1121 1805 saltem

94 1829 181 1890 unius
196 1829 334 1905 conjugis
347 1828 406 1888 fide
420 1829 473 1888 luit
488 1835 684 1890 contractum.

126 1917 304 1978 llatrirnonii
318 1918 443 1994 putativi
456 1923 538 1978 tanta
552 1925 596 1978 est
610 1918 665 1992 vis,
681 1924 714 1978 ut
725 1920 841 1994 prolem
856 1919 886 1978 in
901 1937 938 1978 eo
950 1927 1120 1995 susceptam

92 2007 179 2072 aciat
191 2007 354 2082 legitimam
369 2012 420 2079 (l).
437 2007 494 2066 Sed
514 2024 553 2066 an
571 2013 652 2066 tanta
667 2025 786 2084 quoque
800 2008 837 2068 sit
851 2010 915 2082 ejus
928 2008 983 2079 vis,
1002 2016 1034 2069 ut
1048 2027 1119 2086 pro-

94 2095 151 2156 lem
177 2103 249 2156 ante
278 2095 499 2156 matrimonium
526 2113 565 2156 ex
588 2096 726 2172 putativis
749 2095 925 2173 conjugibus
948 2106 1120 2174 susceptam

94 2187 188 2246 valeat
211 2201 268 2260 per
288 2184 474 2260 subsequens
491 2184 666 2260 legitimare,
691 2184 768 2244 inter
789 2191 932 2246 Doctores
949 2193 1117 2250 controver-

95 2273 171 2347 titur,
192 2281 225 2332 et
245 2271 426 2349 probabilior
448 2274 584 2348 negativa
604 2272 749 2334 sententia
771 2273 905 2350 videtum
925 2275 993 2350 quia
1010 2275 1061 2336 filii
1086 2276 1117 2336 in

94 2363 224 2437 putativo
252 2361 442 2420 matrimonio
471 2361 602 2438 suscepti
630 2361 760 2422 criminis
778 2364 895 2422 macula
924 2370 1117 2444 carentque

97 2451 267 2511 afficiuntur
279 2456 347 2510 ante
361 2449 581 2509 matrimonium
595 2451 657 2510 nati
671 2454 722 2524 (2).

125 2544 274 2600 Praeterea
289 2539 355 2597 aliae
369 2545 430 2598 tres
449 2545 517 2598 sunt
531 2539 696 2615 singulares
713 2538 970 2602 matrimoniorum
990 2541 1116 2620 species,

94 2644 215 2703 nempe:
230 2625 453 2708 matrimonium
458 2636 683 2704 praesumptum,
692 2627 913 2690 matrimonium
923 2629 1113 2702 couscientia,

94 2725 120 2776 et
130 2714 356 2776 matrimonium
369 2716 660 2793 admorpottott'com.
673 2717 888 2778 Matrimonium
902 2727 1116 2798 praesumptum

93 2804 161 2864 olim
175 2804 344 2876 epatillud,
353 2821 422 2864 oum
436 2805 512 2881 quia,
525 2812 594 2880 post
608 2812 760 2864 contracta
773 2822 842 2865 oum
855 2805 954 2883 aliqua
966 2808 1116 2882 sponsalia

93 2893 305 2965 conditionata,
322 2894 368 2953 vel
391 2911 475 2970 pura,
500 2894 636 2954 eamdem
659 2900 861 2970 cognoverat:
886 2912 955 2956 nam
980 2914 1033 2972 per
1057 2898 1115 2960 hoc

91 2983 200 3042 lactrim
220 2980 455 3056 praesumptione
473 2981 558 3058 jnris,
579 2988 608 3041 ct
625 2981 750 3057 dejure,
767 2989 972 3060 contraquam
986 3002 1046 3044 non
1061 2987 1114 3045 ad·

90 3071 214 3132 mittitur
227 3069 376 3145 probatio,
393 3071 592 3130 censebantur
610 3072 713 3146 sponsi
731 3071 892 3131 conditioni
909 3073 1113 3150 renunciasse,

92 3168 119 3218 et
134 3161 166 3218 in
188 3151 323 3234 presens
342 3159 565 3219 matrimonium
587 3160 706 3220 realiter
729 3177 907 3221 consensum
929 3163 1070 3234 dedisse(
1089 3167 1111 3233 l.

92 3248 145 3308 Sed
169 3248 230 3307 hoc
253 3245 477 3308 matrimonium
502 3256 570 3324 post
591 3249 745 3310 decretum
765 3249 934 3324 Tridentini,
953 3250 983 3311 in
999 3269 1058 3328 quo
1074 3251 1113 3312 ad

91 3335 270 3398 validitatem
291 3335 474 3412 matrimonii
495 3338 629 3412 parochi,
649 3337 828 3416 testiumque
842 3340 999 3415 praesentia
1011 3337 1112 3414 requi-

91 3423 160 3486 ritur
174 3430 227 3500 (t),
251 3442 314 3485 non
334 3431 434 3500 potest
458 3426 585 3502 amplius
599 3427 771 3502 subsistere,
787 3427 842 3487 nisi
855 3428 893 3490 de
905 3428 981 3490 locis
993 3433 1109 3503 agatur.

92 3531 121 3581 tn,
131 3514 239 3600 quihus
249 3513 364 3582 dictum
377 3515 532 3602 decretum
546 3531 607 3576 non
620 3516 674 3576 fuit
685 3515 878 3592 publicatum.
