2426 4070
582 70 725 130 ..80-

145 195 308 272 loquuntur
330 194 367 254 da
393 191 570 272 adoptione,
591 199 621 252 et
646 189 758 252 idcirco
780 188 949 250 indistincte
976 191 1045 246 sunt
1065 183 1182 246 intelli·

145 284 250 360 gandae
264 290 328 344 tum
342 283 379 342 dc
390 283 530 358 perfecta,
545 287 609 341 tum
623 282 661 342 de
678 279 804 357 simplici
822 277 980 354 adoptione
999 295 1005 335 :
1022 281 1116 351 negat
1134 279 1183 334 ln-

146 371 312 444 nocentiuS,
335 370 470 446 Pirhing,
494 371 602 445 Bagai,
627 369 695 444 quia
718 369 749 428 in
771 365 930 442 adoptione
954 362 1084 440 simplici
1111 379 1183 422 non

147 460 310 535 acquiritur
326 460 364 518 ab
377 461 537 536 adoptante
551 459 582 518 in
595 458 768 533 adoptatum
782 454 878 532 patria
898 461 1040 530 potestas,
1056 462 1087 512 et
1105 452 1184 510 ado·

147 554 247 624 platus
259 547 288 606 in
304 548 472 624 adoptantis
484 548 624 608 familiam
638 563 700 605 nou
716 544 829 617 transit,
847 560 913 619 quae
927 543 965 600 ab
980 541 1086 601 iisdem
1100 537 1183 598 desi-

144 642 273 713 gnantur
284 641 318 696 ut
330 635 482 696 constituti
494 632 698 711 impedimenti
713 649 820 692 causae.
837 637 919 691 lianc
933 627 1183 690 controversiam

147 742 245 800 neque
257 723 321 800 ipse
331 725 418 785 solvit
431 725 607 786 Benedictus
619 727 689 796 llll,
699 739 789 798 quam
800 721 839 782 ad
848 720 923 797 juris
933 718 1027 780 civilis
1037 717 1183 778 tramites

146 812 356 888 disputandam
367 811 485 889 reliquit
503 817 554 886 (5).

180 938 215 1004 (l)
227 939 275 990 Cit.
287 953 344 1003 cap.
354 939 426 990 unic.
438 938 471 989 de
482 953 538 1003 cog.
553 937 632 1002 legal,
641 941 667 990 et
677 937 839 990 Benedictus
851 935 968 988 XIVcit.
978 935 1066 987 lca-
1077 933 1114 999 (i)
1125 933 1138 996 ξ
1155 935 1180 997 l,

154 1009 221 1061 Inst.
232 1009 265 1061 de
275 1013 383 1076 nupt-
392 1011 426 1074 (3)
435 1011 462 1060 b.
472 1012 510 1068 55.
521 1010 589 1062 lide
599 1011 641 1060 rit.
653 1009 832 1076 nupt-(lib
846 1011 882 1066 16,
893 1008 920 1058 ll.
932 1008 990 1058 eod.
999 1007 1088 1057 Exbis
1101 1005 1182 1070 quis·

148 1095 201 1146 qne
213 1087 301 1145 potest
315 1081 393 1132 tacite
406 1081 548 1140 deducere,
559 1081 660 1132 nullum
671 1095 730 1132 esse
746 1081 968 1144 impedimentum
980 1079 1050 1130 inter
1065 1077 1181 1143 adopta-

148 1157 215 1213 tum,
235 1156 262 1204 et
281 1152 435 1216 illegitimos
448 1153 609 1219 adoptantis.
627 1153 690 1217 quia
705 1152 838 1217 illegitimi
851 1165 904 1202 non
919 1150 1022 1202 suntin
1039 1152 1182 1214 potestate

149 1219 1180 1289 patris3etsimiliternullumcsseimpedimentuminteradoptivosejusdem

149 1296 309 1360 adoptantis,
323 1296 387 1360 quia
400 1297 497 1345 nullibi
513 1299 647 1360 reperitur
657 1296 684 1344 in
693 1297 756 1358 jure
771 1298 909 1345 statutum.
921 1294 1007 1346 Gloss.
1020 1294 1046 1342 in
1057 1293 1102 1342 cit.
1114 1305 1178 1356 cap.

148 1367 220 1416 unic.
233 1367 306 1430 -(5t
317 1367 356 1417 De
369 1367 467 1430 Synod.
480 1366 528 1416 loc.
541 1367 586 1416 cit.
597 1366 663 1416 Haec
673 1366 766 1416 eadem
780 1367 963 1416 controversia
974 1363 1111 1415 difficilior
1126 1361 1178 1412 ad-

150 1435 203 1488 huc
216 1438 306 1488 evadit
322 1437 373 1486 sub
388 1437 565 1500 quarumdam
580 1451 709 1486 novarum
725 1437 815 1501 legum
829 1437 945 1488 civilium
960 1435 1100 1500 regimine,
1112 1447 1180 1498 quae

150 1507 303 1573 adoptionis
318 1508 429 1558 formam
439 1509 621 1560 immutarunt.
633 1508 786 1559 Secundum
802 1509 852 1560 bas
868 1509 941 1572 leges
956 1507 1098 1572 adoptatus
1113 1505 1175 1570 qui·

151 1593 266 1643 cumque
289 1579 404 1638 sitaiva
424 1580 475 1640 sui,
491 1580 547 1629 sive
562 1579 642 1630 alicui
659 1581 740 1644 juris,
755 1593 809 1629 non
828 1569 972 1644 subjicitur
991 1579 1088 1643 patriae
1109 1575 1177 1626 ado·

151 1651 252 1714 ptantis
265 1649 390 1715 potestati
401 1668 407 1710 ;
418 1650 466 1700 sed
475 1655 564 1700 manet
577 1649 611 1699 in'
620 1663 669 1700 sua
684 1639 801 1700 naturali
820 1651 921 1700 lamilia
935 1650 962 1700 in
979 1648 1074 1700 eodem
1090 1650 1179 1712 statu,

151 1722 180 1773 iu
193 1733 246 1784 quo
261 1727 321 1771 anta
338 1721 509 1785 adoptionem
523 1724 598 1770 erat:
612 1735 709 1772 nomen
723 1727 813 1772 tamen
829 1723 915 1786 patris
929 1721 1080 1785 adoptantis
1095 1732 1177 1770 assu·

108 1842 110 1846 .
150 1793 209 1852 mit,
226 1791 297 1856 quod
318 1792 429 1842 familiae
448 1805 504 1842 suae
518 1793 620 1842 nomini
635 1792 768 1857 adjungit.
787 1793 826 1844 Es
849 1793 900 1844 bac
913 1793 1049 1844 videretur
1063 1791 1177 1842 conclu-

150 1862 278 1921 dandum,
294 1870 354 1929 post
367 1862 537 1928 adoptionem
554 1864 621 1914 duas
641 1875 699 1914 esse
719 1865 859 1916 distinctas
874 1864 999 1926 familias,
1020 1861 1178 1926 adoptantis

152 1934 263 1992 scilicet,
290 1941 316 1985 et
337 1933 464 1998 adoptati.
481 1935 582 1984 Varum
604 1934 729 1999 obligatio
749 1936 939 1987 alimentorum
962 1935 1032 1985 inter
1053 1931 1176 1992 eosdem,

151 2003 183 2056 'ut
196 2005 266 2054 inter
278 2008 382 2071 patrem
400 2007 426 2055 et
438 2005 532 2064 tilium,
547 2006 581 2056 ab
594 2005 690 2056 iisdem
708 2006 813 2071 legibus
823 2006 987 2071 impunitum
1005 2020 1038 2057 ex
1052 2018 1105 2070 quo
1127 2005 1176 2056 de-

152 2074 304 2127 ducendum
321 2076 466 2136 videretur,
481 2075 548 2126 duas
562 2076 678 2128 familias
692 2078 720 2128 in
734 2091 816 2129 unam
828 2077 964 2141 conlundi,
975 2076 1045 2143 quod
1060 2075 1093 2126 be
1108 2089 1176 2128 con·

151 2147 244 2210 tingat,
258 2148 386 2198 Doctores
405 2147 506 2206 dicunt,
522 2147 711 2212 obligationem
726 2149 915 2200 alimentorum
935 2163 988 2201 non
1005 2149 1107 2200 ratione
1123 2162 1176 2214 pa-

152 2219 295 2280 ternitatis,
311 2219 359 2270 sad
375 2219 476 2270 ratione
491 2223 644 2272 contractus
658 2221 807 2286 personalis
822 2221 905 2272 luisse
918 2220 1063 2272 inductam.
1078 2221 1110 2270 ln
1124 2219 1177 2269 boc

152 2303 243 2342 rerum
257 2294 338 2348 statu,
352 2289 375 2341 si
390 2304 572 2356 supponamus
587 2304 647 2341 cum
662 2291 758 2342 ultima
772 2292 852 2343 citata
866 2293 1011 2344 Doctorum
1031 2291 1175 2350 sententia,

153 2375 187 2413 ax
200 2361 317 2426 simplici
337 2361 479 2426 adoptione
499 2361 600 2412 nullam
616 2363 681 2412 oriri
700 2363 862 2413 matrimonii
877 2363 1107 2428 impedimentum,
1122 2363 1176 2412 sub

152 2432 249 2484 harum
265 2433 354 2498 legum
375 2433 504 2498 regimine
522 2434 597 2484 nulla
618 2435 686 2484 loret
706 2435 823 2499 amplius
847 2436 969 2499 cognatio
987 2434 1091 2498 legalis,
1113 2433 1177 2484 licet

153 2504 263 2571 quidem
276 2505 365 2568 vigeat
385 2505 473 2555 aubnc
494 2505 520 2554 in
543 2505 686 2570 adoptione
706 2505 852 2568 paraptelas
870 2511 1017 2570 respectus.
1034 2507 1065 2554 ln
1079 2505 1176 2556 codem

48 2631 51 2635 ,
151 2589 235 2626 sensu
249 2577 425 2642 quaesticnem
440 2577 551 2627 resolvit
569 2577 710 2627 instructio
730 2577 803 2627 card.
823 2577 1017 2642 archiepiscopi
1036 2577 1176 2628 Vindobo-

153 2648 245 2698 nensis
259 2643 429 2713 prejudiciis
443 2647 630 2699 ecclesiasticis
646 2649 754 2713 lmperii
769 2647 904 2698 Austriaci
920 2649 1042 2699 idumaea
1056 2649 1176 2712 quinque

153 2719 361 2783 sapientissimis
375 2719 440 2769 viris
455 2719 607 2780 subscripta
621 2718 663 2770 die
678 2719 691 2769 t
706 2720 770 2769 maii
788 2721 855 2782 1855,
870 2721 898 2769 in
912 2733 965 2784 qua
980 2720 1005 2769 ln
1021 2721 1060 2769 tit.
1076 2720 1174 2783 122⁹,

154 2788 192 2838 ita
206 2789 336 2852 legimus:
354 2809 364 2836 a
382 2791 498 2854 Adoptio
512 2789 582 2853 juris
597 2791 734 2840 llustriaci
749 2791 819 2840 intra
832 2791 959 2854 praelatos
972 2791 1100 2840 terminos
1118 2804 1174 2840 ma-

155 2876 167 2908 r
184 2861 340 2911 trimonium
352 2859 462 2920 dirimit,
478 2863 583 2926 quoties
597 2861 740 2926 adoptatus
753 2867 872 2928 paternae
883 2863 1035 2926 adoptantis
1050 2863 1175 2925 potestati

155 2951 167 2980 a
186 2931 337 2994 subjicitur,
354 2931 395 2982 vel
416 2931 443 2981 in
458 2933 580 2996 ejusdem
595 2931 703 2982 domum
720 2933 968 2984 liliorum-familias
983 2935 1017 2984 ad
1032 2935 1116 2983 instar
1130 2948 1175 2985 cc-

106 3055 107 3058 ,
155 3021 166 3050 a
187 3002 355 3053 habitaturus
372 3002 526 3066 recipiatur.
542 3001 618 3064 Quod
634 3003 657 3053 si
671 3006 761 3056 autem
784 3019 871 3070 neque
887 3012 1009 3069 paternae
1023 3005 1175 3070 adoptantis

155 3093 165 3122 a
184 3074 309 3138 potestati
324 3073 496 3137 subjiciatur,
511 3088 597 3138 neque
612 3074 639 3123 in
654 3077 775 3138 ejusdem
791 3075 899 3126 domum
914 3077 1117 3127 cohabitaturus
1132 3091 1174 3128 re-

156 3165 167 3193 «
186 3143 310 3208 cipiatur,
324 3144 431 3210 adoptio
444 3147 515 3208 juris
531 3146 665 3196 Austriaci
689 3147 853 3211 imperfectas
868 3148 1061 3214 aequiparanda
1076 3153 1125 3210 est,
1146 3151 1175 3200 et

155 3215 289 3265 «nullum
313 3215 475 3266 matrimonii
499 3215 721 3283 impedimentum
744 3219 888 3270 involvit·
913 3220 993 3270 Anat.
1018 3218 1075 3270 Jur.
1096 3221 1172 3272 Pont.

157 3299 210 3338 ser.
224 3286 249 3350 2,
263 3299 324 3350 pag.
339 3285 410 3338 2518.
918 3290 920 3296 '

192 3447 253 3506 311.
275 3446 415 3521 cognatio
427 3446 587 3523 spiritualis
608 3465 626 3507 a
649 3447 793 3524 spirituali
811 3449 971 3526 adoptione
991 3449 1172 3527 producitur,
