2410 4068
476 133 642 190 „173-

71 253 167 318 dontnli;
181 255 227 308 sod
241 257 392 321 dubitatur,
411 261 472 324 quis
486 259 593 322 primus
609 257 692 309 fucrit
711 271 806 310 esrum
824 257 969 310 institutor.
992 259 1069 312 Com·

70 329 165 379 uiuitur
177 329 235 379 haec
248 329 368 380 inventio
383 329 512 380 tribuitur
524 329 552 379 S.
570 328 684 379 Paulino
704 329 781 381 Nolae
796 331 933 395 episcopo,
951 331 997 395 qui
1012 345 1069 382 mc·

70 398 102 449 dio
114 401 204 450 sacculo
218 400 312 464 quinto
323 399 380 451 vito
396 401 504 451 iunctus
517 403 568 450 est.
587 399 640 451 Sed
661 400 695 452 do
708 403 820 452 vorimtc
837 400 920 465 hujus
935 401 1070 468 opinionis

68 468 130 520 valdo
143 470 245 522 dubitat
259 471 422 522 Benedictus
436 470 501 520 xlv
521 471 549 521 iu
565 484 616 522 sus
633 471 808 522 Institutione
822 471 863 534 ao,
876 471 941 535 quio
955 471 1025 524 idom
1040 473 1067 524 S.

68 541 178 592 Paulinus
190 541 340 593 Ecclesium
359 541 516 594 describens
537 555 554 592 a
573 555 603 593 ss
624 541 785 594 aediiicatam
801 555 851 608 por
870 542 992 606 singulas
1004 555 1069 594 suas

67 615 150 675 partos,
161 613 200 664 nil
217 612 251 666 dc
269 614 417 676 campanis,
430 618 477 663 aut
500 612 569 664 turri
588 612 761 678 campanaria
783 617 982 676 commemorat,
996 615 1068 680 quod

67 683 240 748 uendidisset,
254 685 279 734 si
293 685 397 748 primus
416 683 444 734 in
461 697 494 734 os
516 697 663 750 campanas
685 683 851 735 collocasset.
874 684 964 746 Quane
982 684 1067 737 multo

67 753 212 815 probabilior
224 754 331 806 videtur
344 754 443 820 opinio,
458 768 521 820 quae
536 754 562 805 S.
579 753 776 807 columbanum
790 759 913 806 nostruin
929 759 1065 807 monaste·

67 823 94 872 rii
107 823 234 877 Bobieusis
246 826 373 876 abbatom
387 826 479 876 seculo
494 829 568 876 sexto
581 838 775 891 campanarum
786 825 952 877 inventorem
962 827 1063 879 statuit.

65 892 151 945 Revara
164 897 192 946 P.
206 896 380 946 Mobillonius
399 896 427 950 in
440 897 496 950 vito
507 896 534 948 S.
551 896 711 948 columbani
726 909 783 948 sse
800 896 962 960 scriptasit,
976 896 1066 962 ipsum

66 963 96 1023 (8.
110 965 303 1032 Columhanom)
323 966 414 1018 medic
435 968 521 1028 nocto,
537 966 660 1030 pulsante
679 977 822 1032 campana,
835 979 861 1018 sc
880 966 918 1018 ad
937 967 1067 1032 temptum

63 1036 183 1088 mmmdcc
204 1041 228 1090 ct
252 1037 372 1104 quodum
395 1037 439 1088 dte
458 1037 586 1090 ministro
609 1051 658 1089 sco
673 1049 838 1100 componam
856 1037 943 1090 nitito
958 1037 1065 1103 pultato

58 1107 198 1190 precipisse,
215 1113 293 1176 cpias
317 1107 408 1160 sonitu
427 1105 537 1162 iratres
557 1107 671 1162 cccitott
690 1107 838 1160 Ecclesiam
858 1107 981 1172 protinas
1001 1112 1065 1164 tuot

60 1177 162 1242 iopam
173 1179 238 1231 Haec
252 1184 296 1231 cst
310 1180 398 1247 prima
407 1193 599 1244 campanorum
612 1165 721 1237 mentio,
732 1192 794 1244 quan
807 1179 834 1230 in
849 1178 969 1229 historiis
978 1179 1064 1230 eccls-

60 1249 161 1301 siasticu
176 1252 320 1308 invonitur,
334 1251 368 1303 da
382 1264 435 1314 quo
452 1249 581 1308 ltartene
594 1253 621 1300 ot
635 1249 737 1314 Pogius
750 1249 922 1306 conveniunt.
938 1253 968 1300 ut
981 1252 1063 1300 tosto·

59 1324 95 1369 tur
105 1321 259 1374 Benedictus
268 1322 375 1375 illvm
384 1322 451 1374 lust.
466 1321 497 1372 20
507 1323 597 1371 cit-
566 1321 645 1385 -(i)
661 1321 728 1372 Haec
743 1321 858 1372 facultas
871 1319 1065 1384 uuucEpisco·

59 1391 94 1454 pis
105 1394 250 1458 patentibus
263 1393 343 1444 focile
353 1393 517 1444 conceditur.
531 1419 562 1429 -
575 1393 612 1456 (3)
626 1392 671 1442 Sic
684 1393 754 1442 enlin
769 1390 890 1442 delinivit
903 1391 929 1441 S.
945 1391 1063 1456 Cougio-

60 1462 118 1523 patio
131 1464 182 1514 liit.
199 1464 392 1528 lisspt.18·tt,
411 1477 472 1528 quac
494 1463 677 1528 interrogata:
692 1463 734 1514 An
752 1462 840 1526 sipon,
861 1475 907 1512 scu
926 1471 1063 1524 compono

58 1544 97 1593 pro
107 1533 255 1586 indicandis
264 1534 337 1588 lactis
346 1535 376 1586 in
386 1534 528 1599 lccrotopiis
538 1532 650 1597 patinis
657 1533 757 1598 possint
770 1531 890 1586 benedici
900 1531 994 1589 andam
1003 1531 1061 1596 scr-

58 1604 126 1668 mcla,
145 1619 197 1670 quc
218 1605 411 1658 benedicuntur
425 1605 505 1672 siquo
525 1603 724 1658 ecclesiactica?
741 1604 909 1670 Respondit:
923 1601 1061 1668 Mustiae,

58 1680 218 1741 patercuom
233 1676 264 1728 in
275 1691 347 1734 casu,
357 1689 409 1743 qao
423 1675 517 1728 cadam
530 1675 608 1741 sipon
621 1674 722 1727 nodum
733 1689 782 1742 pro
798 1673 966 1728 indicatione
979 1673 1059 1726 horc-

57 1757 104 1797 ruaa
114 1749 246 1811 pulsanda
258 1747 323 1808 sitit,
337 1761 431 1800 varum
446 1749 532 1800 ctiam
547 1761 596 1811 pro
609 1747 694 1799 sacris
707 1745 900 1812 sanctionibus.
915 1771 943 1784 -·
957 1745 993 1810 (l)
1003 1745 1062 1796 Hoc

57 1819 200 1882 principium
214 1819 367 1870 admittitur
380 1820 460 1869 stiam
474 1820 577 1868 snovis
590 1817 698 1881 legibus
711 1817 838 1868 civilibus
847 1815 952 1868 Galliaez
967 1815 1061 1868 Andro

57 1887 117 1940 turs.
126 1891 196 1955 alph.
209 1893 264 1956 jur,
281 1890 433 1940 convento
443 1888 545 1952 cincta,
559 1887 571 1949 i
585 1889 609 1940 i.
625 1888 681 1939 Nec
692 1891 812 1952 potestus
826 1887 914 1939 civilis
925 1887 997 1938 valet
1009 1900 1058 1937 uo·

56 1960 140 2012 minare
154 1963 319 2026 pulsatorem
340 1973 541 2027 componam,
558 1960 601 2012 vol
615 1959 699 2009 turris
713 1959 895 2023 companatio)
911 1956 1059 2012 custodem.

56 2034 111 2092 quod
122 2045 219 2082 munus
236 2045 291 2082 non
313 2033 348 2082 ad
372 2031 511 2096 Majoccm‚
525 2031 568 2082 vol
591 2029 746 2095 syndicum,
760 2043 848 2095 noque
867 2029 901 2080 od
916 2027 1059 2080 consilium

55 2099 167 2164 lairico,
177 2105 224 2154 sod
239 2103 274 2154 ad
290 2102 440 2154 Parochum
449 2105 560 2166 spectat.
573 2100 612 2151 ld.
625 2101 662 2152 ib.
675 2128 702 2138 -—
716 2100 752 2164 (5)
768 2099 886 2151 Possunt
897 2105 988 2151 umen
1000 2097 1060 2164 pul-

55 2172 97 2220 sari
109 2173 134 2222 in
149 2187 212 2225 casu
221 2173 406 2224 inundationis
417 2186 560 2238 morum,
570 2171 697 2229 incendii,
708 2173 755 2222 aut
764 2171 877 2222 altsrius
886 2170 1057 2226 calamitatis.

55 2242 86 2292 iel
97 2245 205 2308 paniculi
220 2243 305 2310 :ouis
318 2245 358 2295 sic
372 2243 489 2296 officium
502 2243 641 2296 charitatis
651 2247 678 2294 ot
691 2241 800 2308 pictatis
813 2246 961 2296 oxcrcstur.
