2410 4068
578 155 686 212 -ars
705 139 745 194 -'

138 283 181 332 cst
202 289 328 346 persono,
341 275 399 326 hmo
413 275 546 340 integram
560 275 643 327 habet
655 288 766 338 xocom3
783 275 806 326 si
821 287 883 326 vero
897 273 991 342 plures
1004 273 1058 326 sint
1072 285 1156 340 perso·

137 363 181 401 nte
195 348 290 402 eadem
303 359 355 399 vox
374 359 422 410 pro
441 357 555 398 numero
578 359 768 412 personarum,
782 351 813 397 ut
826 345 973 397 haereditas
997 359 1047 411 per
1061 346 1157 408 uncias,

137 421 209 472 iuter
221 433 268 471 eas
281 416 421 480 dividitur,
437 421 465 468 et
484 431 535 470 vox
558 417 681 470 effectiva
703 419 896 484 cujuscumque
919 418 999 470 linem
1019 430 1035 467 u
1054 416 1159 469 relativa

137 503 233 542 vocum
246 486 402 556 partialium
417 488 570 552 majoritate
585 489 716 540 educitur.
733 489 767 540 lit
782 487 819 538 ita
833 487 948 552 coguitis
966 487 1090 545 vocibus,
1110 487 1158 538 siro

138 559 274 626 suffragiis
289 559 409 611 omnium
424 559 566 618 linearum,
581 560 628 611 ille
642 561 695 610 erit
713 560 878 622 nominatus,
898 572 948 624 pro
963 571 1016 624 quo
1030 559 1113 609 stabit
1124 571 1159 608 re·

138 631 220 682 lstira
234 629 423 694 suffragiorum
438 629 596 694 majoritas:
612 631 676 682 licet
689 629 769 682 aliter
782 629 903 682 obtineat
921 630 949 680 in
960 631 1159 696 juropatronatn

138 701 281 766 collegiali,
303 701 375 767 quod
395 702 430 752 ab
442 701 636 766 Universitale,
651 702 709 754 siva
732 700 846 766 collegio
869 700 1051 765 collegialiter
1071 713 1157 766 proce·

138 772 226 825 dendo
239 777 389 836 exercetur,
400 773 427 822 in
438 786 500 838 quo,
514 773 622 824 saclusa
635 773 771 824 contraria
784 771 987 835 consuetudine,
998 775 1025 822 et
1038 771 1097 836 lega
1108 771 1160 821 iun·

137 843 265 908 dationis,
276 844 412 909 majoritas
425 841 551 896 absoluta
565 845 720 910 requiritur.
731 844 769 896 De
782 843 855 894 Luce
869 842 919 894 loc.
934 842 978 894 cit.
992 841 1059 894 disc.
1074 841 1113 894 61.

174 1017 237 1073 tm.
248 1017 281 1084 ln
289 1011 515 1088 jurepatronatu
525 1009 671 1084 familiari,
678 1019 708 1072 et
718 1011 862 1088 gentilitio
872 1011 1009 1088 quaedmu
1017 1018 1064 1072 est
1071 1011 1159 1085 imago

139 1100 320 1164 haereditatls
333 1100 630 1173 fideicommissariae3
647 1105 677 1160 et
685 1100 754 1161 ideo
763 1107 797 1160 ut
806 1101 966 1176 plurimum
977 1099 1091 1159 nedum
1104 1116 1160 1158 ser-

138 1197 248 1250 vantur
259 1191 289 1250 in
299 1207 347 1262 eo,
358 1206 425 1266 quar
437 1205 529 1268 supra
540 1189 578 1249 de
583 1189 813 1266 jurepatronatu
827 1187 1012 1248 haereditario
1026 1187 1159 1260 dixlmns,

137 1279 294 1340 sedetiam
308 1295 375 1354 quae
389 1295 407 1338 a
420 1277 536 1354 legibus
557 1285 627 1337 sunt
640 1295 695 1354 pro
710 1277 947 1339 ddeieOmmIssis
966 1283 1086 1350 statuta,
1104 1293 1159 1336 ma·

137 1367 219 1428 xime
240 1367 360 1444 quartdo
382 1365 635 1442 primogeniturae,
650 1374 700 1426 aut
714 1359 878 1443 majoratus
890 1367 1018 1426 formam
1032 1365 1157 1426 exhibet.

138 1455 336 1516 Nihilominus
350 1454 375 1513 si
391 1457 619 1532 juspatronetus
637 1453 775 1514 relictum
794 1455 833 1514 sit
853 1453 1024 1530 simpliciter
1037 1453 1158 1526 familie,

139 1548 282 1604 Doctores
295 1543 487 1615 conveniunt,
502 1539 662 1601 familiares
680 1542 845 1602 succedere
859 1543 888 1601 in
904 1541 1014 1617 cepita3
1037 1541 1091 1602 sed
1106 1559 1158 1602 non

139 1631 321 1690 conveniunt
334 1630 365 1689 in
379 1647 427 1702 eo,
442 1646 479 1688 an
495 1635 610 1689 tantum
623 1629 823 1706 proximiores
836 1629 868 1688 in
878 1630 987 1690 endem
996 1630 1089 1706 gradu
1102 1647 1159 1689 suc·

139 1719 257 1793 cedant,
273 1720 322 1778 rel
335 1715 500 1778 succedant
514 1733 619 1778 omnes
634 1717 731 1794 primi,
755 1726 784 1778 et
803 1717 957 1778 ulterioris
972 1719 1093 1794 gradus,
1112 1717 1159 1790 Qui

137 1807 337 1884 proximiores
350 1813 466 1866 tantum
480 1805 632 1867 incudem
655 1806 751 1882 gradu
774 1807 932 1868 admittunt
946 1807 986 1867 illi
1002 1807 1159 1868 innituntur

137 1896 245 1957 rationi
258 1915 264 1956 ε
276 1895 346 1972 quia
360 1894 426 1954 talis
441 1902 487 1956 est
499 1896 574 1955 ordo
588 1894 786 1956 successionis
799 1896 829 1954 in
844 1895 1098 1970 fideicommissis,
1114 1895 1159 1972 qui

138 2003 218 2046 vero·
234 1984 403 2046 admittunt·
417 1997 522 2045 omnes
543 1983 643 2060 primi,
665 1991 696 2046 et
714 1984 863 2046 ulterioris
877 1986 988 2061 gradus
1003 1984 1034 2046 id
1047 2002 1102 2061 pro
1115 2002 1158 2046 ra·

137 2073 218 2134 tione
240 2073 360 2147 hebent,
376 2073 458 2149 quod
477 2089 584 2133 omnes
597 2064 699 2134 'unum
722 2075 881 2135 efformant
902 2081 1076 2134 vocatorum
1095 2091 1157 2135 cor-

138 2180 205 2239 pus.
218 2161 286 2236 Sed,
301 2169 334 2222 nt
354 2168 457 2222 monet
471 2165 512 2221 De
526 2167 615 2236 Luca,
634 2163 723 2238 huJus
744 2161 918 2240 quaestion'rs
932 2162 1046 2222 decisio
1059 2163 1097 2221 ah
1109 2179 1157 2221 an·

140 2249 287 2311 tecedenti
301 2249 488 2311 observantia
502 2251 706 2327 principaliter
720 2258 766 2311 est
778 2253 907 2326 petenda
921 2254 968 2320 ji).
984 2250 1014 2310 Si
1028 2268 1098 2311 vero
1104 2252 1157 2326 jus

138 2345 314 2415 patronatus
330 2338 419 2400 merit
441 2338 640 2414 primogenito
661 2339 834 2416 obligatum,
852 2339 911 2399 hoc
931 2339 1156 2410 observandum,
1203 2363 1204 2418 ,

138 2427 249 2504 quoda
269 2427 346 2488 linea
360 2427 504 2503 ingressa,
522 2427 577 2486 nisi
589 2444 625 2488 oo
640 2427 784 2501 extincta,
806 2445 867 2488 non
886 2427 1010 2500 recedit,
1033 2434 1062 2488 ct
1082 2426 1156 2502 quod

137 2516 307 2577 recedendo
326 2515 355 2574 in
379 2515 609 2592 primogenitum
622 2516 708 2576 lineae
722 2515 912 2592 proximioris
924 2515 1092 2591 pertransit,
1106 2515 1156 2574 nisi

137 2612 208 2665 natu
222 2605 318 2681 major
335 2621 375 2665 ex
396 2610 460 2664 tnta
479 2603 590 2664 familia
607 2606 645 2663 sit
659 2611 793 2686 vocotus,
809 2606 890 2666 nulla
903 2604 1050 2664 linearum
1063 2603 1156 2664 habita

137 2692 268 2765 ratione,
296 2710 356 2769 quo
379 2709 462 2766 casu,
487 2691 663 2760 adveniente
677 2693 841 2755 vacationis
854 2701 1000 2768 tempore,
1013 2696 1156 2770 jnspatro-

138 2788 226 2842 natus
239 2781 278 2840 ad
290 2781 386 2856 magis
399 2787 486 2840 aetate
509 2783 678 2857 longaevum
702 2781 816 2854 transit,
841 2799 1030 2859 quacumque
1043 2783 1072 2842 in
1085 2782 1155 2842 linea
1202 2833 1203 2838 ,

137 2870 313 2944 reperiatur,
324 2869 405 2944 qnod
418 2870 545 2944 proinde
558 2888 576 2930 a
596 2870 774 2930 Doctoribus
787 2870 972 2930 scunarium
984 2873 1153 2947 appellatur.
1202 2939 1203 2956 2

137 2957 269 3032 lienique
281 2955 435 3031 familiare,
451 2963 481 3017 et
493 2957 669 3033 gentilitium
680 2959 906 3036 juspatronatus
919 2960 948 3018 in
965 2960 1068 3020 ultima
1081 2958 1155 3020 lami-
1202 2961 1203 2984 l

137 3044 184 3105 liae
198 3062 327 3122 persona
341 3046 405 3107 lieri
418 3045 638 3108 haereditarium
652 3065 690 3108 ex
704 3047 852 3125 primitiva
866 3049 1032 3110 tnohumni
1042 3055 1153 3110 senten-

139 3132 178 3193 tie
193 3150 298 3194 omnes
311 3136 447 3196 moderni
460 3135 570 3196 docent
589 3143 738 3211 auctores,
759 3137 850 3198 modo
874 3139 1025 3200 contraria
1046 3137 1155 3198 nonsit

137 3220 303 3283 fundatoris
315 3225 455 3313 voluntas
469 3229 525 3308 (a),

171 3351 206 3420 (l)
219 3353 259 3406 Do
268 3354 359 3420 jurcp.
375 3354 441 3408 diso.
457 3352 497 3406 3³.
510 3379 543 3390 —
556 3354 591 3420 (l)
605 3353 645 3406 Da
658 3351 801 3408 Lucaood.
815 3355 865 3408 loc.
879 3355 946 3409 disc.
961 3357 1001 3419 m,
1016 3372 1041 3411 n.
1056 3355 1092 3410 tt.

173 3525 236 3581 556.
256 3520 364 3596 Tertio,
379 3519 457 3582 inter
466 3522 534 3598 jnra
551 3495 680 3600 patrono
693 3522 804 3584 tributa
817 3531 993 3588 recensetur
1003 3526 1052 3602 jus
1061 3525 1151 3586 hono·
1201 3505 1202 3570 l
