<?xml version="1.0" encoding="UTF-8"?>
<!DOCTYPE html PUBLIC "-//W3C//DTD XHTML 1.0 Transitional//EN"
    "http://www.w3.org/TR/xhtml1/DTD/xhtml1-transitional.dtd">
<html xmlns="http://www.w3.org/1999/xhtml" xml:lang="en" lang="en">
 <head>
  <title>
</title>
<meta http-equiv="Content-Type" content="text/html;charset=utf-8" />
  <meta name='ocr-system' content='tesseract 3.04.00' />
  <meta name='ocr-capabilities' content='ocr_page ocr_carea ocr_par ocr_line ocrx_word'/>
</head>
<body>
  <div class='ocr_page' id='page_1' title='image "./summainstitutio01ferrgoog_0239.png"; bbox 0 0 2410 4068; ppageno 0'>
   <div class='ocr_carea' id='block_1_1' title="bbox 527 89 707 148">
    <p class='ocr_par' dir='ltr' id='par_1_1' title="bbox 527 89 707 148">
     <span class='ocr_line' id='line_1_1' title="bbox 527 89 707 148; baseline -0.011 -14"><span class='ocrx_word' id='word_1_1' title='bbox 527 89 707 148; x_wconf 59' lang='grc'><em>...293-</em></span> 
     </span>
    </p>
   </div>
   <div class='ocr_carea' id='block_1_2' title="bbox 111 209 1199 1262">
    <p class='ocr_par' dir='ltr' id='par_1_2' title="bbox 111 209 1199 1262">
     <span class='ocr_line' id='line_1_2' title="bbox 114 209 1137 287; baseline -0.001 -18"><span class='ocrx_word' id='word_1_2' title='bbox 114 213 182 270; x_wconf 85' lang='lat' dir='ltr'>as.</span> <span class='ocrx_word' id='word_1_3' title='bbox 203 209 439 286; x_wconf 74' lang='lat' dir='ltr'>congregatione</span> <span class='ocrx_word' id='word_1_4' title='bbox 460 210 677 287; x_wconf 82' lang='lat' dir='ltr'>Episcoporum</span> <span class='ocrx_word' id='word_1_5' title='bbox 698 218 728 270; x_wconf 85' lang='lat' dir='ltr'>et</span> <span class='ocrx_word' id='word_1_6' title='bbox 750 209 938 286; x_wconf 76' lang='lat' dir='ltr'>Regularium</span> <span class='ocrx_word' id='word_1_7' title='bbox 961 210 993 270; x_wconf 87' lang='lat' dir='ltr'>in</span> <span class='ocrx_word' id='word_1_8' title='bbox 1013 225 1069 268; x_wconf 90' lang='lat' dir='ltr'>suo</span> <span class='ocrx_word' id='word_1_9' title='bbox 1087 209 1137 268; x_wconf 87' lang='lat' dir='ltr'>de-</span> 
     </span>
     <span class='ocr_line' id='line_1_3' title="bbox 115 297 1199 377; baseline -0.002 -19"><span class='ocrx_word' id='word_1_10' title='bbox 115 306 198 358; x_wconf 87' lang='lat' dir='ltr'>creto</span> <span class='ocrx_word' id='word_1_11' title='bbox 214 297 385 374; x_wconf 73' lang='lat' dir='ltr'>adrogorio</span> <span class='ocrx_word' id='word_1_12' title='bbox 399 303 457 360; x_wconf 83' lang='lat' dir='ltr'>livi</span> <span class='ocrx_word' id='word_1_13' title='bbox 483 299 619 376; x_wconf 87' lang='lat' dir='ltr'>probato,</span> <span class='ocrx_word' id='word_1_14' title='bbox 634 300 665 360; x_wconf 90' lang='lat' dir='ltr'>in</span> <span class='ocrx_word' id='word_1_15' title='bbox 687 317 750 377; x_wconf 92' lang='lat' dir='ltr'>quo</span> <span class='ocrx_word' id='word_1_16' title='bbox 771 301 950 372; x_wconf 80' lang='lat' dir='ltr'>decernitur,</span> <span class='ocrx_word' id='word_1_17' title='bbox 976 297 1138 374; x_wconf 66' lang='lat' dir='ltr'>medones,</span> <span class='ocrx_word' id='word_1_18' title='bbox 1198 339 1199 350; x_wconf 54' lang='lat'>,</span> 
     </span>
     <span class='ocr_line' id='line_1_4' title="bbox 111 386 1139 464; baseline -0.005 -16"><span class='ocrx_word' id='word_1_19' title='bbox 111 393 146 448; x_wconf 86' lang='lat' dir='ltr'>et</span> <span class='ocrx_word' id='word_1_20' title='bbox 166 394 338 448; x_wconf 74' lang='lat' dir='ltr'>conbactus</span> <span class='ocrx_word' id='word_1_21' title='bbox 361 404 452 464; x_wconf 87' lang='lat' dir='ltr'>super</span> <span class='ocrx_word' id='word_1_22' title='bbox 474 388 700 450; x_wconf 73' lang='lat' dir='ltr'>alienationibus</span> <span class='ocrx_word' id='word_1_23' title='bbox 722 389 901 464; x_wconf 80' lang='lat' dir='ltr'>pensionum</span> <span class='ocrx_word' id='word_1_24' title='bbox 921 405 991 448; x_wconf 84' lang='lat' dir='ltr'>esse</span> <span class='ocrx_word' id='word_1_25' title='bbox 1014 386 1139 457; x_wconf 66' lang='lat' dir='ltr'>illicitos</span> 
     </span>
     <span class='ocr_line' id='line_1_5' title="bbox 114 474 1140 555; baseline -0.008 -15"><span class='ocrx_word' id='word_1_26' title='bbox 114 475 230 540; x_wconf 78' lang='lat' dir='ltr'>etiamsi</span> <span class='ocrx_word' id='word_1_27' title='bbox 253 476 343 536; x_wconf 69' lang='lat' dir='ltr'>nouo</span> <span class='ocrx_word' id='word_1_28' title='bbox 369 477 561 538; x_wconf 79' lang='lat' dir='ltr'>commoditas</span> <span class='ocrx_word' id='word_1_29' title='bbox 587 479 736 554; x_wconf 80' lang='lat' dir='ltr'>pensionis</span> <span class='ocrx_word' id='word_1_30' title='bbox 766 477 955 555; x_wconf 72' lang='lat' dir='ltr'>percipiendo</span> <span class='ocrx_word' id='word_1_31' title='bbox 984 477 1021 536; x_wconf 81' lang='lat' dir='ltr'>in</span> <span class='ocrx_word' id='word_1_32' title='bbox 1047 474 1140 534; x_wconf 84' lang='lat' dir='ltr'>olium</span> 
     </span>
     <span class='ocr_line' id='line_1_6' title="bbox 116 562 1140 642; baseline -0.003 -19"><span class='ocrx_word' id='word_1_33' title='bbox 116 567 340 640; x_wconf 58' lang='lat' dir='ltr'>transforatum</span> <span class='ocrx_word' id='word_1_34' title='bbox 357 571 388 626; x_wconf 90' lang='lat' dir='ltr'>et</span> <span class='ocrx_word' id='word_1_35' title='bbox 408 565 469 625; x_wconf 82' lang='lat' dir='ltr'>nisi</span> <span class='ocrx_word' id='word_1_36' title='bbox 488 567 585 627; x_wconf 77' lang='lat' dir='ltr'>babilo</span> <span class='ocrx_word' id='word_1_37' title='bbox 594 573 597 582; x_wconf 90' lang='lat'>&#39;</span> <span class='ocrx_word' id='word_1_38' title='bbox 607 568 693 642; x_wconf 80' lang='lat' dir='ltr'>prins</span> <span class='ocrx_word' id='word_1_39' title='bbox 707 585 741 628; x_wconf 85' lang='lat' dir='ltr'>eo</span> <span class='ocrx_word' id='word_1_40' title='bbox 754 568 788 626; x_wconf 83' lang='lat' dir='ltr'>de</span> <span class='ocrx_word' id='word_1_41' title='bbox 803 585 834 627; x_wconf 84' lang='lat' dir='ltr'>ro</span> <span class='ocrx_word' id='word_1_42' title='bbox 847 565 967 642; x_wconf 66' lang='lat' dir='ltr'>coeunti</span> <span class='ocrx_word' id='word_1_43' title='bbox 981 562 1140 641; x_wconf 84' lang='lat' dir='ltr'>Apostotieo</span> 
     </span>
     <span class='ocr_line' id='line_1_7' title="bbox 114 650 1140 730; baseline 0 -18"><span class='ocrx_word' id='word_1_44' title='bbox 114 652 300 730; x_wconf 77' lang='lat' dir='ltr'>beneplacito,</span> <span class='ocrx_word' id='word_1_45' title='bbox 319 652 415 713; x_wconf 83' lang='lat' dir='ltr'>bellos</span> <span class='ocrx_word' id='word_1_46' title='bbox 434 653 500 714; x_wconf 86' lang='lat' dir='ltr'>fleri</span> <span class='ocrx_word' id='word_1_47' title='bbox 522 670 583 716; x_wconf 88' lang='lat' dir='ltr'>non</span> <span class='ocrx_word' id='word_1_48' title='bbox 603 671 696 730; x_wconf 76' lang='lat' dir='ltr'>,posse</span> <span class='ocrx_word' id='word_1_49' title='bbox 718 659 769 726; x_wconf 77' lang='lat'>(2).</span> <span class='ocrx_word' id='word_1_50' title='bbox 792 655 877 715; x_wconf 84' lang='lat' dir='ltr'>Prius</span> <span class='ocrx_word' id='word_1_51' title='bbox 895 661 998 714; x_wconf 82' lang='lat' dir='ltr'>tamen</span> <span class='ocrx_word' id='word_1_52' title='bbox 1020 650 1140 712; x_wconf 82' lang='lat' dir='ltr'>Benedi-</span> 
     </span>
     <span class='ocr_line' id='line_1_8' title="bbox 115 742 1140 822; baseline -0.001 -22"><span class='ocrx_word' id='word_1_53' title='bbox 115 746 184 801; x_wconf 88' lang='lat' dir='ltr'>ctus</span> <span class='ocrx_word' id='word_1_54' title='bbox 201 745 272 814; x_wconf 88' lang='lat' dir='ltr'>lllll,</span> <span class='ocrx_word' id='word_1_55' title='bbox 290 743 353 818; x_wconf 83' lang='lat' dir='ltr'>jam</span> <span class='ocrx_word' id='word_1_56' title='bbox 369 743 535 816; x_wconf 82' lang='lat' dir='ltr'>definierat,</span> <span class='ocrx_word' id='word_1_57' title='bbox 557 761 618 804; x_wconf 90' lang='lat' dir='ltr'>non</span> <span class='ocrx_word' id='word_1_58' title='bbox 634 744 725 804; x_wconf 89' lang='lat' dir='ltr'>licere</span> <span class='ocrx_word' id='word_1_59' title='bbox 737 751 824 822; x_wconf 84' lang='lat' dir='ltr'>pacta</span> <span class='ocrx_word' id='word_1_60' title='bbox 837 743 914 803; x_wconf 87' lang='lat' dir='ltr'>inter</span> <span class='ocrx_word' id='word_1_61' title='bbox 928 742 1140 818; x_wconf 78' lang='lat' dir='ltr'>resignantem,</span> 
     </span>
     <span class='ocr_line' id='line_1_9' title="bbox 115 830 1141 910; baseline -0.001 -21"><span class='ocrx_word' id='word_1_62' title='bbox 115 836 145 889; x_wconf 88' lang='lat' dir='ltr'>et</span> <span class='ocrx_word' id='word_1_63' title='bbox 158 830 386 906; x_wconf 82' lang='lat' dir='ltr'>resignatarium</span> <span class='ocrx_word' id='word_1_64' title='bbox 406 847 496 906; x_wconf 89' lang='lat' dir='ltr'>super</span> <span class='ocrx_word' id='word_1_65' title='bbox 507 831 714 910; x_wconf 87' lang='lat' dir='ltr'>redemptione</span> <span class='ocrx_word' id='word_1_66' title='bbox 728 831 880 910; x_wconf 82' lang='lat' dir='ltr'>pensionis</span> <span class='ocrx_word' id='word_1_67' title='bbox 894 832 1069 891; x_wconf 77' lang='lat' dir='ltr'>constitutae</span> <span class='ocrx_word' id='word_1_68' title='bbox 1092 844 1141 903; x_wconf 85' lang='lat' dir='ltr'>per</span> 
     </span>
     <span class='ocr_line' id='line_1_10' title="bbox 116 916 1140 996; baseline -0.003 -19"><span class='ocrx_word' id='word_1_69' title='bbox 116 935 217 992; x_wconf 83' lang='lat' dir='ltr'>unam,</span> <span class='ocrx_word' id='word_1_70' title='bbox 240 919 288 978; x_wconf 90' lang='lat' dir='ltr'>vel</span> <span class='ocrx_word' id='word_1_71' title='bbox 310 920 411 995; x_wconf 87' lang='lat' dir='ltr'>plures</span> <span class='ocrx_word' id='word_1_72' title='bbox 434 918 609 996; x_wconf 87' lang='lat' dir='ltr'>anticipatas</span> <span class='ocrx_word' id='word_1_73' title='bbox 631 921 794 981; x_wconf 88' lang='lat' dir='ltr'>solutiones</span> <span class='ocrx_word' id='word_1_74' title='bbox 808 925 849 992; x_wconf 87' lang='lat'>(3)</span> <span class='ocrx_word' id='word_1_75' title='bbox 864 938 871 994; x_wconf 72' lang='grc' dir='ltr'>ς</span> <span class='ocrx_word' id='word_1_76' title='bbox 888 916 1140 996; x_wconf 88' lang='lat' dir='ltr'>quemadmodum</span> 
     </span>
     <span class='ocr_line' id='line_1_11' title="bbox 115 1005 1141 1082; baseline -0.006 -14"><span class='ocrx_word' id='word_1_77' title='bbox 115 1007 249 1068; x_wconf 87' lang='lat' dir='ltr'>similiter</span> <span class='ocrx_word' id='word_1_78' title='bbox 263 1008 428 1082; x_wconf 82' lang='lat' dir='ltr'>definierat,</span> <span class='ocrx_word' id='word_1_79' title='bbox 442 1025 503 1068; x_wconf 91' lang='lat' dir='ltr'>non</span> <span class='ocrx_word' id='word_1_80' title='bbox 517 1009 607 1069; x_wconf 90' lang='lat' dir='ltr'>licere</span> <span class='ocrx_word' id='word_1_81' title='bbox 621 1011 762 1082; x_wconf 88' lang='lat' dir='ltr'>vendere,</span> <span class='ocrx_word' id='word_1_82' title='bbox 776 1016 827 1069; x_wconf 89' lang='lat' dir='ltr'>aut</span> <span class='ocrx_word' id='word_1_83' title='bbox 842 1010 949 1069; x_wconf 80' lang='lat' dir='ltr'>cedere</span> <span class='ocrx_word' id='word_1_84' title='bbox 963 1009 1084 1067; x_wconf 80' lang='lat' dir='ltr'>fructus</span> <span class='ocrx_word' id='word_1_85' title='bbox 1098 1005 1141 1062; x_wconf 84' lang='lat' dir='ltr'>be</span> 
     </span>
     <span class='ocr_line' id='line_1_12' title="bbox 116 1091 1141 1174; baseline -0.006 -18"><span class='ocrx_word' id='word_1_86' title='bbox 116 1096 292 1158; x_wconf 91' lang='lat' dir='ltr'>neliciorum</span> <span class='ocrx_word' id='word_1_87' title='bbox 305 1098 344 1156; x_wconf 92' lang='lat' dir='ltr'>ad</span> <span class='ocrx_word' id='word_1_88' title='bbox 357 1097 460 1171; x_wconf 80' lang='lat' dir='ltr'>vitam,</span> <span class='ocrx_word' id='word_1_89' title='bbox 478 1098 525 1156; x_wconf 87' lang='lat' dir='ltr'>vel</span> <span class='ocrx_word' id='word_1_90' title='bbox 547 1097 585 1157; x_wconf 90' lang='lat' dir='ltr'>ad</span> <span class='ocrx_word' id='word_1_91' title='bbox 599 1099 722 1174; x_wconf 89' lang='lat' dir='ltr'>longum</span> <span class='ocrx_word' id='word_1_92' title='bbox 735 1105 864 1173; x_wconf 88' lang='lat' dir='ltr'>tempus,</span> <span class='ocrx_word' id='word_1_93' title='bbox 879 1103 1004 1174; x_wconf 88' lang='lat' dir='ltr'>recepta</span> <span class='ocrx_word' id='word_1_94' title='bbox 1017 1091 1141 1172; x_wconf 86' lang='lat' dir='ltr'>pecunie</span> 
     </span>
     <span class='ocr_line' id='line_1_13' title="bbox 117 1185 1140 1262; baseline -0.004 -18"><span class='ocrx_word' id='word_1_95' title='bbox 117 1185 155 1246; x_wconf 91' lang='lat' dir='ltr'>ad</span> <span class='ocrx_word' id='word_1_96' title='bbox 169 1203 236 1247; x_wconf 89' lang='lat' dir='ltr'>eam</span> <span class='ocrx_word' id='word_1_97' title='bbox 250 1201 409 1260; x_wconf 87' lang='lat' dir='ltr'>summam,</span> <span class='ocrx_word' id='word_1_98' title='bbox 424 1202 490 1262; x_wconf 85' lang='lat' dir='ltr'>quae</span> <span class='ocrx_word' id='word_1_99' title='bbox 505 1185 652 1262; x_wconf 85' lang='lat' dir='ltr'>probabili</span> <span class='ocrx_word' id='word_1_100' title='bbox 671 1185 739 1246; x_wconf 83' lang='lat' dir='ltr'>vitae</span> <span class='ocrx_word' id='word_1_101' title='bbox 758 1187 860 1246; x_wconf 90' lang='lat' dir='ltr'>cursui</span> <span class='ocrx_word' id='word_1_102' title='bbox 884 1185 1071 1260; x_wconf 86' lang='lat' dir='ltr'>respondeat</span> <span class='ocrx_word' id='word_1_103' title='bbox 1093 1187 1140 1255; x_wconf 77' lang='lat' dir='ltr'>(l).</span> 
     </span>
    </p>
   </div>
   <div class='ocr_carea' id='block_1_3' title="bbox 118 1345 1142 2182">
    <p class='ocr_par' dir='ltr' id='par_1_3' title="bbox 118 1345 1142 2182">
     <span class='ocr_line' id='line_1_14' title="bbox 149 1345 1142 1416; baseline -0.006 -16"><span class='ocrx_word' id='word_1_104' title='bbox 149 1349 186 1416; x_wconf 89' lang='grc'>(1)</span> <span class='ocrx_word' id='word_1_105' title='bbox 199 1350 308 1416; x_wconf 86' lang='lat' dir='ltr'>Riganti</span> <span class='ocrx_word' id='word_1_106' title='bbox 322 1349 357 1401; x_wconf 90' lang='lat' dir='ltr'>ud</span> <span class='ocrx_word' id='word_1_107' title='bbox 371 1364 425 1416; x_wconf 90' lang='lat' dir='ltr'>reg.</span> <span class='ocrx_word' id='word_1_108' title='bbox 442 1351 482 1414; x_wconf 74' lang='lat'>25,</span> <span class='ocrx_word' id='word_1_109' title='bbox 497 1351 510 1414; x_wconf 70' lang='grc' dir='ltr'>ξ</span> <span class='ocrx_word' id='word_1_110' title='bbox 523 1351 548 1413; x_wconf 74' lang='lat' dir='ltr'>i,</span> <span class='ocrx_word' id='word_1_111' title='bbox 561 1364 589 1402; x_wconf 91' lang='lat' dir='ltr'>n.</span> <span class='ocrx_word' id='word_1_112' title='bbox 603 1351 641 1402; x_wconf 76' lang='lat'>32.</span> <span class='ocrx_word' id='word_1_113' title='bbox 658 1379 689 1388; x_wconf 93' lang='lat'>-</span> <span class='ocrx_word' id='word_1_114' title='bbox 703 1352 738 1416; x_wconf 77' lang='lat' dir='ltr'>(i)</span> <span class='ocrx_word' id='word_1_115' title='bbox 757 1351 815 1404; x_wconf 86' lang='lat' dir='ltr'>Hoc</span> <span class='ocrx_word' id='word_1_116' title='bbox 826 1351 966 1403; x_wconf 88' lang='lat' dir='ltr'>decretum</span> <span class='ocrx_word' id='word_1_117' title='bbox 978 1349 1082 1402; x_wconf 86' lang='lat' dir='ltr'>editum</span> <span class='ocrx_word' id='word_1_118' title='bbox 1096 1345 1142 1396; x_wconf 86' lang='lat' dir='ltr'>luit</span> 
     </span>
     <span class='ocr_line' id='line_1_15' title="bbox 120 1404 1142 1486; baseline -0.008 -12"><span class='ocrx_word' id='word_1_119' title='bbox 120 1423 148 1474; x_wconf 80' lang='lat' dir='ltr'>li</span> <span class='ocrx_word' id='word_1_120' title='bbox 165 1423 253 1472; x_wconf 87' lang='lat' dir='ltr'>martii</span> <span class='ocrx_word' id='word_1_121' title='bbox 272 1422 332 1475; x_wconf 80' lang='lat' dir='ltr'>rsit</span> <span class='ocrx_word' id='word_1_122' title='bbox 345 1425 373 1473; x_wconf 87' lang='lat' dir='ltr'>et</span> <span class='ocrx_word' id='word_1_123' title='bbox 386 1421 503 1474; x_wconf 81' lang='lat' dir='ltr'>refertur</span> <span class='ocrx_word' id='word_1_124' title='bbox 520 1437 536 1474; x_wconf 89' lang='lat' dir='ltr'>a</span> <span class='ocrx_word' id='word_1_125' title='bbox 551 1421 629 1475; x_wconf 81' lang='lat' dir='ltr'>caro.</span> <span class='ocrx_word' id='word_1_126' title='bbox 645 1423 735 1486; x_wconf 85' lang='lat' dir='ltr'>Soglia</span> <span class='ocrx_word' id='word_1_127' title='bbox 749 1423 799 1473; x_wconf 85' lang='lat' dir='ltr'>loo.</span> <span class='ocrx_word' id='word_1_128' title='bbox 813 1423 857 1473; x_wconf 80' lang='lat' dir='ltr'>cit.</span> <span class='ocrx_word' id='word_1_129' title='bbox 876 1421 929 1474; x_wconf 82' lang='lat'>109.</span> <span class='ocrx_word' id='word_1_130' title='bbox 942 1449 970 1460; x_wconf 86' lang='lat'><em>-</em></span> <span class='ocrx_word' id='word_1_131' title='bbox 987 1421 1026 1484; x_wconf 87' lang='grc'>(3)</span> <span class='ocrx_word' id='word_1_132' title='bbox 1039 1404 1099 1470; x_wconf 78' lang='lat' dir='ltr'>bur.</span> <span class='ocrx_word' id='word_1_133' title='bbox 1111 1413 1142 1467; x_wconf 87' lang='lat' dir='ltr'>ln</span> 
     </span>
     <span class='ocr_line' id='line_1_16' title="bbox 118 1487 1140 1558; baseline -0.01 -12"><span class='ocrx_word' id='word_1_134' title='bbox 118 1492 236 1555; x_wconf 78' lang='lat' dir='ltr'>sublimi,</span> <span class='ocrx_word' id='word_1_135' title='bbox 251 1494 350 1558; x_wconf 90' lang='lat' dir='ltr'>inqua</span> <span class='ocrx_word' id='word_1_136' title='bbox 368 1493 517 1557; x_wconf 81' lang='lat' dir='ltr'>resignans,</span> <span class='ocrx_word' id='word_1_137' title='bbox 535 1499 562 1544; x_wconf 90' lang='lat' dir='ltr'>et</span> <span class='ocrx_word' id='word_1_138' title='bbox 576 1493 771 1557; x_wconf 85' lang='lat' dir='ltr'>resignatarius</span> <span class='ocrx_word' id='word_1_139' title='bbox 785 1493 819 1543; x_wconf 87' lang='lat' dir='ltr'>ad</span> <span class='ocrx_word' id='word_1_140' title='bbox 834 1492 1031 1558; x_wconf 89' lang='lat' dir='ltr'>possidendum</span> <span class='ocrx_word' id='word_1_141' title='bbox 1046 1487 1140 1540; x_wconf 76' lang='lat' dir='ltr'>benoli-</span> 
     </span>
     <span class='ocr_line' id='line_1_17' title="bbox 119 1557 1139 1630; baseline -0.007 -15"><span class='ocrx_word' id='word_1_142' title='bbox 119 1563 199 1624; x_wconf 88' lang='lat' dir='ltr'>cium,</span> <span class='ocrx_word' id='word_1_143' title='bbox 215 1569 241 1615; x_wconf 90' lang='lat' dir='ltr'>at</span> <span class='ocrx_word' id='word_1_144' title='bbox 257 1564 414 1630; x_wconf 87' lang='lat' dir='ltr'>pensionem</span> <span class='ocrx_word' id='word_1_145' title='bbox 427 1564 578 1616; x_wconf 89' lang='lat' dir='ltr'>redduntur</span> <span class='ocrx_word' id='word_1_146' title='bbox 592 1565 735 1617; x_wconf 74' lang='lat' dir='ltr'>inhabiles</span> <span class='ocrx_word' id='word_1_147' title='bbox 751 1591 781 1602; x_wconf 92' lang='lat'><em>-</em></span> <span class='ocrx_word' id='word_1_148' title='bbox 795 1565 829 1628; x_wconf 79' lang='lat' dir='ltr'>(it</span> <span class='ocrx_word' id='word_1_149' title='bbox 846 1563 904 1628; x_wconf 80' lang='lat' dir='ltr'>Bul.</span> <span class='ocrx_word' id='word_1_150' title='bbox 921 1557 1139 1615; x_wconf 79' lang='lat' dir='ltr'>Universolislic·</span> 
     </span>
     <span class='ocr_line' id='line_1_18' title="bbox 119 1630 1140 1688; baseline -0.008 -2"><span class='ocrx_word' id='word_1_151' title='bbox 119 1633 210 1686; x_wconf 78' lang='lat' dir='ltr'>olcsin.</span> <span class='ocrx_word' id='word_1_152' title='bbox 226 1634 282 1684; x_wconf 86' lang='lat' dir='ltr'>lias</span> <span class='ocrx_word' id='word_1_153' title='bbox 296 1636 431 1686; x_wconf 77' lang='lat' dir='ltr'>fructuum</span> <span class='ocrx_word' id='word_1_154' title='bbox 443 1634 642 1688; x_wconf 87' lang='lat' dir='ltr'>benalicialium</span> <span class='ocrx_word' id='word_1_155' title='bbox 652 1636 788 1688; x_wconf 83' lang='lat' dir='ltr'>cessiones</span> <span class='ocrx_word' id='word_1_156' title='bbox 800 1639 827 1686; x_wconf 90' lang='lat' dir='ltr'>et</span> <span class='ocrx_word' id='word_1_157' title='bbox 836 1635 1013 1686; x_wconf 84' lang='lat' dir='ltr'>alienationes</span> <span class='ocrx_word' id='word_1_158' title='bbox 1025 1630 1140 1682; x_wconf 82' lang='lat' dir='ltr'>Pontilex</span> 
     </span>
     <span class='ocr_line' id='line_1_19' title="bbox 118 1703 1138 1770; baseline -0.005 -15"><span class='ocrx_word' id='word_1_159' title='bbox 118 1704 237 1764; x_wconf 84' lang='lat' dir='ltr'>damnat,</span> <span class='ocrx_word' id='word_1_160' title='bbox 257 1705 321 1770; x_wconf 89' lang='lat' dir='ltr'>quio</span> <span class='ocrx_word' id='word_1_161' title='bbox 335 1704 452 1756; x_wconf 88' lang='lat' dir='ltr'>dedecus</span> <span class='ocrx_word' id='word_1_162' title='bbox 468 1705 583 1756; x_wconf 83' lang='lat' dir='ltr'>afferunt</span> <span class='ocrx_word' id='word_1_163' title='bbox 596 1706 733 1766; x_wconf 71' lang='lat' dir='ltr'>Ecclesiae,</span> <span class='ocrx_word' id='word_1_164' title='bbox 748 1708 812 1770; x_wconf 88' lang='lat' dir='ltr'>quia</span> <span class='ocrx_word' id='word_1_165' title='bbox 831 1705 944 1756; x_wconf 85' lang='lat' dir='ltr'>tendunt</span> <span class='ocrx_word' id='word_1_166' title='bbox 963 1705 998 1756; x_wconf 87' lang='lat' dir='ltr'>ad</span> <span class='ocrx_word' id='word_1_167' title='bbox 1014 1703 1138 1754; x_wconf 84' lang='lat' dir='ltr'>malorum</span> 
     </span>
     <span class='ocr_line' id='line_1_20' title="bbox 120 1775 1139 1842; baseline -0.009 -14"><span class='ocrx_word' id='word_1_168' title='bbox 120 1776 280 1828; x_wconf 89' lang='lat' dir='ltr'>clericorum</span> <span class='ocrx_word' id='word_1_169' title='bbox 294 1775 443 1840; x_wconf 82' lang='lat' dir='ltr'>explendas</span> <span class='ocrx_word' id='word_1_170' title='bbox 455 1777 626 1841; x_wconf 86' lang='lat' dir='ltr'>cupiditates,</span> <span class='ocrx_word' id='word_1_171' title='bbox 637 1777 701 1842; x_wconf 88' lang='lat' dir='ltr'>quia</span> <span class='ocrx_word' id='word_1_172' title='bbox 715 1777 828 1828; x_wconf 88' lang='lat' dir='ltr'>clericos</span> <span class='ocrx_word' id='word_1_173' title='bbox 841 1779 936 1841; x_wconf 88' lang='lat' dir='ltr'>posteo</span> <span class='ocrx_word' id='word_1_174' title='bbox 945 1777 981 1827; x_wconf 89' lang='lat' dir='ltr'>ad</span> <span class='ocrx_word' id='word_1_175' title='bbox 991 1776 1139 1839; x_wconf 76' lang='lat' dir='ltr'>aegestatem</span> 
     </span>
     <span class='ocr_line' id='line_1_21' title="bbox 120 1843 1140 1913; baseline -0.009 -16"><span class='ocrx_word' id='word_1_176' title='bbox 120 1846 262 1908; x_wconf 91' lang='lat' dir='ltr'>reducunt,</span> <span class='ocrx_word' id='word_1_177' title='bbox 277 1851 304 1896; x_wconf 87' lang='lat' dir='ltr'>et</span> <span class='ocrx_word' id='word_1_178' title='bbox 317 1845 381 1912; x_wconf 88' lang='lat' dir='ltr'>quia</span> <span class='ocrx_word' id='word_1_179' title='bbox 395 1846 512 1896; x_wconf 89' lang='lat' dir='ltr'>decursu</span> <span class='ocrx_word' id='word_1_180' title='bbox 525 1849 655 1912; x_wconf 87' lang='lat' dir='ltr'>temporis</span> <span class='ocrx_word' id='word_1_181' title='bbox 668 1861 802 1913; x_wconf 72' lang='lat' dir='ltr'>parsperes</span> <span class='ocrx_word' id='word_1_182' title='bbox 814 1847 977 1898; x_wconf 87' lang='lat' dir='ltr'>necessariis</span> <span class='ocrx_word' id='word_1_183' title='bbox 988 1843 1140 1896; x_wconf 83' lang='lat' dir='ltr'>fraudantur</span> 
     </span>
     <span class='ocr_line' id='line_1_22' title="bbox 119 1911 1137 1983; baseline -0.002 -15"><span class='ocrx_word' id='word_1_184' title='bbox 119 1917 305 1982; x_wconf 82' lang='lat' dir='ltr'>eleemosynis,</span> <span class='ocrx_word' id='word_1_185' title='bbox 321 1915 385 1967; x_wconf 88' lang='lat' dir='ltr'>dum</span> <span class='ocrx_word' id='word_1_186' title='bbox 401 1916 514 1977; x_wconf 86' lang='lat' dir='ltr'>reditus,</span> <span class='ocrx_word' id='word_1_187' title='bbox 529 1919 575 1982; x_wconf 92' lang='lat' dir='ltr'>qui</span> <span class='ocrx_word' id='word_1_188' title='bbox 590 1925 667 1968; x_wconf 88' lang='lat' dir='ltr'>orant</span> <span class='ocrx_word' id='word_1_189' title='bbox 681 1919 796 1982; x_wconf 85' lang='lat' dir='ltr'>singulis</span> <span class='ocrx_word' id='word_1_190' title='bbox 810 1917 898 1975; x_wconf 87' lang='lat' dir='ltr'>annis,</span> <span class='ocrx_word' id='word_1_191' title='bbox 911 1923 936 1967; x_wconf 89' lang='lat' dir='ltr'>et</span> <span class='ocrx_word' id='word_1_192' title='bbox 950 1931 1000 1983; x_wconf 92' lang='lat' dir='ltr'>pro</span> <span class='ocrx_word' id='word_1_193' title='bbox 1015 1920 1071 1966; x_wconf 85' lang='lat' dir='ltr'>tota</span> <span class='ocrx_word' id='word_1_194' title='bbox 1081 1911 1137 1966; x_wconf 82' lang='lat' dir='ltr'>rita.</span> 
     </span>
     <span class='ocr_line' id='line_1_23' title="bbox 119 1987 1138 2047; baseline -0.007 -7"><span class='ocrx_word' id='word_1_195' title='bbox 119 1987 197 2040; x_wconf 85' lang='lat' dir='ltr'>brevi</span> <span class='ocrx_word' id='word_1_196' title='bbox 216 1989 420 2040; x_wconf 84' lang='lat' dir='ltr'>consumuntur.</span> <span class='ocrx_word' id='word_1_197' title='bbox 440 1987 505 2038; x_wconf 90' lang='lat' dir='ltr'>Ideo</span> <span class='ocrx_word' id='word_1_198' title='bbox 520 1987 644 2040; x_wconf 82' lang='lat' dir='ltr'>Pontifex</span> <span class='ocrx_word' id='word_1_199' title='bbox 665 1989 714 2044; x_wconf 86' lang='lat' dir='ltr'>bas</span> <span class='ocrx_word' id='word_1_200' title='bbox 734 1989 871 2040; x_wconf 85' lang='lat' dir='ltr'>cessiones</span> <span class='ocrx_word' id='word_1_201' title='bbox 886 1988 984 2047; x_wconf 88' lang='lat' dir='ltr'>irritat,</span> <span class='ocrx_word' id='word_1_202' title='bbox 1000 1991 1028 2040; x_wconf 84' lang='lat' dir='ltr'>ot</span> <span class='ocrx_word' id='word_1_203' title='bbox 1042 1988 1138 2037; x_wconf 78' lang='lat' dir='ltr'>conba-</span> 
     </span>
     <span class='ocr_line' id='line_1_24' title="bbox 120 2052 1137 2126; baseline -0.003 -16"><span class='ocrx_word' id='word_1_204' title='bbox 120 2059 215 2111; x_wconf 86' lang='lat' dir='ltr'>hantes</span> <span class='ocrx_word' id='word_1_205' title='bbox 225 2064 329 2110; x_wconf 86' lang='lat' dir='ltr'>coercet</span> <span class='ocrx_word' id='word_1_206' title='bbox 342 2071 424 2123; x_wconf 76' lang='lat' dir='ltr'>poena</span> <span class='ocrx_word' id='word_1_207' title='bbox 435 2059 718 2114; x_wconf 85' lang='lat' dir='ltr'>excommunicationis</span> <span class='ocrx_word' id='word_1_208' title='bbox 731 2061 837 2126; x_wconf 81' lang='lat' dir='ltr'>prolata</span> <span class='ocrx_word' id='word_1_209' title='bbox 851 2060 879 2110; x_wconf 86' lang='lat' dir='ltr'>in</span> <span class='ocrx_word' id='word_1_210' title='bbox 889 2059 959 2112; x_wconf 82' lang='lat' dir='ltr'>mals</span> <span class='ocrx_word' id='word_1_211' title='bbox 976 2061 1051 2112; x_wconf 84' lang='lat' dir='ltr'>bona</span> <span class='ocrx_word' id='word_1_212' title='bbox 1062 2052 1137 2110; x_wconf 75' lang='lat' dir='ltr'>eccle·</span> 
     </span>
     <span class='ocr_line' id='line_1_25' title="bbox 121 2129 398 2182; baseline -0.007 0"><span class='ocrx_word' id='word_1_213' title='bbox 121 2129 230 2182; x_wconf 85' lang='lat' dir='ltr'>siastica</span> <span class='ocrx_word' id='word_1_214' title='bbox 241 2129 398 2181; x_wconf 88' lang='lat' dir='ltr'>alienantes.</span> 
     </span>
    </p>
   </div>
   <div class='ocr_carea' id='block_1_4' title="bbox 123 2306 1137 2926">
    <p class='ocr_par' dir='ltr' id='par_1_4' title="bbox 123 2306 1137 2926">
     <span class='ocr_line' id='line_1_26' title="bbox 157 2306 1137 2394; baseline -0.009 -18"><span class='ocrx_word' id='word_1_215' title='bbox 157 2320 220 2376; x_wconf 81' lang='lat'>337.</span> <span class='ocrx_word' id='word_1_216' title='bbox 241 2319 365 2376; x_wconf 86' lang='lat' dir='ltr'>nemum</span> <span class='ocrx_word' id='word_1_217' title='bbox 379 2315 579 2376; x_wconf 87' lang='lat' dir='ltr'>ecclesiastica</span> <span class='ocrx_word' id='word_1_218' title='bbox 601 2317 706 2391; x_wconf 90' lang='lat' dir='ltr'>pensio</span> <span class='ocrx_word' id='word_1_219' title='bbox 730 2315 866 2394; x_wconf 88' lang='lat' dir='ltr'>pluribus</span> <span class='ocrx_word' id='word_1_220' title='bbox 883 2316 983 2380; x_wconf 90' lang='lat' dir='ltr'>modis</span> <span class='ocrx_word' id='word_1_221' title='bbox 1000 2306 1137 2386; x_wconf 85' lang='lat' dir='ltr'>extingui·</span> 
     </span>
     <span class='ocr_line' id='line_1_27' title="bbox 124 2401 1137 2482; baseline -0.003 -18"><span class='ocrx_word' id='word_1_222' title='bbox 124 2411 181 2480; x_wconf 89' lang='lat' dir='ltr'>tur,</span> <span class='ocrx_word' id='word_1_223' title='bbox 192 2421 300 2480; x_wconf 85' lang='lat' dir='ltr'>nempe</span> <span class='ocrx_word' id='word_1_224' title='bbox 311 2425 316 2464; x_wconf 78' lang='grc' dir='ltr'><em>ι</em></span> <span class='ocrx_word' id='word_1_225' title='bbox 328 2421 382 2482; x_wconf 90' lang='lat' dir='ltr'>per</span> <span class='ocrx_word' id='word_1_226' title='bbox 395 2411 523 2466; x_wconf 89' lang='lat' dir='ltr'>mortem</span> <span class='ocrx_word' id='word_1_227' title='bbox 535 2404 622 2476; x_wconf 85' lang='lat' dir='ltr'>illius,</span> <span class='ocrx_word' id='word_1_228' title='bbox 633 2404 681 2464; x_wconf 88' lang='lat' dir='ltr'>eui</span> <span class='ocrx_word' id='word_1_229' title='bbox 691 2404 746 2464; x_wconf 85' lang='lat' dir='ltr'>luit</span> <span class='ocrx_word' id='word_1_230' title='bbox 760 2420 914 2480; x_wconf 86' lang='lat' dir='ltr'>concessa,</span> <span class='ocrx_word' id='word_1_231' title='bbox 927 2423 982 2482; x_wconf 89' lang='lat' dir='ltr'>per</span> <span class='ocrx_word' id='word_1_232' title='bbox 995 2401 1137 2464; x_wconf 84' lang='lat' dir='ltr'>matrimo-</span> 
     </span>
     <span class='ocr_line' id='line_1_28' title="bbox 123 2490 1136 2570; baseline -0.008 -16"><span class='ocrx_word' id='word_1_233' title='bbox 123 2495 206 2556; x_wconf 86' lang='lat' dir='ltr'>nium</span> <span class='ocrx_word' id='word_1_234' title='bbox 226 2495 264 2554; x_wconf 93' lang='lat' dir='ltr'>ab</span> <span class='ocrx_word' id='word_1_235' title='bbox 286 2513 323 2554; x_wconf 88' lang='lat' dir='ltr'>eo</span> <span class='ocrx_word' id='word_1_236' title='bbox 345 2501 542 2567; x_wconf 86' lang='lat' dir='ltr'>contractum,</span> <span class='ocrx_word' id='word_1_237' title='bbox 564 2511 618 2570; x_wconf 90' lang='lat' dir='ltr'>per</span> <span class='ocrx_word' id='word_1_238' title='bbox 641 2494 858 2570; x_wconf 81' lang='lat' dir='ltr'>professionem</span> <span class='ocrx_word' id='word_1_239' title='bbox 879 2494 1048 2570; x_wconf 85' lang='lat' dir='ltr'>religiosam</span> <span class='ocrx_word' id='word_1_240' title='bbox 1060 2490 1094 2550; x_wconf 89' lang='lat' dir='ltr'>ab</span> <span class='ocrx_word' id='word_1_241' title='bbox 1106 2501 1136 2545; x_wconf 89' lang='lat' dir='ltr'>eo</span> 
     </span>
     <span class='ocr_line' id='line_1_29' title="bbox 124 2575 1135 2660; baseline -0.011 -13"><span class='ocrx_word' id='word_1_242' title='bbox 124 2587 274 2658; x_wconf 86' lang='lat' dir='ltr'>emissam,</span> <span class='ocrx_word' id='word_1_243' title='bbox 285 2601 340 2660; x_wconf 90' lang='lat' dir='ltr'>per</span> <span class='ocrx_word' id='word_1_244' title='bbox 353 2583 571 2660; x_wconf 88' lang='lat' dir='ltr'>promotionem</span> <span class='ocrx_word' id='word_1_245' title='bbox 583 2583 621 2642; x_wconf 92' lang='lat' dir='ltr'>ad</span> <span class='ocrx_word' id='word_1_246' title='bbox 634 2583 839 2658; x_wconf 85' lang='lat' dir='ltr'>episcopatum</span> <span class='ocrx_word' id='word_1_247' title='bbox 853 2587 905 2656; x_wconf 85' lang='lat' dir='ltr'>(t),</span> <span class='ocrx_word' id='word_1_248' title='bbox 918 2600 973 2658; x_wconf 90' lang='lat' dir='ltr'>per</span> <span class='ocrx_word' id='word_1_249' title='bbox 986 2575 1135 2642; x_wconf 80' lang='lat' dir='ltr'>assecutio</span> 
     </span>
     <span class='ocr_line' id='line_1_30' title="bbox 123 2665 1135 2748; baseline -0.002 -16"><span class='ocrx_word' id='word_1_250' title='bbox 123 2690 193 2734; x_wconf 90' lang='lat' dir='ltr'>nem</span> <span class='ocrx_word' id='word_1_251' title='bbox 215 2673 353 2734; x_wconf 87' lang='lat' dir='ltr'>beneficii</span> <span class='ocrx_word' id='word_1_252' title='bbox 376 2672 521 2748; x_wconf 89' lang='lat' dir='ltr'>pensione</span> <span class='ocrx_word' id='word_1_253' title='bbox 539 2665 653 2747; x_wconf 87' lang='lat' dir='ltr'>gravati</span> <span class='ocrx_word' id='word_1_254' title='bbox 668 2676 719 2744; x_wconf 72' lang='lat' dir='ltr'>(i),</span> <span class='ocrx_word' id='word_1_255' title='bbox 737 2689 791 2748; x_wconf 87' lang='lat' dir='ltr'>per</span> <span class='ocrx_word' id='word_1_256' title='bbox 804 2672 1059 2732; x_wconf 82' lang='lat' dir='ltr'>renunciationem</span> <span class='ocrx_word' id='word_1_257' title='bbox 1071 2679 1135 2744; x_wconf 80' lang='lat' dir='ltr'>pess-</span> 
     </span>
     <span class='ocr_line' id='line_1_31' title="bbox 123 2750 1136 2838; baseline -0.008 -16"><span class='ocrx_word' id='word_1_258' title='bbox 123 2763 200 2823; x_wconf 89' lang='lat' dir='ltr'>sioni</span> <span class='ocrx_word' id='word_1_259' title='bbox 213 2781 232 2822; x_wconf 93' lang='lat' dir='ltr'>a</span> <span class='ocrx_word' id='word_1_260' title='bbox 245 2761 436 2838; x_wconf 85' lang='lat' dir='ltr'>pensionario</span> <span class='ocrx_word' id='word_1_261' title='bbox 449 2762 557 2822; x_wconf 89' lang='lat' dir='ltr'>iactam</span> <span class='ocrx_word' id='word_1_262' title='bbox 572 2764 624 2834; x_wconf 89' lang='lat'>(3),</span> <span class='ocrx_word' id='word_1_263' title='bbox 636 2778 691 2836; x_wconf 91' lang='lat' dir='ltr'>per</span> <span class='ocrx_word' id='word_1_264' title='bbox 704 2760 910 2822; x_wconf 87' lang='lat' dir='ltr'>dimissionem</span> <span class='ocrx_word' id='word_1_265' title='bbox 929 2760 1047 2820; x_wconf 83' lang='lat' dir='ltr'>habitus</span> <span class='ocrx_word' id='word_1_266' title='bbox 1058 2750 1136 2816; x_wconf 82' lang='lat' dir='ltr'>cleri·</span> 
     </span>
     <span class='ocr_line' id='line_1_32' title="bbox 124 2848 1023 2926; baseline -0.007 -13"><span class='ocrx_word' id='word_1_267' title='bbox 124 2851 206 2925; x_wconf 84' lang='lat' dir='ltr'>calis,</span> <span class='ocrx_word' id='word_1_268' title='bbox 221 2857 251 2910; x_wconf 84' lang='lat' dir='ltr'>ot</span> <span class='ocrx_word' id='word_1_269' title='bbox 262 2867 316 2925; x_wconf 88' lang='lat' dir='ltr'>per</span> <span class='ocrx_word' id='word_1_270' title='bbox 331 2848 454 2924; x_wconf 90' lang='lat' dir='ltr'>crimen,</span> <span class='ocrx_word' id='word_1_271' title='bbox 466 2849 548 2926; x_wconf 89' lang='lat' dir='ltr'>quod</span> <span class='ocrx_word' id='word_1_272' title='bbox 561 2849 697 2912; x_wconf 81' lang='lat' dir='ltr'>beneficii</span> <span class='ocrx_word' id='word_1_273' title='bbox 710 2849 876 2926; x_wconf 79' lang='lat' dir='ltr'>privatione</span> <span class='ocrx_word' id='word_1_274' title='bbox 886 2849 1023 2924; x_wconf 91' lang='lat' dir='ltr'>punitur.</span> 
     </span>
    </p>
   </div>
   <div class='ocr_carea' id='block_1_5' title="bbox 95 2978 1135 3558">
    <p class='ocr_par' dir='ltr' id='par_1_5' title="bbox 95 2978 1135 3558">
     <span class='ocr_line' id='line_1_33' title="bbox 155 2978 1135 3052; baseline -0.01 -16"><span class='ocrx_word' id='word_1_275' title='bbox 155 2988 188 3052; x_wconf 83' lang='lat' dir='ltr'>(l)</span> <span class='ocrx_word' id='word_1_276' title='bbox 203 2986 318 3050; x_wconf 83' lang='lat' dir='ltr'>Quidam</span> <span class='ocrx_word' id='word_1_277' title='bbox 332 2987 383 3039; x_wconf 89' lang='lat' dir='ltr'>boc</span> <span class='ocrx_word' id='word_1_278' title='bbox 396 2985 544 3039; x_wconf 78' lang='lat' dir='ltr'>extendunt</span> <span class='ocrx_word' id='word_1_279' title='bbox 557 2987 591 3038; x_wconf 87' lang='lat' dir='ltr'>ad</span> <span class='ocrx_word' id='word_1_280' title='bbox 602 2987 744 3046; x_wconf 82' lang='lat' dir='ltr'>Abbatias,</span> <span class='ocrx_word' id='word_1_281' title='bbox 754 2987 807 3039; x_wconf 90' lang='lat' dir='ltr'>nisi</span> <span class='ocrx_word' id='word_1_282' title='bbox 819 2988 890 3038; x_wconf 88' lang='lat' dir='ltr'>adsit</span> <span class='ocrx_word' id='word_1_283' title='bbox 898 2987 997 3039; x_wconf 88' lang='lat' dir='ltr'>summi</span> <span class='ocrx_word' id='word_1_284' title='bbox 1009 2978 1135 3038; x_wconf 73' lang='lat' dir='ltr'>Pontificio</span> 
     </span>
     <span class='ocr_line' id='line_1_34' title="bbox 125 3057 1133 3127; baseline -0.008 -17"><span class='ocrx_word' id='word_1_285' title='bbox 125 3059 377 3124; x_wconf 77' lang='lat' dir='ltr'>dispensatio-(i)</span> <span class='ocrx_word' id='word_1_286' title='bbox 389 3057 446 3110; x_wconf 88' lang='lat' dir='ltr'>Hoc</span> <span class='ocrx_word' id='word_1_287' title='bbox 460 3071 525 3111; x_wconf 85' lang='lat' dir='ltr'>casu</span> <span class='ocrx_word' id='word_1_288' title='bbox 539 3059 632 3110; x_wconf 88' lang='lat' dir='ltr'>titulus</span> <span class='ocrx_word' id='word_1_289' title='bbox 644 3061 781 3127; x_wconf 87' lang='lat' dir='ltr'>pensionis</span> <span class='ocrx_word' id='word_1_290' title='bbox 792 3073 853 3110; x_wconf 89' lang='lat' dir='ltr'>oum</span> <span class='ocrx_word' id='word_1_291' title='bbox 864 3059 941 3109; x_wconf 91' lang='lat' dir='ltr'>titulo</span> <span class='ocrx_word' id='word_1_292' title='bbox 951 3057 1074 3110; x_wconf 86' lang='lat' dir='ltr'>beneficii</span> <span class='ocrx_word' id='word_1_293' title='bbox 1082 3063 1133 3104; x_wconf 88' lang='lat' dir='ltr'>con·</span> 
     </span>
     <span class='ocr_line' id='line_1_35' title="bbox 124 3118 1133 3200; baseline -0.002 -16"><span class='ocrx_word' id='word_1_294' title='bbox 124 3129 255 3192; x_wconf 83' lang='lat' dir='ltr'>lunditur,</span> <span class='ocrx_word' id='word_1_295' title='bbox 270 3128 379 3180; x_wconf 80' lang='lat' dir='ltr'>ut&#39;cum</span> <span class='ocrx_word' id='word_1_296' title='bbox 393 3129 570 3186; x_wconf 84' lang='lat' dir='ltr'>ususfructus</span> <span class='ocrx_word' id='word_1_297' title='bbox 588 3143 649 3181; x_wconf 89' lang='lat' dir='ltr'>cum</span> <span class='ocrx_word' id='word_1_298' title='bbox 667 3131 830 3196; x_wconf 86' lang='lat' dir='ltr'>proprietate</span> <span class='ocrx_word' id='word_1_299' title='bbox 851 3129 1043 3181; x_wconf 86' lang='lat' dir='ltr'>consolidatur.</span> <span class='ocrx_word' id='word_1_300' title='bbox 1059 3151 1087 3164; x_wconf 88' lang='lat'>-</span> <span class='ocrx_word' id='word_1_301' title='bbox 1104 3118 1133 3200; x_wconf 64' lang='grc'>(3)</span> 
     </span>
     <span class='ocr_line' id='line_1_36' title="bbox 123 3198 1134 3268; baseline -0.004 -14"><span class='ocrx_word' id='word_1_302' title='bbox 123 3203 219 3268; x_wconf 85' lang='lat' dir='ltr'>Neque</span> <span class='ocrx_word' id='word_1_303' title='bbox 233 3201 378 3265; x_wconf 85' lang='lat' dir='ltr'>requiritur</span> <span class='ocrx_word' id='word_1_304' title='bbox 394 3200 593 3264; x_wconf 87' lang='lat' dir='ltr'>beneplacitum</span> <span class='ocrx_word' id='word_1_305' title='bbox 608 3201 754 3264; x_wconf 75' lang='lat' dir='ltr'>Pontificio,</span> <span class='ocrx_word' id='word_1_306' title='bbox 771 3207 818 3251; x_wconf 86' lang='lat' dir='ltr'>eut</span> <span class='ocrx_word' id='word_1_307' title='bbox 830 3201 987 3266; x_wconf 81' lang='lat' dir='ltr'>superioris,</span> <span class='ocrx_word' id='word_1_308' title='bbox 1001 3198 1070 3266; x_wconf 85' lang='lat' dir='ltr'>quod</span> <span class='ocrx_word' id='word_1_309' title='bbox 1082 3205 1134 3260; x_wconf 85' lang='lat' dir='ltr'>qm·</span> 
     </span>
     <span class='ocr_line' id='line_1_37' title="bbox 125 3271 1133 3338; baseline -0.011 -13"><span class='ocrx_word' id='word_1_310' title='bbox 125 3275 186 3326; x_wconf 88' lang='lat' dir='ltr'>dem</span> <span class='ocrx_word' id='word_1_311' title='bbox 200 3272 347 3338; x_wconf 86' lang='lat' dir='ltr'>requiritur</span> <span class='ocrx_word' id='word_1_312' title='bbox 360 3273 387 3322; x_wconf 90' lang='lat' dir='ltr'>iu</span> <span class='ocrx_word' id='word_1_313' title='bbox 406 3272 606 3323; x_wconf 86' lang='lat' dir='ltr'>renunciatione</span> <span class='ocrx_word' id='word_1_314' title='bbox 624 3271 837 3324; x_wconf 82' lang='lat' dir='ltr'>beneficiorum:</span> <span class='ocrx_word' id='word_1_315' title='bbox 858 3285 922 3322; x_wconf 85' lang='lat' dir='ltr'>nom</span> <span class='ocrx_word' id='word_1_316' title='bbox 942 3271 1021 3338; x_wconf 85' lang='lat' dir='ltr'>longe</span> <span class='ocrx_word' id='word_1_317' title='bbox 1042 3271 1133 3321; x_wconf 82' lang='lat' dir='ltr'>diversa</span> 
     </span>
     <span class='ocr_line' id='line_1_38' title="bbox 125 3333 1131 3412; baseline -0.01 -16"><span class='ocrx_word' id='word_1_318' title='bbox 125 3349 167 3396; x_wconf 89' lang='lat' dir='ltr'>est</span> <span class='ocrx_word' id='word_1_319' title='bbox 181 3343 248 3396; x_wconf 89' lang='lat' dir='ltr'>ratio</span> <span class='ocrx_word' id='word_1_320' title='bbox 268 3343 297 3393; x_wconf 92' lang='lat' dir='ltr'>io</span> <span class='ocrx_word' id='word_1_321' title='bbox 311 3333 518 3394; x_wconf 72' lang='lat' dir='ltr'>‘renunciatione</span> <span class='ocrx_word' id='word_1_322' title='bbox 537 3341 676 3408; x_wconf 86' lang='lat' dir='ltr'>pensionis</span> <span class='ocrx_word' id='word_1_323' title='bbox 689 3349 716 3394; x_wconf 91' lang='lat' dir='ltr'>at</span> <span class='ocrx_word' id='word_1_324' title='bbox 731 3341 852 3394; x_wconf 80' lang='lat' dir='ltr'>beneficii</span> <span class='ocrx_word' id='word_1_325' title='bbox 865 3363 872 3400; x_wconf 92' lang='grc'>·,</span> <span class='ocrx_word' id='word_1_326' title='bbox 886 3355 936 3407; x_wconf 92' lang='lat' dir='ltr'>per</span> <span class='ocrx_word' id='word_1_327' title='bbox 955 3343 1025 3393; x_wconf 88' lang='lat' dir='ltr'>banc</span> <span class='ocrx_word' id='word_1_328' title='bbox 1038 3336 1131 3412; x_wconf 70' lang='lat' dir='ltr'>quidam</span> 
     </span>
     <span class='ocr_line' id='line_1_39' title="bbox 95 3410 1129 3478; baseline -0.013 -12"><span class='ocrx_word' id='word_1_329' title='bbox 95 3454 109 3466; x_wconf 63' lang='lat'>„</span> <span class='ocrx_word' id='word_1_330' title='bbox 125 3415 284 3466; x_wconf 79' lang='lat' dir='ltr'>beneficium</span> <span class='ocrx_word' id='word_1_331' title='bbox 297 3415 326 3464; x_wconf 87' lang='lat' dir='ltr'>tlt</span> <span class='ocrx_word' id='word_1_332' title='bbox 338 3425 447 3475; x_wconf 84' lang='lat' dir='ltr'>vocans,</span> <span class='ocrx_word' id='word_1_333' title='bbox 460 3419 487 3462; x_wconf 89' lang='lat' dir='ltr'>et</span> <span class='ocrx_word' id='word_1_334' title='bbox 505 3415 532 3463; x_wconf 91' lang='lat' dir='ltr'>in</span> <span class='ocrx_word' id='word_1_335' title='bbox 545 3415 602 3477; x_wconf 74' lang='lat' dir='ltr'>eius</span> <span class='ocrx_word' id='word_1_336' title='bbox 615 3413 739 3464; x_wconf 86' lang='lat' dir='ltr'>vacantia</span> <span class='ocrx_word' id='word_1_337' title='bbox 752 3413 874 3466; x_wconf 79' lang='lat' dir='ltr'>Ecclesia</span> <span class='ocrx_word' id='word_1_338' title='bbox 887 3413 944 3478; x_wconf 87' lang='lat' dir='ltr'>pati</span> <span class='ocrx_word' id='word_1_339' title='bbox 957 3417 1046 3478; x_wconf 87' lang='lat' dir='ltr'>potest</span> <span class='ocrx_word' id='word_1_340' title='bbox 1059 3410 1129 3462; x_wconf 84' lang='lat' dir='ltr'>detn-</span> 
     </span>
     <span class='ocr_line' id='line_1_40' title="bbox 125 3483 1128 3558; baseline -0.004 -22"><span class='ocrx_word' id='word_1_341' title='bbox 125 3491 259 3558; x_wconf 67' lang='lat' dir='ltr'>mantum,-</span> <span class='ocrx_word' id='word_1_342' title='bbox 271 3489 298 3538; x_wconf 85' lang='lat' dir='ltr'>et</span> <span class='ocrx_word' id='word_1_343' title='bbox 309 3485 369 3550; x_wconf 73' lang='lat' dir='ltr'>ideo</span> <span class='ocrx_word' id='word_1_344' title='bbox 389 3483 556 3536; x_wconf 86' lang='lat' dir='ltr'>renunciatio</span> <span class='ocrx_word' id='word_1_345' title='bbox 567 3493 623 3538; x_wconf 88' lang='lat' dir='ltr'>non</span> <span class='ocrx_word' id='word_1_346' title='bbox 635 3483 716 3551; x_wconf 88' lang='lat' dir='ltr'>valet,</span> <span class='ocrx_word' id='word_1_347' title='bbox 727 3483 781 3537; x_wconf 89' lang='lat' dir='ltr'>nisi</span> <span class='ocrx_word' id='word_1_348' title='bbox 790 3483 872 3540; x_wconf 80' lang='lat' dir='ltr'>inerit</span> <span class='ocrx_word' id='word_1_349' title='bbox 885 3487 1032 3552; x_wconf 67' lang='lat' dir='ltr'>amputa</span> <span class='ocrx_word' id='word_1_350' title='bbox 1046 3483 1128 3536; x_wconf 77' lang='lat' dir='ltr'>lieno·</span> 
     </span>
    </p>
   </div>
   <div class='ocr_carea' id='block_1_6' title="bbox 0 0 1225 4068">
    <p class='ocr_par' dir='ltr' id='par_1_6' title="bbox 0 0 1225 4068">
     <span class='ocr_line' id='line_1_41' title="bbox 0 0 1225 4068; baseline 0 0"><span class='ocrx_word' id='word_1_351' title='bbox 0 0 1225 4068; x_wconf 95' lang='lat' dir='ltr'> </span> 
     </span>
    </p>
   </div>
  </div>
 </body>
</html>
