2592 4018
630 159 665 170 -.
684 131 720 186 Ἠ
738 158 774 168 ...

193 233 273 308 quod
286 231 508 292 matrimonium
522 230 578 291 sub
592 231 761 292 conditione
776 232 944 293 celebretur
961 251 974 296 ε,
988 231 1179 294 nihilominus
1193 234 1223 294 si
1269 259 1270 276 ι

191 321 221 384 id
236 320 359 393 eveniat,
375 337 414 380 er
429 319 536 380 veriori
550 325 712 380 Doctorum
723 320 897 380 sententiaa
910 320 1081 381 conditione
1095 323 1220 397 pendet.

189 409 329 470 Absolute
341 408 419 469 enirn
434 425 492 468 non
507 416 655 485 repugnat
669 408 800 470 conditio
822 408 1022 482 matrimonio,
1039 409 1101 470 sive
1119 411 1221 470 consi·

189 495 320 573 deretur,
334 505 366 558 ut
376 504 559 570 contractus,
576 497 638 559 sive
653 507 686 558 ut
700 503 945 559 Sacramentum:
962 515 1031 559 nam
1046 505 1222 561 contractus

188 604 274 664 pure,
297 593 327 648 et
341 586 396 647 sub
410 586 581 648 conditione
600 587 664 647 fleri
678 593 813 664 possunt,
827 593 857 646 et
872 595 1059 648 sacramenta
1073 587 1129 648 snb
1143 605 1221 648 con·

186 675 298 736 ditione
310 675 348 736 de
361 676 523 752 praeterito,
538 678 586 737 vel
606 676 644 737 de
662 676 805 752 praesenti
828 676 1008 753 quandoque
1023 684 1150 752 possunt
1163 677 1221 738 ad-

185 763 357 839 ministrari,
371 773 405 825 ut
419 765 634 842 supradictum
647 766 703 825 brit
723 766 762 826 de
782 765 931 842 baptismo
947 771 988 838 tl)
1009 764 1121 837 Quibus
1137 783 1221 842 prae·

185 853 284 916 missis
297 853 336 913 ad
348 859 507 930 sequentes
521 852 731 915 descendimus
748 853 966 914 conclusiones.

221 941 319 1002 Prima
334 961 341 1001 :
354 940 513 1018 sponsalia,
530 949 561 1003 et
578 941 802 1002 matrimonium
816 942 872 1003 sub
887 940 1057 1003 conditione
1077 942 1116 1003 de
1135 959 1218 1018 pre·

184 1032 283 1104 terito,
303 1031 351 1090 vel
373 1032 411 1090 de
433 1031 574 1108 praesenti
601 1039 790 1093 contractum
812 1049 873 1092 non
895 1030 1086 1107 suspenditur
1110 1033 1216 1110 quoad

186 1120 392 1195 substantiam,
406 1119 476 1196 quia
488 1119 555 1197 ipso
566 1121 635 1196 J'ure
647 1127 699 1182 aut
711 1120 852 1194 validum,
867 1128 920 1182 aut
940 1121 1054 1181 nullum
1067 1126 1113 1182 est
1127 1137 1135 1194 ς
1160 1122 1219 1182 sed

185 1209 377 1286 suspenditur
390 1209 490 1285 quoad
511 1226 610 1286 usum,
634 1209 733 1272 donec
758 1209 942 1271 sufficienter
962 1215 1089 1285 constet,
1108 1210 1220 1270 eondi-

185 1297 296 1360 tionem
319 1297 410 1360 luisse
434 1298 596 1376 impletam,
619 1299 689 1375 quia
713 1299 861 1360 incertum
881 1305 927 1360 est
945 1299 995 1374 jus
1016 1315 1036 1358 a
1055 1305 1218 1362 contractu

184 1387 365 1464 productum
379 1391 431 1459 (Ξ).

218 1475 355 1537 sectanda
375 1493 383 1535 ε
404 1475 553 1552 sponsalia
576 1476 632 1536 sub
654 1475 825 1538 conditione
849 1475 887 1538 de
907 1475 1009 1538 futuro
1033 1476 1160 1536 honesta
1180 1483 1218 1538 et

183 1563 316 1641 possibili
328 1569 483 1624 contracta
497 1581 593 1641 usque
607 1565 645 1625 ad
658 1564 840 1626 conditionis
855 1571 996 1627 eventum
1009 1571 1130 1624 manent
1144 1581 1214 1628 om-

183 1651 254 1712 nino
268 1652 299 1711 in
310 1668 472 1728 suspenso,
491 1651 532 1712 ita
545 1659 577 1712 ut
591 1660 742 1729 nequeant
755 1653 813 1713 alia
827 1653 978 1730 sponsalia
996 1652 1215 1730 conditionata,
1269 1703 1270 1720 ,

182 1741 229 1800 nel
243 1757 318 1818 pura
329 1740 437 1802 iterum
451 1741 597 1815 contrahi,
612 1742 681 1818 quia
695 1741 746 1818 qui
770 1741 813 1802 sic
836 1741 984 1819 promisit,
998 1741 1088 1802 debet
1105 1743 1215 1802 condi·
1269 1795 1270 1798 ,

181 1827 271 1890 tionis
284 1838 423 1890 eventum
437 1836 598 1906 expectare
617 1848 657 1890 ex
676 1832 780 1908 regula
790 1831 875 1906 juris,
897 1831 974 1907 quod
991 1831 1081 1890 santet
1096 1830 1215 1908 placarit

181 1918 311 1995 nuptias
325 1919 476 1996 displicere
489 1935 550 1980 nan
563 1927 655 1996 potest
669 1925 720 1994 (3).
738 1919 821 1980 Circa
834 1918 1057 1980 matrimonium
1067 1935 1139 1979 vero
1153 1921 1215 1980 sub

181 2007 286 2070 emam
300 2007 470 2068 conditione
483 2008 666 2070 celebratum
688 2007 840 2084 disputant
860 2011 1013 2082 Doctores,
1033 2024 1072 2068 an
1089 2015 1215 2072 maneat

180 2095 211 2155 in
226 2112 384 2171 suspenso,
397 2104 449 2156 aut
461 2095 513 2156 flat
526 2095 651 2158 irritum.
668 2095 793 2168 Quidam
803 2096 907 2157 dicunt
920 2094 1045 2168 irritum,
1061 2095 1130 2172 quia
1144 2112 1212 2158 ma-

180 2183 352 2246 trimonium
367 2191 413 2246 est
425 2191 510 2246 actus
531 2185 698 2261 legitimus,
719 2185 774 2246 sed
793 2191 878 2245 actus
901 2184 1050 2262 legitimus
1067 2201 1128 2244 non
1154 2185 1212 2246 ad-

180 2273 269 2334 mittit
280 2273 493 2348 conditionem,
506 2291 605 2350 neque
619 2274 698 2335 dem
712 2279 752 2347 (l)
767 2293 774 2347 3
792 2273 860 2350 quia
870 2263 1092 2334 matrimonium
1107 2274 1212 2350 requi-

178 2363 459 2424 ritconsensumde
474 2363 625 2439 praesenti,
641 2369 671 2422 et
691 2362 759 2423 ideo
780 2362 894 2439 injure
917 2363 1063 2423 canonico
1086 2363 1212 2425 nomine

179 2452 361 2528 sponsalium
372 2452 411 2512 de
424 2453 564 2529 praesenti
586 2452 785 2528 significatum
809 2459 840 2512 et
860 2452 950 2512 etiam
971 2451 1041 2527 quia
1057 2450 1211 2513 matrimo—

179 2540 261 2601 nium
271 2548 317 2602 est
331 2551 569 2613 sacramentum
586 2541 639 2599 sed
653 2547 840 2601 sacramenta
856 2547 1007 2616 nequeunt
1030 2539 1086 2600 sub
1100 2541 1211 2602 condi-

178 2628 304 2690 tionede
315 2631 415 2691 iuturo
427 2628 636 2690 administrari.
648 2629 700 2690 tilii
711 2647 782 2690 vero
796 2628 900 2688 dicunt
911 2629 1052 2702 validum,
1066 2636 1096 2689 et
1108 2646 1211 2707 usque

177 2719 216 2778 ad
229 2727 369 2779 eventum
389 2717 567 2779 conditionis
581 2733 771 2794 suspensum,
787 2716 884 2789 itaut,
899 2715 1075 2780 adveniente
1099 2717 1212 2779 condi-

177 2806 268 2881 tione,
283 2825 449 2869 consensus
460 2806 682 2867 conditionatos
691 2807 743 2866 liat
757 2806 922 2880 absolutus,
939 2813 969 2866 et
981 2805 1210 2870 matrimonium

177 2894 266 2957 etiam
276 2897 340 2957 sina
353 2913 432 2958 novo
447 2911 596 2956 consensu
607 2895 789 2972 perficiatur.
805 2895 897 2970 liujus
906 2894 1062 2954 sententiae
1072 2897 1209 2958 rationes
1269 2917 1270 2920 ¹

176 2990 286 3046 eruunt
298 3002 338 3045 ex
350 2985 458 3046 natura
478 2990 661 3058 contractus,
676 2983 728 3061 qui
746 2990 810 3044 tum
830 2994 915 3060 pure,
939 2989 1003 3044 tum
1022 2984 1078 3045 sub
1098 2986 1209 3046 condi-

175 3073 256 3136 tione
269 3081 369 3150 potest
381 3073 458 3147 iniri,
483 3080 566 3135 etex
580 3091 618 3134 eo
632 3073 715 3150 quod
737 3075 826 3134 talem
849 3071 1048 3134 conditionem
1066 3089 1127 3133 non
1145 3075 1207 3136 im-

174 3163 303 3240 probent
316 3163 459 3222 canonica
469 3161 601 3222 instituta
616 3166 675 3234 (5);
691 3161 782 3222 immo
803 3168 834 3221 et
856 3178 946 3222 exeo
969 3161 1052 3238 quod
1065 3161 1107 3222 ita
1127 3163 1205 3224 dici-

174 3257 224 3312 tur
236 3269 253 3312 a
266 3256 296 3312 S.
312 3250 555 3327 congregatione,
571 3249 756 3326 approbante
779 3255 808 3310 s.
833 3249 883 3310 Pio
897 3255 919 3310 V
934 3257 964 3310 et
978 3252 1127 3312 Clemente
1141 3255 1206 3314 vul
1269 3293 1270 3296 =

173 3341 308 3424 decisum
322 3343 372 3413 (6).
388 3344 470 3399 llanc
482 3345 665 3415 postremam
684 3339 862 3399 sententiam
876 3337 1106 3414 probabiliorem
1128 3357 1205 3401 cen-

173 3445 274 3489 semus
289 3449 295 3488 :
312 3444 381 3489 nam
393 3445 454 3488 non
468 3429 546 3489 valet
560 3434 770 3504 argumentum
789 3427 829 3488 de
851 3427 968 3487 actibus
990 3426 1129 3503 legitimis
1152 3429 1205 3490 de-

171 3522 344 3593 promptum
354 3533 372 3578 a
384 3521 584 3586 Romanorum
597 3515 721 3592 legibus,
741 3531 808 3592 quo
821 3514 852 3575 in
866 3515 927 3578 hoo
939 3531 1000 3576 non
1015 3522 1085 3577 sunt
1098 3515 1199 3592 ajure
