2426 4070
431 191 588 248 -171-

36 303 39 308 '
54 313 104 371 ttl.
119 315 196 371 llnnc
214 317 361 388 superest,
371 317 418 372 eet
430 327 526 388 panca
539 311 578 372 de
591 310 656 372 aliis
670 312 810 374 Ecclesiae
823 313 915 374 rebus
928 313 1030 391 adjun-

31 415 116 474 gamus,
135 398 212 460 inter
231 417 306 477 quas
320 401 440 474 calices,
456 400 689 478 suppellectiles,
702 407 732 462 et
746 417 909 480 campanas
921 419 1038 466 recen··

30 490 109 548 undas
126 489 339 552 existimamus.
355 490 438 551 calix
451 495 482 551 et
495 497 604 568 patena
620 491 681 550 duo
699 497 770 552 sunt
782 509 856 553 vasa
868 509 971 567 aurea,
981 494 1029 554 vel

30 583 138 652 argentea
150 577 181 637 in
200 595 237 638 ea
256 584 341 654 parte
361 578 508 652 inaurata,
531 579 562 638 in
585 595 645 654 qua
663 583 777 655 Corpus
800 587 830 640 et
850 581 1030 657 Sanguinem

30 666 108 725 thnsd
126 668 287 740 continent,
317 683 384 744 quae
407 683 463 742 per
482 666 621 743 Episcopi
644 667 901 730 consecrationem
927 669 1028 729 divino

29 755 313 829 aptantnrministerio
334 760 386 829 (t),
410 771 538 832 quaeque
552 755 592 814 ad
612 753 705 816 instar
719 757 928 830 Ecclesiarum,
948 759 1027 818 Alta·

29 841 114 904 doure
128 843 308 922 quaudoque
330 849 520 904 execrantur.
542 847 606 903 lloc
624 843 761 918 profecto
779 844 913 921 contigit,
939 846 965 906 ei
986 847 1028 906 ita

28 931 175 1007 tangantur,
189 939 225 994 ut
234 933 368 1010 primam
382 931 518 992 amittant
529 933 669 1006 formam,
689 929 714 991 si
726 934 864 1009 perfossa
877 942 1028 1010 nequeant

29 1034 102 1079 auos
119 1023 231 1098 species
246 1021 413 1095 continere,
432 1028 464 1082 et
477 1019 670 1097 probabiliter
684 1021 784 1094 etiam,
800 1021 919 1082 sinum
931 1023 1028 1082 obdu·

29 1114 107 1168 antur
117 1127 186 1170 auro
200 1116 253 1185 (2).
271 1115 432 1186 Quousque
443 1127 516 1171 vero
531 1110 598 1170 baec
610 1126 683 1169 vasa
694 1109 952 1170 consecrationem
963 1127 1027 1171 scr·

28 1203 86 1270 aaut,
95 1199 167 1276 taum
180 1206 338 1278 nequeunt
347 1217 365 1259 a
374 1197 458 1261 laicis
470 1206 502 1259 et
514 1197 655 1271 loeruinia,
669 1213 767 1275 neque
781 1197 924 1260 aclericis
939 1197 1029 1260 etiam

28 1285 185 1348 subdiaconis
205 1289 230 1348 si
246 1288 465 1350 sanubeimam
484 1286 699 1362 Eucharistiaru
717 1285 890 1348 contineant
903 1291 954 1361 (3).
970 1291 1028 1348 tle-

28 1383 110 1447 queunt
119 1378 214 1452 rendi,
227 1377 286 1438 nisi
299 1383 425 1453 urgente
439 1376 630 1450 necessitate,
645 1393 705 1453 qua
718 1373 809 1436 etiam
823 1375 931 1450 posita,
945 1377 1028 1436 nulla

30 1466 235 1541 unucmdonis,
249 1467 305 1527 sed
318 1472 435 1528 tantum
445 1464 580 1526 materiei
600 1471 632 1524 et
647 1465 719 1524 artis
728 1463 865 1526 habenda
879 1471 926 1526 est
938 1464 1026 1539 rabo,

31 1549 136 1614 itautsic
146 1555 287 1630 personis
305 1553 514 1615 ecclesiasticis
534 1554 659 1630 integra,
675 1559 705 1614 et
719 1551 803 1614 laicis
821 1559 938 1616 tanturn
953 1569 1026 1616 con·

32 1637 188 1703 metuendi
209 1642 390 1720 regulariter
409 1649 528 1719 queant.

53 1792 190 1857 llllbbates
202 1798 288 1850 edam
301 1795 438 1850 benedicti
450 1810 506 1848 non
521 1795 624 1848 babent
637 1809 671 1848 ex
681 1796 745 1862 jure
759 1798 894 1850 communi
907 1797 1026 1852 faculta-

34 1865 235 1922 tenaonsecrandi
252 1869 364 1933 calices,
378 1874 405 1920 at
414 1872 536 1934 patenas,
550 1867 599 1920 sed
612 1872 716 1920 tantum
731 1869 889 1934 exspectati
905 1869 930 1921 S.
945 1869 1026 1924 Sedis

34 1935 154 2003 privilegio3
172 1947 201 1992 et
218 1941 267 2007 qui
282 1940 333 1992 boc
349 1939 462 2006 speciali
475 1937 619 2004 privilegio
633 1939 770 2000 fruuntur,
786 1953 817 1991 eo
834 1940 874 1991 uti
888 1945 1028 2005 nequeunt

35 2003 155 2061 bladorum
167 2011 363 2073 Ecclesiarnm,
378 2023 440 2076 quae
451 2009 485 2061 ad
501 2022 547 2061 eos
561 2023 615 2060 non
627 2009 774 2074 pertinent,
791 2010 845 2060 nisi
856 2010 1027 2075 privilegium

35 2074 132 2132 neotus
143 2089 244 2149 pateat,
259 2085 293 2132 ut
312 2082 416 2133 alienas
438 2079 649 2146 comprehendet
666 2081 813 2144 Ecclesiae,
830 2085 861 2132 ut
880 2081 985 2147 pluries
998 2082 1025 2134 S.

36 2144 171 2217 &lamatio
190 2153 351 2206 declaravit.
369 2152 497 2204 Gireldus
520 2151 660 2216 accept
681 2151 715 2202 de
734 2165 841 2204 consec.
856 2152 928 2204 Eccl.
942 2179 974 2192 -
991 2153 1027 2218 (Ἰ)

36 2214 83 2271 Sde
92 2221 187 2289 Ligario
196 2225 215 2276 l.
229 2225 257 2291 t,
269 2238 298 2276 n.
309 2223 365 2277 370.
377 2251 409 2264 -
421 2224 456 2289 (3)
470 2223 535 2276 Can.
549 2223 580 2276 25
593 2227 620 2276 et
630 2223 662 2275 td
674 2221 736 2276 dist.
752 2223 792 2276 23.

57 2406 101 2463 ltt.
118 2409 271 2484 suppellex
289 2407 429 2468 sceleste
453 2407 587 2472 constetit
605 2406 636 2467 in
655 2407 748 2468 eacus
763 2407 963 2470 llinistrorum
975 2423 1028 2470 ve-

38 2487 109 2566 tibus,
131 2495 160 2555 in
183 2495 391 2558 instrumentis
414 2495 454 2556 ad
479 2494 699 2556 sanctissimum
726 2496 821 2556 llissae
845 2495 1029 2558 Sacrificium

37 2577 208 2646 edelnodum
221 2584 420 2658 necessariis,
434 2585 509 2647 etin
522 2584 587 2646 aliis
602 2583 813 2658 Ecclesiarum,
827 2583 1029 2660 altariumque

38 2672 189 2748 ammenta,
211 2674 373 2750 dequibus
388 2679 481 2750 egum
498 2690 538 2734 ex
551 2675 688 2749 professo
708 2689 812 2734 rerum
825 2671 1029 2747 liturgicarum

38 2755 150 2822 tmere.
164 2768 225 2824 Nos
238 2764 289 2823 hic
303 2769 420 2824 mutum
433 2779 490 2838 pro
509 2779 634 2824 munere
655 2767 759 2823 nosue
773 2762 963 2836 adnotamus,
979 2778 1027 2822 sa·

39 2854 83 2901 llll
92 2850 237 2920 padcus
250 2858 351 2912 vestes
370 2859 460 2928 atque
476 2851 673 2913 iustrumenta
686 2849 861 2924 regulariter
884 2867 952 2911 esse
973 2868 1028 2928 per

40 2929 179 3012 [littorium
203 2939 418 3014 benedicenda,
446 2940 498 3015 qui
524 2938 581 3000 sibi
611 2945 832 3014 competentem
857 2939 1029 3002 facultatem

41 3021 114 3093 ssellil
131 3027 254 3104 simplici
269 3027 419 3088 sacerdoti
437 3027 588 3102 delegare,
610 3026 667 3086 nisi
679 3027 737 3086 hac
751 3043 842 3104 super
855 3044 889 3087 re
902 3033 931 3088 s.
948 3029 1032 3090 Sedis

39 3100 116 3200 babeat
136 3113 292 3190 indultum,
314 3116 397 3192 qnod
413 3115 599 3176 facile-solet
623 3114 749 3176 concedi
769 3120 820 3188 (1).
847 3117 1031 3185 Adnotemus
1089 3150 1094 3160 κ

40 3197 137 3287 turiliter
157 3205 202 3264 bis
217 3205 309 3264 rebus
320 3220 461 3280 magnam
473 3204 643 3264 habendam
656 3221 723 3266 esse
739 3205 945 3279 reverentiam,
960 3221 1030 3267 cum

41 3291 134 3361 surpra
153 3293 242 3352 divini
262 3294 360 3354 cultus
382 3293 525 3354 exercitio
544 3292 713 3368 specialiter
726 3297 788 3354 lleo
802 3293 918 3367 dicatae,
936 3293 977 3354 ita
996 3298 1030 3352 ut

43 3381 155 3446 lauant
175 3381 213 3440 ad
227 3397 301 3440 usus
314 3381 456 3456 profanos
469 3379 594 3442 ulterius
616 3381 769 3440 transferri
784 3385 836 3456 (t).
861 3379 1031 3442 Benedictio

43 3451 156 3526 brecus
171 3467 318 3545 impertita
336 3485 455 3546 semper
470 3470 567 3542 durat,
587 3469 644 3528 nisi
658 3485 763 3530 earum
778 3468 946 3528 notabiliter
963 3483 1031 3526 mu-

46 3549 97 3608 leur
106 3553 202 3632 torna,
217 3557 277 3620 siva
290 3558 333 3619 ite
350 3565 526 3633 atterantur,
535 3563 569 3618 ut
586 3563 750 3636 nequeant,
759 3557 808 3617 vel
820 3555 967 3631 indeceat,
979 3570 1031 3615 eas
