2426 4070
481 189 643 247 -lls-

85 305 180 372 requirit,
197 319 275 373 quem
292 310 467 377 praesentiam
487 311 626 380 physicam
647 317 674 366 et
695 314 827 366 moralem
847 315 967 381 testlunr,
986 318 1018 368 nt
1039 316 1075 370 ds

82 379 222 431 matrimonio
235 382 416 436 testimonium
430 385 502 436 lerre
513 386 627 450 possint.
642 385 754 452 Rogstio
771 401 844 444 vero.
863 393 890 438 et
903 387 1014 440 monitio
1031 391 1074 440 te-

80 449 143 500 stium
154 465 203 502 non
217 451 322 505 ridetur
334 455 498 521 necessaris,
511 469 572 507 oum
582 458 716 509 atestinm
730 457 869 510 voluntate
881 473 934 510 non
949 460 1074 524 pendeat,

81 523 103 572 ut
111 521 156 572 sint
168 523 193 573 in
204 525 371 576 matrimonio
383 529 467 578 testes
479 547 486 577 :
501 528 558 578 sive
572 528 645 580 enim
657 530 788 588 volentes,
803 530 860 581 sive
876 531 999 582 nolentes
1011 531 1075 590 sint,

80 596 169 655 possunt
188 597 370 648 testimonium
386 597 419 649 de
438 599 608 651 matrimonio
625 601 704 652 lerre.
720 601 784 652 Ideo
799 606 871 652 recte
890 602 928 653 ait
941 602 1075 661 Giraldus.

81 663 251 717 matrimonium
264 669 382 719 relidunt
399 683 469 734 esse,
483 670 506 721 si
524 673 582 723 tam
600 671 838 738 parochuquuom
852 675 927 726 testes
940 672 978 724 od
990 673 1075 726 inter·

82 735 191 788 mendum
214 751 269 790 nort
292 751 412 804 repressa
432 740 531 806 rogati,
554 754 638 807 neque
658 747 758 806 sponte,
776 741 821 794 saci
837 743 877 795 oei
894 743 1020 808 fortuito,
1033 743 1078 796 cei

82 802 130 868 delo,
139 811 182 860 cot
192 808 219 860 ci
229 809 324 864 edocti
336 809 475 864 audierint
491 815 618 865 rnctoum
632 812 853 868 contrahentium
863 827 1025 870 consensum.
1041 816 1075 868 ln

80 879 171 942 append.
189 882 210 941 l,
224 881 259 933 sd
273 895 331 948 cap.
349 885 373 948 5,
387 883 420 936 de
435 884 547 936 secund.
562 888 638 950 nupt.

104 1077 155 1134 m.
174 1080 267 1149 Quaeri
280 1079 330 1138 hic
343 1077 442 1154 potest
456 1097 559 1140 coram
573 1097 633 1156 quo
647 1081 781 1156 parocho
796 1079 1033 1156 peregrinorum,
1050 1084 1081 1140 et
1124 1125 1127 1132 r

79 1177 197 1238 vagorum
208 1167 431 1228 matrimonium
446 1168 580 1228 contrahi
591 1169 703 1244 possit?
712 1169 936 1244 Respondemus
948 1172 997 1225 l0:
1012 1183 1080 1227 cum

78 1255 203 1328 peregrini
216 1256 258 1314 illi
274 1256 344 1328 sint,
361 1257 411 1332 qui
426 1263 545 1316 exteras
560 1265 664 1334 petunt
679 1265 774 1318 terras
788 1276 823 1316 ea
837 1263 946 1328 mente,
961 1261 994 1315 ut
1014 1261 1082 1332 post

78 1341 175 1417 aliquod
190 1350 310 1420 tempus
328 1345 367 1404 ad
389 1346 543 1421 proprium
564 1345 745 1406 domicilium
768 1351 965 1418 revertantur,
980 1361 1083 1406 eoram

78 1433 186 1504 parocho
200 1441 318 1494 tantum
333 1436 421 1510 hujus
444 1437 586 1496 domicilii
608 1444 720 1512 queunt
740 1436 916 1496 contrahere
930 1435 1082 1494 matrimo-

77 1517 150 1594 nium,
170 1522 223 1582 nisi
245 1523 318 1582 alibi
340 1522 621 1598 quasi-domicilium
644 1525 703 1585 sint
724 1527 884 1601 assequuti.
901 1529 963 1584 lloc
983 1525 1083 1599 quasi·

77 1606 235 1670 domicilium
249 1613 337 1687 juxta
352 1613 472 1688 regulas
493 1631 585 1689 supra
606 1615 771 1690 assignatas
784 1612 961 1690 regulariter
975 1629 1083 1674 conse-

77 1705 187 1770 martur
204 1700 341 1778 judiceS,
370 1703 571 1777 professores,
602 1703 719 1776 medici,
743 1701 878 1773 studiosi,
904 1701 1006 1762 famuli
1031 1706 1082 1776 t),

77 1786 164 1863 aliique
178 1795 230 1864 (t),
249 1790 302 1866 qui
322 1790 360 1849 ad
381 1791 480 1851 locum
503 1791 659 1863 accedunt,
681 1799 714 1850 ut
731 1790 770 1850 ibi
784 1809 838 1866 per
851 1793 996 1867 majorem
1011 1789 1095 1849 anni·

77 1883 173 1948 partem
193 1885 336 1938 maneant
351 1896 358 1950 ;
381 1895 442 1938 non
464 1887 561 1938 tamen
581 1880 756 1954 regulariter
769 1879 821 1953 illi,
836 1879 886 1955 qui
900 1880 1026 1954 alicujus
1040 1877 1086 1938 rei

76 1963 207 2026 familiaris
221 1967 394 2040 occasione,
409 1973 460 2026 aut
480 1967 680 2028 rusticationis
699 1985 791 2028 causa
812 1969 842 2029 in
864 1967 1018 2044 oppidum,
1034 1972 1086 2026 eut

78 2067 168 2130 pagum
182 2074 215 2117 se
232 2057 392 2118 conferunt
407 2059 458 2130 (3).
474 2058 700 2132 Respondemus
713 2062 760 2116 2⁰:
775 2074 844 2116 cum
857 2056 924 2132 vagi
937 2073 1025 2116 suum
1038 2072 1086 2115 re-

80 2140 195 2219 inquunt
209 2145 405 2216 domicilium,
421 2151 454 2204 ut
468 2146 570 2204 sedem
588 2146 644 2206 sihi
657 2145 807 2221 inquirant
821 2163 913 2221 penes
928 2144 1001 2204 alies
1014 2161 1086 2218 gen-

81 2234 123 2305 tes,
141 2240 169 2292 et
189 2235 306 2294 nullum
329 2234 458 2293 habeant
482 2234 674 2306 domicilium,
695 2251 797 2293 coram
816 2234 948 2310 parocho
971 2233 1041 2306 loci,
1056 2233 1086 2290 in

79 2335 124 2392 quo
136 2323 335 2398 reperiuntur,
356 2322 454 2381 valide
475 2323 696 2382 matrimonium
720 2323 910 2395 contrahunt,
936 2322 991 2382 etsi
1011 2338 1088 2381 unus

80 2415 173 2470 motum
188 2405 270 2471 essct
289 2427 394 2486 vagus,
414 2411 483 2488 qnia
505 2412 556 2472 uhi
574 2412 796 2472 matrimonium
810 2413 888 2470 valet
907 2428 946 2469 ex
965 2427 1036 2482 uno,
1052 2426 1088 2469 eo

80 2495 131 2570 ipso
144 2501 179 2558 ab
193 2507 325 2576 utroque
339 2501 432 2561 latere
446 2501 565 2561 firmum
581 2509 635 2562 est.
651 2501 801 2561 Paroohus
813 2500 892 2560 onim
906 2498 976 2571 looi,
985 2498 1015 2556 in
1029 2515 1089 2574 quo

79 2589 207 2659 reperitur
220 2605 328 2663 vagus,
341 2596 387 2648 est
403 2590 541 2664 proprius
555 2590 688 2666 eiusdem
703 2588 864 2665 parochus
881 2586 964 2646 aliter
976 2587 1091 2646 nullum

80 2668 190 2736 heberet.
206 2677 265 2738 Sed
279 2685 313 2736 ut
326 2677 386 2736 hoc
399 2678 622 2736 matrimonium
635 2676 748 2736 licitum
762 2676 808 2748 sit,
824 2675 950 2751 diligens
965 2692 1018 2750 per
1031 2691 1085 2749 pa-

81 2763 187 2826 rochum
200 2766 383 2826 instituenda
404 2775 450 2827 est
472 2766 633 2842 inquisitio,
648 2772 678 2826 et
692 2765 828 2842 specialis
841 2781 896 2841 per
910 2763 1091 2841 Episcopum

82 2857 116 2910 est
125 2845 316 2916 concedenda
329 2853 446 2916 licentia
459 2859 470 2926 (
489 2861 511 2929 ).

106 3001 136 3064 (l)
145 3003 237 3064 Quoad
256 3003 372 3055 famulos
394 3006 493 3061 temen,
514 3016 545 3054 ac
559 3003 712 3067 praesertim
733 3001 848 3053 remulus
862 3000 1033 3052 observanda
1050 2999 1092 3052 est

79 3081 179 3135 sequens
194 3074 222 3126 S.
240 3074 464 3138 Congregutionis
479 3074 609 3125 resolutio
630 3073 693 3124 data
707 3073 832 3139 episcopo
847 3073 990 3137 Eugubino
1004 3071 1048 3122 die
1061 3069 1093 3120 rt

82 3144 135 3192 nali
150 3145 216 3204 ltus,
231 3145 278 3210 qni
289 3146 410 3197 eamdem
425 3145 657 3208 congregationem
675 3144 894 3208 interrogaverat,
905 3157 941 3195 on
954 3143 1093 3195 motrimo

81 3210 124 3263 riis
137 3213 304 3278 sommiorum
328 3215 450 3268 assistere
474 3214 577 3268 deberet
599 3215 732 3280 parochus
752 3214 884 3266 domicilii
907 3213 1027 3279 paterni,
1047 3225 1093 3264 scu

80 3282 155 3343 ratim
166 3288 245 3350 alter,
259 3287 291 3338 in
304 3288 382 3352 cujus
398 3285 530 3352 parochio
546 3286 637 3351 poetic
653 3285 820 3351 famulatum
835 3287 985 3351 praetante
1003 3285 1037 3338 tlt
1050 3296 1092 3333 re·
1120 3315 1125 3328 „

82 3356 190 3426 spondit:
201 3357 347 3424 Episcopus
360 3372 409 3422 par
422 3371 500 3409 suum
511 3357 646 3411 decretum
658 3358 763 3424 jubeat,
777 3362 807 3412 ut
821 3355 1006 3411 matrimoniis
1019 3351 1094 3420 paret·

82 3419 172 3503 ltrum,
182 3443 238 3494 pura
251 3429 419 3495 scrnulolum
434 3427 549 3492 Euporia·
565 3431 829 3496 praetermissuri
850 3427 983 3494 parochus
1004 3421 1092 3476 domi·

83 3495 130 3547 ulii
147 3501 264 3564 paterni,
279 3500 409 3559 materni,
424 3500 546 3565 fraterni
559 3501 679 3566 ejusdem
695 3501 794 3567 puellae,
812 3503 945 3566 quaterem
957 3494 1027 3548 iliud
1042 3493 1094 3575 ira:

84 3563 151 3622 heom
163 3569 193 3625 in
206 3573 301 3627 eodem
312 3571 422 3626 ciuitate
430 3583 440 3638 ;
454 3570 543 3626 mrtem
554 3571 681 3638 habeant,
695 3574 803 3626 assistet
815 3567 948 3636 parochus
962 3563 1094 3622 minima
