2410 4068
480 137 643 200 ..185-

69 259 228 334 electionem,
244 266 274 322 et
287 266 357 323 ante
370 261 628 325 confirmationem
641 267 741 341 potest
758 265 789 326 in
802 267 1026 344 temporalibus,
1041 274 1072 329 et

67 347 242 425 spiritualibus
256 349 460 426 dispensative
485 352 692 414 administrare
711 357 763 424 (t).
788 355 898 416 Dicitur
917 362 1018 417 autem
1040 356 1071 416 in

67 437 204 498 eoncordia
223 439 347 514 electus,
373 453 443 499 cum
461 457 566 501 omnes
579 440 758 518 capitulares
775 441 805 504 in
819 461 888 505 eum
901 444 1071 520 eligendum

67 533 256 602 marcuerunt,
280 534 333 588 aut
355 545 425 589 curn
439 531 568 590 electum
590 548 609 590 a
626 531 734 607 majori
755 538 786 592 et
803 532 913 595 saniori
932 541 1018 612 parte
1038 534 1070 597 in

66 618 222 694 Episcopum
235 618 351 695 absque
365 621 580 698 protestatione
593 620 750 700 recipiunt.

87 765 117 831 (t)
127 764 186 832 Gap.
200 765 242 832 tl,
259 765 293 820 dc
307 754 384 819 elect.

90 964 142 1021 tte.
154 961 233 1022 liter
242 961 352 1022 modus
363 960 517 1024 obtinendi
524 962 670 1024 beneficia
682 968 727 1023 est
742 963 917 1038 resturatio,
928 981 994 1040 quae
1007 970 1071 1041 pot·

64 1056 99 1110 ast
109 1049 226 1123 deliniri,
235 1051 338 1126 petitio
352 1051 526 1112 debentium
533 1052 586 1138 jes
598 1052 723 1127 stipendi
738 1068 857 1115 semme
872 1053 1009 1127 Pontifici
1022 1056 1068 1128 fo·

63 1145 107 1208 ete,
119 1147 151 1200 eet
162 1139 201 1199 ed
221 1139 419 1216 episcopatum
441 1157 509 1200 emm
526 1140 676 1212 admittet,
692 1141 743 1216 qui
760 1149 880 1217 prepter
894 1141 1070 1200 ederenieeem

64 1227 289 1303 impedimentum
304 1227 371 1304 elici
384 1228 495 1304 nequit.
516 1228 632 1288 ldcirco
647 1229 808 1304 postulatio
826 1229 865 1288 ab
883 1228 1028 1290 electione
1041 1229 1072 1288 in

62 1331 90 1375 ee
99 1317 137 1376 rel
149 1316 280 1376 maxime
289 1307 396 1391 differt,
411 1317 491 1394 quod
503 1316 610 1382 electio
621 1317 654 1376 fit
663 1318 701 1378 de
710 1317 813 1394 digno,
825 1317 985 1394 postulatio
997 1333 1071 1378 vero

60 1403 140 1479 daec,
154 1406 204 1481 qui
222 1404 323 1480 aliquo
342 1404 556 1480 inpedimento
574 1405 701 1480 laborat,
720 1405 753 1466 in
768 1423 830 1482 quo
846 1413 945 1466 tamen
960 1412 1069 1482 potest,

62 1495 161 1554 etsolet
180 1493 345 1569 dispersori
362 1513 368 1554 :
385 1511 445 1570 quo
460 1510 534 1554 casu
552 1493 712 1570 postulatio
729 1494 892 1568 electionis,
912 1499 942 1554 et
960 1495 1071 1554 eontr-

61 1582 179 1642 maticnis
189 1584 293 1642 locum
301 1587 392 1643 tenet.
405 1581 507 1642 billert
517 1582 630 1658 pariter
642 1581 673 1658 in
688 1600 734 1657 eo,
751 1583 832 1660 quod
844 1583 990 1644 electores
1001 1589 1072 1660 post

62 1671 219 1732 electionem
235 1669 292 1730 rite
310 1677 465 1746 peractam
487 1676 640 1746 nequeunt
658 1672 786 1748 amplius
799 1674 957 1749 poenitere,
974 1680 1005 1735 et
1017 1690 1070 1732 va-

61 1757 131 1834 riare,
144 1760 217 1820 dum
230 1760 367 1822 absolute
379 1760 531 1835 loquendo
544 1766 670 1835 possunt
682 1759 798 1822 variare
812 1769 880 1836 post
895 1761 1071 1838 postulatio·

62 1861 131 1923 nem,
149 1849 327 1908 sinendum
348 1847 386 1908 sit
406 1853 570 1923 acceptata.
594 1852 739 1908 Caeterum
759 1866 826 1926 quae
841 1865 935 1926 supra
953 1849 991 1909 de
1009 1850 1070 1910 ele-

63 1936 143 1998 etone
155 1935 360 2015 exposuimus,
375 1941 409 1996 ut
425 1935 597 2013 plurimum,
615 1936 646 1996 in
668 1939 867 2013 postulatione
889 1952 1009 2014 quoque
1026 1937 1071 1996 ri-

64 2030 117 2098 gent
132 2029 181 2101 (l).

85 2181 116 2247 (t)
127 2181 212 2236 Hodie
223 2195 290 2234 varo
302 2194 337 2234 ex
349 2182 554 2246 consuetudine,
567 2181 611 2234 rel
623 2181 806 2248 Concordem,
819 2183 868 2236 ubi
880 2184 962 2236 intrat
974 2186 1069 2252 postu-

66 2249 122 2313 latio,
137 2255 204 2306 solet
217 2255 274 2320 peti
291 2253 426 2306 indultum
440 2252 619 2318 eligibilitetis
632 2255 910 2320 asummoPontitice‚
924 2259 955 2309 ut
963 2269 1070 2322 premo·

65 2325 148 2378 rendra
160 2339 235 2377 mere
255 2324 391 2376 ordinario
405 2325 469 2390 eligi
492 2329 581 2392 queat.
599 2325 748 2377 Postulatio
766 2327 855 2377 eutem
872 2340 926 2378 neu
943 2329 1026 2379 intrat
1039 2329 1068 2379 in

66 2393 114 2445 aliis
120 2395 292 2448 electionibus
301 2395 497 2463 capitularibus
507 2396 540 2447 ad
547 2396 688 2456 beneficia,
700 2397 742 2448 vel
753 2397 908 2461 dignitates.
919 2397 1070 2452 Searranto-

65 2464 115 2517 aius
126 2468 156 2518 ael
169 2469 283 2533 Ceecop.
298 2467 318 2517 l.
333 2468 356 2532 t,
373 2471 393 2517 t.
409 2467 432 2527 3,
446 2481 474 2517 n.
496 2467 534 2519 30.
550 2467 645 2533 Neque
658 2467 687 2517 in
709 2468 886 2519 electionibus
899 2469 1068 2532 superiorum

68 2534 231 2602 Remurium,
247 2550 309 2604 ques
332 2538 390 2590 lieri
407 2538 508 2592 debeat
523 2551 574 2604 per
585 2544 648 2590 vota
657 2543 770 2592 secrete.
783 2538 910 2592 Giraldaa
924 2539 958 2590 ad
974 2553 1032 2605 cap.
1043 2539 1068 2600 6,

67 2618 120 2659 sess.
132 2611 167 2661 ti.
181 2609 255 2662 trid.
271 2609 305 2660 de
319 2609 367 2660 rel.
383 2627 390 2667 ς
404 2622 495 2674 neque
507 2609 536 2660 irr
557 2609 733 2663 electionibus
755 2608 964 2661 abbatissarum.
979 2611 1019 2663 ld.
1033 2611 1070 2663 cd

67 2680 159 2742 cepit,
172 2681 204 2734 de
218 2679 296 2733 elect.
312 2679 344 2730 in
361 2678 405 2732 his
431 2681 502 2732 enim
524 2693 578 2732 non
601 2681 733 2747 probatur
754 2679 905 2746 inspiratio,
926 2682 1071 2747 autquasi

68 2746 194 2815 inspiratio,
207 2751 272 2818 quia
281 2752 391 2802 nomina
405 2751 560 2816 eligentium
575 2751 708 2818 publicari
721 2757 868 2820 nequeunt,
880 2766 914 2805 ne
928 2752 1071 2806 discordie

68 2817 122 2873 inter
133 2823 277 2891 Regulares
291 2821 474 2876 suboriantur.
