2426 4070
492 126 672 182 ·-119-·

86 260 123 314 par
132 247 341 300 ordinariorum
355 248 539 302 attestationes
553 249 742 300 suumstatum
752 247 878 312 liberum,
889 248 978 315 potest
990 249 1094 316 episeo-

83 333 121 383 pus
136 333 166 370 ax
184 320 212 370 Β.
229 319 456 386 congregationis
480 319 651 372 concessione
670 319 795 370 eumdem
813 319 955 372 admittere
973 319 1007 372 ad
1024 335 1095 388 praa·

79 389 186 440 eundum
197 391 391 454 juramentum
406 390 610 456 suppletorium,
621 403 674 456 quo
687 389 762 441 adS.
775 390 824 442 Dei
836 389 982 456 Evangelia
992 396 1095 456 sunju-

77 465 181 512 raruento
194 467 325 524 testetur,
339 477 367 514 se
381 463 497 513 liberum
510 475 570 513 asse
584 463 618 512 ab
632 461 704 513 omni
719 462 883 513 matrimonii
898 462 1014 524 viuculo.
1027 463 1093 516 Haec

76 532 172 584 facultas
185 533 256 585 solat
271 534 419 600 Episcopis
434 533 544 585 concedi
561 533 596 584 ad
615 533 775 614 triennium
786 539 813 585 et
826 533 898 586 hac'
892 547 952 600 ipsa
963 535 1092 588 facultate

75 603 175 669 episcopi
187 617 245 655 non
258 610 380 686 possunt
398 604 446 663 uti,
463 605 516 655 nisi
538 608 635 670 agetur
650 587 694 657 de
695 604 818 670 personis
837 605 1091 672 benenuntiate

76 675 156 740 pibus
167 676 289 741 perjurii
303 675 456 742 periculum
467 676 548 727 absit.

99 837 152 894 ιιι.
171 835 322 897 similiter
335 853 426 913 super
440 836 661 913 impedimentis
674 835 880 896 dirimentibus
894 835 982 896 datur
994 853 1090 913 quan·

71 922 154 998 doque
165 924 370 1001 dispensatio,
386 944 452 1002 quae
464 943 503 986 ex
516 924 668 987 communi
682 927 842 986 Doctorum
857 925 1003 986 sententia
1016 932 1089 988 tuna

70 1013 153 1072 solum
166 1021 270 1090 potest
285 1016 399 1076 habere
412 1017 523 1090 locum,
539 1032 609 1076 cum
618 1032 658 1076 ex
668 1015 735 1092 lege
746 1014 951 1075 ecclesiastica
962 1015 1088 1091 impedi-

68 1107 155 1161 menta
167 1110 241 1164 sunt
256 1105 431 1164 constituta.
447 1105 561 1164 idcirco
576 1105 606 1164 in
620 1102 840 1180 impedimentis
854 1103 931 1178 J'uris
945 1103 1089 1164 naturalis

68 1186 92 1237 et
102 1181 189 1241 divini
202 1186 292 1244 nulla
304 1191 483 1262 potestesse
499 1185 691 1260 dispensatio,
708 1199 778 1244 cum
793 1183 913 1244 inferior
926 1183 970 1244 uti
984 1183 1086 1244 conci·

68 1266 129 1330 lium
142 1275 299 1346 Generale,
314 1280 366 1333 aut
379 1289 513 1334 summus
525 1273 669 1345 Pontifex,
682 1274 780 1348 legem
792 1270 964 1348 superioris,
978 1288 1087 1348 nempe

68 1357 337 1434 ltei,tollere,velin
347 1381 382 1423 ea
392 1363 565 1439 dispensare
575 1369 712 1438 nequeat.
722 1360 895 1436 llujusmndi
905 1367 1004 1420 autem
1010 1361 1086 1436 jnris

70 1448 198 1508 naturalis
211 1449 431 1526 impedimenta
445 1458 525 1525 sunt,
535 1451 627 1512 veluti
640 1467 725 1510 error
738 1450 818 1510 circa
831 1467 1002 1526 personam,
1012 1467 1084 1526 cog·

68 1533 136 1592 natio
149 1539 301 1599 naturalis
317 1539 346 1598 in
362 1540 439 1600 linea
452 1546 545 1612 recta,
558 1545 587 1600 et
601 1539 631 1598 in
644 1539 722 1599 linea
738 1539 929 1598 transversali
942 1538 973 1597 in
986 1539 1084 1614 primo

68 1623 156 1696 uada,
172 1628 307 1687 affinitas
322 1645 360 1688 ex
381 1628 571 1689 matrimonio
593 1627 665 1688 ilem
678 1629 708 1688 in
730 1627 809 1688 linea
830 1633 912 1687 recta
934 1627 1083 1703 inprime

67 1711 156 1786 gradu,
171 1715 217 1774 vis
220 1725 357 1791 ,metus
378 1717 507 1794 ligamen
529 1716 580 1778 ubi
597 1717 818 1778 matrimonium
836 1715 874 1776 sit
887 1732 1077 1778 consumma·

67 1800 127 1870 um,
142 1808 170 1861 et
182 1802 372 1882 impotentia

95 1891 151 1946 lli>
167 1895 228 1952 Sed
240 1895 328 1970 juvat
339 1895 463 1956 ulterius
477 1894 723 1968 animadvertere,
739 1893 819 1970 quod
833 1893 947 1954 etiamsi
960 1895 1031 1953 lex
1024 1911 1079 1955 rm-

68 1973 214 2044 redimenti
228 1984 360 2042 humana
381 1985 557 2045 auctoritate
573 1992 662 2061 queat
680 1983 829 2057 aulerci,'
821 2001 852 2042 m
867 2001 903 2043 ea
919 1984 1041 2042 tamen
1033 2001 1079 2042 rn-

70 2063 171 2126 ternum
183 2069 353 2148 dispensari
365 2090 426 2132 non
441 2075 527 2134 solet
550 2073 624 2132 llinc
641 2073 709 2132 licet
727 2072 831 2148 possit,
848 2078 946 2132 tamen
960 2088 1021 2130 non
1033 2089 1079 2132 so

69 2147 102 2206 let
112 2156 185 2232 Papa
198 2161 379 2236 dispensare
392 2179 448 2237 pra
461 2163 527 2221 foro
542 2169 668 2222 externo
689 2178 780 2238 super
793 2159 1006 2263 impedimento
1018 2159 1076 2220 cri·

71 2236 151 2316 niuis,
165 2247 189 2305 si
202 2251 347 2309 alteruter
361 2267 399 2310 cx
413 2251 617 2327 conjugibus·
610 2268 640 2310 m
654 2259 781 2311 mortem
799 2250 921 2310 alterius
940 2250 1076 2326 conjugis
1103 2317 1108 2324 ,

72 2322 181 2394 defuncti
195 2338 360 2398 efficaciter
373 2339 597 2414 conspiraverit,
614 2357 704 2416 super
723 2339 934 2414 impedimento
949 2338 1075 2414 Ordinis,

72 2417 171 2495 touque
182 2427 325 2486 solemnis
329 2445 442 2503 super
450 2429 661 2504 impedimento
676 2427 842 2488 affinitatis
834 2445 864 2486 ιιι
873 2443 970 2503 primo
980 2427 1076 2503 gradu

73 2498 140 2566 lineae
151 2517 341 2589 transversae,
363 2515 419 2575 nisi
431 2516 551 2590 utilitas,
566 2523 597 2578 ct
608 2516 769 2577 nenessitas
783 2515 903 2592 publica
918 2514 1074 2589 dispensa·
1182 2511 1186 2516 ’

73 2588 163 2660 ionem
174 2603 309 2678 suadeat,
325 2623 415 2682 super
428 2606 622 2682 impediment
622 2623 640 2665 o
653 2603 917 2705 consanguinitatis
931 2602 961 2662 in
977 2602 1073 2704 primo

75 2685 158 2764 sudu,
169 2699 198 2752 et
216 2693 351 2754 secundo
365 2693 459 2755 mixto
473 2694 558 2754 lineae
572 2704 758 2767 transversae,
774 2693 831 2752 nisi
847 2691 1014 2752 necessaria
1028 2691 1073 2752 vi·

74 2765 157 2836 dictur
167 2781 349 2858 dispensatio
363 2783 402 2844 ad
413 2783 482 2843 vitae
496 2784 661 2860 periculum
678 2801 696 2842 a
718 2779 892 2858 propinquis
905 2779 1073 2841 minitatum

76 2863 236 2930 evadendum
261 2875 313 2944 (l),
337 2888 373 2930 ac
393 2872 521 2948 deniqne
542 2889 632 2948 super
655 2871 867 2948 impedimento
887 2868 1071 2946 cognationis

74 2949 210 3021 mutuans
223 2960 339 3020 ratione
361 2961 555 3037 paternitatis,
571 2967 602 3021 et
624 2960 784 3032 filiationis,
806 2977 914 3036 nempe
929 2959 1006 3019 inter
1016 2959 1071 3018 ha·

74 3037 220 3120 timuero,
234 3065 270 3108 ao
282 3049 433 3124 patrinum
447 3067 486 3110 cx
499 3067 560 3109 una
573 3056 667 3124 parte,
683 3055 711 3109 at
722 3049 900 3124 baptizatam
913 3065 951 3108 ex
965 3049 1068 3122 altera,

75 3126 126 3198 qaia
137 3137 273 3212 cognatio
286 3131 352 3197 haec
365 3139 506 3198 assimilat
494 3146 542 3198 tur
555 3137 749 3214 generationi,
764 3138 835 3198 licet
844 3138 924 3197 aliud
938 3137 1070 3196 obtineat

74 3223 194 3286 tradem
208 3227 386 3302 cognatione
401 3227 514 3287 rafione
524 3225 777 3302 compaternitatis
790 3231 865 3298 orta,
878 3232 912 3286 ιιι
925 3226 1002 3286 inter
1015 3241 1068 3300 pa-

7 3345 8 3348 *
75 3303 168 3388 linum,
181 3321 212 3375 et
224 3315 425 3391 baptizantem
439 3333 478 3375 cx
492 3332 551 3374 una
575 3321 670 3391 parte,
686 3321 715 3374 et
730 3313 869 3391 baptizati
888 3320 1014 3374 matrem
1029 3330 1068 3372 ex

73 3391 171 3477 dcta,
163 3422 192 3464 m
208 3421 269 3481 qua
282 3402 368 3465 facile
382 3403 541 3482 dispensat
534 3421 563 3464 10
522 3404 735 3466 tobtinetur.

96 3520 122 3588 (¹)
131 3527 212 3596 lipist.
228 3529 330 3596 encycl.
347 3531 470 3597 Gregorii
482 3531 557 3595 XVI,
572 3531 626 3584 diei
639 3531 670 3596 ιι
683 3530 769 3597 April.
785 3530 853 3582 lala.
