2524 4080
599 203 763 268 ..396-

168 321 408 390 instantisdurat
421 328 858 408 adbieuninm,itautprimns
869 331 1173 394 annnsdeturadcau·
1250 353 1251 362 ³

167 435 233 480 eam
246 417 497 493 committendam,
507 421 659 480 secundus
672 421 711 482 ad
723 435 791 482 eam
806 419 1044 482 terminandam:
1058 427 1083 482 at
1089 422 1175 499 judas

167 524 207 568 ex
215 509 296 583 justa
309 523 399 568 causa
412 510 559 584 maiorem
570 526 653 586 saepe
667 509 807 570 concedit
820 508 993 570 dilationem
1006 513 1017 581 (
1037 515 1057 584 ).

200 657 236 725 (t)
248 659 322 712 Trid.
337 674 407 712 sess.
422 659 463 726 nt,
478 675 501 712 c.
516 661 557 725 20,
572 661 606 714 de
618 661 667 714 ref.
684 662 723 713 De
736 661 810 714 Luca
826 663 854 712 ln
869 665 959 712 annot.
976 660 1011 712 ad
1029 661 1072 712 cit.
1084 675 1137 728 cap.
1151 676 1174 714 n.

163 739 203 792 28.
220 735 298 789 Ratio
312 736 362 791 est,
377 733 440 798 qnia
457 737 600 798 postquam
624 733 775 784 Concilium
797 733 929 798 edixerat,
943 737 973 784 ut
995 745 1082 784 oansae
1095 733 1177 786 suiten

164 809 243 877 infra
257 804 396 858 biennium
409 818 428 856 e
442 803 486 856 die
504 807 583 856 mota
605 803 661 857 litis
685 803 877 868 terminentur,
894 804 985 856 statim
999 805 1139 869 subjunxit,
1153 809 1178 858 ot
1227 851 1231 857 .
1250 829 1251 874 ς

161 883 222 950 post
239 877 269 930 id
281 875 401 940 anatim
409 875 524 928 liberam
532 875 566 928 sil
581 875 713 940 partibus,
727 875 769 928 oet
781 874 863 928 atteri
875 874 1099 942 tuorumjudtoe
1112 889 1176 944 uipe-
1250 945 1251 948 Ἴ

162 951 257 1012 riores,
274 947 343 1000 atius
362 951 455 1000 tomen
468 950 652 1011 competentes,
667 946 754 1010 odire,
771 946 819 1012 qut
845 960 957 1000 causam
970 948 1002 1002 in
1016 961 1046 1000 eo
1063 951 1139 1007 sinte,
1151 947 1177 1000 in

163 1037 215 1089 qno
231 1018 328 1087 suerit,
342 1019 491 1081 assument,
506 1022 530 1071 et
544 1016 763 1084 quamprimum
777 1017 923 1070 tennineri
945 1023 1049 1072 curent.
1065 1019 1131 1070 Hine
1140 1033 1177 1084 ap
1250 1077 1251 1080 Ἰ

163 1097 241 1159 paret
255 1091 405 1143 Concilium
414 1103 468 1140 nou
483 1090 610 1140 statuisse
627 1089 678 1140 hoc
692 1095 799 1154 tempus
813 1093 1035 1155 peremptorium,
1055 1093 1177 1156 cumpost
1250 1083 1251 1100 ¹

163 1164 215 1216 hoo
227 1167 332 1229 tempus
348 1160 429 1212 liceat
449 1159 537 1210 adbuc
548 1159 656 1224 judices
678 1159 831 1224 superiores
848 1159 924 1212 adire
940 1179 946 1210 :
960 1161 1034 1226 qnod
1057 1161 1081 1212 si
1101 1165 1178 1228 partas

163 1250 219 1288 non
231 1233 353 1294 iecerint,
367 1236 399 1282 ut
411 1245 496 1284 causa
510 1245 591 1296 quarn
603 1231 720 1296 primum
732 1232 900 1295 terminetur,
915 1232 1018 1284 debent
1033 1233 1086 1284 sibi
1101 1235 1179 1296 impu·

163 1311 231 1370 tare,
244 1307 268 1358 si
281 1318 368 1368 usque
381 1303 416 1354 ad
429 1315 514 1355 annos
527 1303 706 1363 inluetantia
719 1307 883 1366 perseverat,
898 1304 938 1354 nti
957 1308 1000 1356 est
1012 1305 1104 1369 praxis
1113 1304 1179 1354 Rota

162 1378 300 1430 Romania.
316 1376 375 1427 Duo
389 1378 481 1426 tamen
494 1380 557 1426 sunt
571 1387 659 1433 casus,
675 1373 703 1424 in
716 1373 817 1438 quibus
832 1375 971 1438 instantia,
994 1376 1075 1426 etiarn
1094 1373 1178 1441 prima,
1250 1393 1251 1402 ¹

162 1450 240 1515 prius
255 1446 405 1514 perimitur.
421 1445 500 1498 Uuns
512 1449 563 1508 est,
574 1446 597 1496 si
607 1445 754 1497 accesserit
767 1445 901 1497 sententie
914 1445 989 1498 litem
1001 1447 1133 1498 desertam
1140 1445 1180 1496 de·

163 1519 291 1577 clarans;
313 1516 392 1570 aliter
410 1521 460 1580 ast,
482 1515 506 1568 si
524 1515 649 1582 elapsum
673 1515 707 1567 sit
728 1515 899 1580 decennium,
919 1517 1057 1584 simulque
1082 1517 1181 1570 indubie
1250 1537 1251 1562 l

162 1593 266 1642 constet
281 1589 316 1642 da
329 1589 400 1641 malo
409 1590 472 1656 jure
484 1588 551 1654 elus,
566 1587 613 1654 qui
636 1587 712 1640 litem
725 1587 852 1640 instituit.
872 1588 1000 1642 Giraldus
1019 1589 1057 1642 ad
1071 1603 1129 1658 cap.
1146 1589 1180 1650 it,
1250 1605 1251 1628 1

164 1661 296 1726 dejudic.

199 1849 262 1906 tbi.
277 1850 378 1919 Actus,
394 1843 445 1920 qui
462 1845 501 1904 ad
520 1844 665 1920 judicium
683 1844 842 1922 pertinent,
860 1853 930 1908 sunt
949 1848 1062 1908 actoris
1076 1847 1179 1926 petitio,

162 1933 281 2010 negatio
294 1933 348 2007 rei,
358 1933 496 2010 probatio
507 1933 644 2006 aetionis,
660 1933 723 1994 sive
733 1933 841 2009 judicis
854 1934 1020 2012 instructio,
1031 1936 1181 2010 sententia,

161 2031 193 2084 et
209 2025 274 2099 ejus
288 2021 436 2096 executio,
453 2039 490 2082 ao
511 2021 690 2099 generaliter
707 2021 750 2082 illi
764 2039 869 2084 omnes
887 2030 981 2098 actus,
996 2026 1050 2102 qui
1064 2025 1182 2102 exlegis

160 2112 354 2188 dispositione
376 2113 487 2172 debent
514 2115 545 2171 in
565 2111 676 2188 jndicio
698 2111 736 2170 ab
756 2109 866 2172 actoris
882 2113 1024 2188 petitione
1039 2132 1135 2192 usqne
1150 2113 1184 2174 ad

160 2200 315 2262 sententie
330 2201 538 2264 executionem
558 2199 633 2260 fleri.
655 2199 771 2260 Idcirco
794 2201 964 2278 huJ'usmodi
986 2209 1073 2264 actus
1087 2205 1182 2280 appel-

158 2291 258 2350 lantur
263 2289 431 2366 judiciales,
447 2297 480 2350 nt
493 2291 531 2349 ab
546 2288 818 2365 enlrojodiciolibns
830 2297 1035 2366 secernantur,
1052 2292 1104 2370 qui
1114 2293 1183 2352 finnt

159 2385 245 2440 extra
257 2378 409 2455 iudicium,
433 2380 503 2440 licet
519 2379 648 2438 habeant
663 2377 779 2455 judicis,
800 2384 852 2439 aut
871 2379 993 2441 alterius
1006 2382 1120 2458 publici
1133 2380 1183 2442 mi-

158 2469 244 2528 nistri
263 2467 470 2541 assistentiam,
490 2474 521 2527 ct
542 2467 703 2543 qnamdam
725 2467 982 2544 extrajudieielem
1005 2470 1183 2531 constituant

157 2557 368 2634 procedurem.
944 2628 947 2637 Ι

193 2651 256 2706 735.
277 2646 484 2706 solemnitates
501 2645 630 2722 denique
649 2651 718 2704 sunt
732 2643 789 2705 illae
804 2647 937 2722 cautelae,
957 2649 1019 2708 eive
1042 2649 1182 2724 regulaea

153 2737 222 2813 jure
240 2735 362 2796 saneitae
382 2752 438 2812 pro
456 2741 539 2794 recto
560 2733 742 2810 judiciorum
770 2735 884 2809 ordine,
905 2743 938 2794 ut
959 2736 1101 2810 breviori,
1128 2755 1182 2814 quo
1250 2763 1251 2796 l

155 2825 220 2885 fleri
231 2832 339 2900 potest,
357 2831 500 2899 tempore,
514 2829 543 2884 et
556 2822 721 2882 minoribus
732 2823 872 2897 expensis
889 2823 983 2898 judex
995 2825 1034 2883 ad
1051 2823 1179 2885 veritatis

155 2920 185 2974 et
196 2912 317 2988 justitiae
337 2913 539 2987 cognitionem
552 2911 699 2986 deveniat,
723 2918 752 2970 et
765 2909 808 2970 liti
823 2911 894 2980 ,unis
911 2911 1094 2988 imponatur,
1111 2931 1179 2990 qua-

153 3015 222 3061 rum
236 2998 301 3058 aliae
314 2996 354 3060 ita
367 3007 437 3060 sunt
448 2999 631 3074 essentiales,
645 3005 679 3059 ut
693 2999 810 3059 omissae
822 3001 1022 3076 proceduram
1035 3002 1178 3075 vitiosam,

153 3091 276 3164 nullam,
293 3107 333 3168 ¹ac
348 3090 565 3164 frustatoriam3
590 3087 657 3150 eliae
678 3106 750 3150 vero
767 3089 941 3150 essentiales
964 3107 1025 3152 non
1045 3097 1127 3166 suut,
1150 3097 1178 3151 ct

154 3177 272 3240 omissae
287 3181 486 3256 procederem
500 3199 561 3242 nou
576 3179 680 3240 vitiant
695 3181 747 3254 (l).

183 3325 220 3390 (1)
234 3325 352 3390 Primus,
362 3325 409 3389 qni
423 3324 487 3376 fecit
496 3325 629 3387 judicium
643 3322 775 3385 interris,
789 3321 842 3375 tuit
855 3322 928 3374 Deus
941 3322 970 3373 iu
984 3323 1110 3386 paradiso
1125 3325 1176 3374 tar·

153 3397 242 3459 nestri,
258 3410 320 3447 cum
340 3395 374 3446 ob
396 3393 526 3458 originale
550 3399 696 3458 peccatum,
720 3395 779 3458 ipso
796 3398 941 3448 accusante
956 3392 1067 3455 scelere,
1082 3393 1175 3456 Adam,
1250 3429 1251 3434 κ

152 3469 179 3516 et
195 3467 279 3516 Evam
303 3466 403 3528 citavit,
421 3477 514 3516 eorum
528 3464 710 3516 defensionem
728 3465 840 3529 audivit,
863 3469 891 3516 et
908 3465 1097 3529 gravissimam
1119 3477 1177 3516 sen·

154 3536 266 3586 tentiam
280 3537 400 3601 protulit.
416 3535 482 3586 Gen.
501 3548 523 3586 c.
545 3534 568 3584 3,
587 3533 759 3598 Pellegriuus
779 3535 808 3586 in
821 3549 889 3588 sum.
908 3549 1001 3602 praem.
1021 3549 1047 3586 n.
1067 3535 1085 3590 t
1102 3534 1176 3586 Deus

153 3605 255 3668 pariter
263 3619 312 3670 per
322 3607 369 3668 jus
381 3606 506 3658 naturale
519 3605 714 3660 substantiales
726 3606 892 3674 judiciorum
906 3607 1007 3661 formas
1019 3605 1172 3674 praediun,
