2494 4062
619 121 655 144 .-
671 91 708 151 ΞΩ
725 118 762 142 -.

179 229 244 274 mm
257 211 465 274 celebrandam
475 211 671 286 committere,
686 215 770 288 parte
784 209 983 285 eleemosynae
997 207 1054 269 sibi
1074 213 1227 284 retenta,

177 302 291 363 etiamsi
303 317 410 377 magna
427 299 475 372 sit,
492 302 539 360 vel
553 307 621 360 toxa
640 298 776 378 synodali
796 300 891 375 major
907 301 961 372 (l),
987 303 1016 358 3ο
1036 315 1103 358 non
1120 316 1227 374 posse

177 396 333 466 acceptare
355 388 518 462 manuales,
527 389 596 448 sive
611 387 787 448 adventitias
811 386 963 448 llissarum
982 387 1225 462 eleemosynas,

176 479 233 540 nisi
245 479 324 538 intre
341 478 493 538 modicum
505 484 623 553 tempus
637 477 733 554 possit
749 477 856 538 iisdem
879 477 1067 550 satisfacere3
1084 477 1224 553 quando

177 568 322 643 majorem
335 566 505 626 dilationem
519 567 647 626 offerens
662 583 816 642 expresse,
837 570 887 624 aut
906 563 995 624 tacite
1014 581 1077 623 non
1097 581 1223 624 conce-

178 656 221 716 dit
235 659 290 728 (b),
311 661 341 716 t⁰
358 672 420 714 non
435 672 523 730 posse
536 655 688 731 acceptari
702 671 795 716 onera
807 658 953 730 perpetua
966 653 1139 726 blissarnm,
1158 652 1227 722 nisi¹

179 744 216 806 de
230 743 349 805 licentia
362 742 516 820 ordinarii,
536 746 584 804 vel
602 742 768 820 Superioris
783 741 941 814 Generalis
960 740 986 802 si
999 742 1037 801 de
1050 741 1222 817 Reguleri-

177 833 234 894 bus
248 841 353 910 egetur
367 837 419 907 (6),
444 833 495 909 qni
515 839 584 894 ente
597 833 722 894 licentiae
736 830 962 892 concessionem
974 829 1087 890 debent
1101 830 1220 890 sedulo

179 923 366 998 perpendere
380 928 443 982 tum
455 921 568 982 reditus
583 920 748 998 assignatos
765 920 815 998 qui
828 919 957 980 investiti
965 935 1034 994 esse
1048 919 1169 978 debent
1183 917 1218 978 in

179 1009 266 1070 bonis
285 1009 494 1083 immobilibus,
514 1015 544 1070 et
568 1027 633 1070 esse
654 1009 845 1084 sufficientes,
869 1014 933 1069 tum
946 1007 984 1067 de
998 1006 1215 1082 possibilitate,

180 1102 210 1158 et
224 1096 383 1158 securitate
399 1096 620 1174 adimplementi
640 1096 670 1156 in
685 1103 862 1174 perpetuum
875 1099 929 1170 (7);
946 1099 978 1154 5⁰
991 1111 1054 1154 non
1069 1094 1166 1156 licere
1180 1096 1215 1154 in

179 1185 312 1247 ecclesiis
325 1202 478 1262 exponere
492 1188 627 1262 capsulas
641 1186 680 1245 ad
694 1184 875 1262 colligendas
889 1184 1097 1260 eleemosynas
1106 1183 1214 1244 blissa-

177 1289 255 1358 rum,
280 1291 377 1350 neque
402 1274 450 1335 die
472 1274 605 1334 omnium
626 1275 839 1334 Defunctorum
861 1290 917 1348 pro
937 1273 1074 1346 mortuis,
1095 1271 1153 1332 nisi
1173 1272 1214 1332 de

179 1359 466 1437 licentiaordinarii,
483 1363 562 1439 quod
577 1368 719 1422 statutum
727 1361 792 1436 luit,
809 1378 847 1421 ne
861 1361 1004 1422 collector
1018 1358 1075 1420 sibi
1088 1359 1128 1419 ed
1143 1359 1213 1419 libi-

178 1455 242 1508 tum
256 1451 651 1534 eleemosynampraefigat(
670 1454 691 1522 ).
945 1520 948 1524 A

216 1541 376 1613 Propterea
397 1539 572 1599 Benedictus
586 1543 654 1613 lllll,
675 1539 791 1598 duabus
806 1536 891 1598 editis
912 1537 950 1598 ad
972 1537 1032 1596 hoc
1051 1535 1165 1608 bullis(
1186 1541 1208 1611 ),

181 1625 332 1686 damnavit
355 1629 530 1688 collectores
550 1629 808 1704 eleemosynarum
828 1645 884 1704 pro
904 1625 1090 1687 celebrandis
1104 1625 1209 1701 Missis,

182 1713 233 1790 qui
246 1714 377 1774 collectis
387 1715 540 1778 blissarum
548 1717 745 1794 eleemosynis
754 1719 784 1777 in
794 1734 853 1776 una
866 1716 999 1790 dioecesi,
1012 1715 1092 1792 ipsas
1106 1715 1209 1775 Missas

182 1809 286 1878 postea
310 1805 498 1865 committunt
516 1807 710 1867 celebrandas
721 1806 757 1866 in
772 1806 828 1866 alia
841 1805 975 1878 dioecesi,
990 1805 1019 1863 in
1037 1821 1095 1880 qua
1109 1804 1208 1864 minor

183 1897 229 1950 est
244 1897 310 1952 taxa
324 1894 488 1970 synodalis,
503 1903 536 1955 ut
547 1895 602 1954 sibi
616 1896 697 1956 salva
708 1895 746 1956 sit
760 1895 933 1956 earumdem
947 1896 1207 1970 eleemosynarum

182 1997 253 2056 pars
272 1980 303 2040 in
327 1999 453 2043 excessu
468 1989 546 2044 texae
566 1983 718 2060 synodalis
731 1983 819 2044 unius
834 1982 972 2044 dioecesis
986 1999 1048 2060 prae
1062 1983 1127 2042 alie.
1143 1987 1206 2041 lloc

184 2069 304 2145 quidem
326 2070 457 2132 declarat
480 2073 614 2134 Pontifex
639 2091 705 2134 esse
729 2074 876 2134 obsonum
902 2073 939 2132 ab
967 2071 1032 2148 ipsa
1052 2073 1206 2131 voluntate

183 2173 337 2234 expressa,
352 2161 399 2219 vel
412 2159 500 2220 tacite
514 2160 702 2222 offerentium
716 2165 789 2236 (10),
804 2178 871 2222 esse
880 2159 1032 2237 injustum,
1044 2166 1075 2221 et
1088 2166 1203 2235 turpem

184 2254 341 2324 quaestum,
350 2247 400 2324 qui
408 2250 530 2324 punitur
540 2249 725 2310 restitutione
736 2249 844 2326 injuste
855 2255 1059 2326 acceptorum,
1068 2255 1096 2309 et
1107 2247 1203 2324 poenis

185 2333 240 2394 sibi
253 2336 413 2397 reservatis
426 2337 491 2414 ipso
505 2340 583 2399 lacto
597 2338 793 2414 incurrendis,
816 2335 1129 2399 excommunicationis
1146 2335 1202 2396 sci-

182 2421 254 2484 licet
268 2432 372 2485 contra
385 2425 487 2502 laicos,
498 2427 724 2504 etsupensionis
737 2433 843 2487 contre
853 2425 983 2487 clericos
997 2430 1065 2500 (11).
1077 2425 1157 2497 Quod
1169 2425 1202 2484 'ut

185 2511 299 2573 facilius
320 2516 489 2576 executioni
506 2517 639 2578 mandari
658 2522 761 2594 posset
782 2517 916 2577 Clemens
933 2520 970 2576 lll
990 2515 1113 2576 Notariis
1126 2529 1200 2590 prae-

186 2599 313 2678 scripsit,
327 2611 361 2663 ut
374 2605 533 2665 certiorem
543 2606 703 2666 redderent
712 2604 901 2681 Episcopum,
916 2605 980 2665 sive
990 2604 1150 2664 Perochum
1162 2602 1199 2662 de

187 2689 339 2752 blissarum
354 2695 494 2756 oneribus
504 2693 614 2756 relictis
627 2695 658 2756 in
670 2694 852 2756 testamentis
866 2713 885 2754 e
897 2711 931 2756 se
944 2691 1086 2755 coniectis
1099 2695 1164 2765 (m).

218 2846 253 2912 (l)
267 2847 327 2900 Bul.
343 2847 410 2904 Gom
428 2864 505 2916 sepe.
520 2879 548 2889 -
563 2851 597 2916 (2)
611 2851 671 2902 Bul.
690 2849 783 2917 Nuper
802 2847 1049 2917 cdonprepotionc,
1062 2861 1137 2915 quam
1151 2861 1198 2914 per

188 2924 328 2981 extensum
345 2922 427 2972 refert
445 2922 572 2974 Girnldus
592 2923 626 2974 ed
648 2935 715 2974 sess.
729 2923 760 2972 22
774 2921 848 2973 Trid.
871 2922 904 2973 do
924 2922 983 2973 obs.
999 2924 1027 2972 et
1045 2922 1089 2970 vit.
1108 2919 1133 2969 in
1149 2918 1197 2970 cel.

187 2987 261 3041 miss.
279 3018 305 3028 -
320 2991 356 3057 (3)
370 2993 499 3044 Sacerdos
512 2994 631 3058 insuper,
644 2993 691 3058 qui
702 2993 900 3056 eleemosynam
912 2992 1023 3057 occepit,
1034 2993 1196 3042 teneturom-

187 3060 250 3111 nino
264 3062 375 3114 missam
392 3064 529 3116 celebrare
539 3066 619 3129 juxta
634 3063 772 3115 offerentis
785 3064 962 3126 voluntatem,
977 3067 1003 3112 et
1018 3075 1068 3126 per
1081 3074 1115 3124 so,
1129 3062 1151 3112 si
1162 3061 1197 3111 ita

186 3133 272 3184 voluit
292 3133 415 3192 offerens,
433 3147 464 3186 sc
479 3135 514 3186 ud
533 3135 626 3200 nitere,
641 3135 737 3201 dieque
752 3136 786 3187 eb
801 3149 832 3186 eo
846 3135 994 3199 designato.
1009 3133 1066 3185 Neo
1079 3145 1195 3198 umquam

187 3204 267 3255 unice
281 3205 363 3258 llisss
380 3207 503 3271 pluribus
513 3206 657 3258 missarum
672 3207 800 3258 oneribus
813 3205 940 3258 satisfieri
955 3209 1060 3270 potest:
1075 3203 1194 3268 undequi

188 3277 295 3327 tenetur
317 3277 453 3329 celebrere
476 3290 524 3341 pro
549 3279 646 3343 legato,
661 3278 703 3330 vel
726 3292 775 3344 pro
788 3277 916 3328 beneflcio
934 3289 989 3327 non
1008 3278 1093 3340 potest
1105 3287 1148 3339 pro
1166 3285 1195 3325 ea

187 3347 272 3398 misse
286 3347 484 3413 eleemosynam
497 3349 650 3400 manuelem
662 3349 784 3414 accipere
798 3350 842 3400 cit.
859 3347 912 3400 bul.
927 3345 1020 3414 Nuper
1032 3345 1045 3414 ξ
1060 3348 1082 3406 3,
1096 3345 1110 3396 l
1122 3351 1145 3396 et
1157 3344 1196 3405 ll,

188 3432 215 3480 n.
226 3419 250 3469 t.
262 3445 292 3459 -
301 3419 337 3484 (4)
347 3419 416 3470 Huic
429 3421 531 3484 regule
544 3420 605 3472 duae
620 3422 689 3471 tlnnt
698 3421 880 3485 exceptiones.
899 3419 992 3470 Prima
1001 3422 1042 3470 est
1052 3418 1079 3468 in
1088 3417 1194 3468 levorem

190 3487 342 3548 Sacerdotis
356 3491 517 3553 beneficiati,
531 3493 577 3560 qul
591 3493 690 3546 misses
699 3490 822 3546 beneficii
836 3491 879 3546 sui
892 3489 970 3544 elteri
985 3488 1114 3544 secerdoti
1127 3487 1192 3540 cele·
