2432 4078
51 359 112 422 tiore
121 365 286 427 eoum
295 363 329 424 tit
338 363 514 441 completus,
529 370 560 424 et
573 365 687 427 nummi
701 363 764 426 deti
775 364 806 426 in
820 365 999 438 solutionem
1011 368 1042 432 in

50 447 184 512 dominium
195 451 366 527 venditoris,
376 469 413 514 ec
426 451 514 514 reein
527 452 694 516 dominium
706 453 850 532 emptoris
861 456 961 518 stetim
972 473 1043 534 por-

50 537 138 613 trontit,
153 541 242 604 modo
266 548 386 618 emptor
409 540 548 604 domiuus
571 550 772 618 nummorum,
793 550 824 606 et
840 545 978 608 venditor
1005 545 1045 609 u't

48 625 159 690 temore
170 629 212 690 rei
228 649 236 692 :
251 647 321 694 nem
335 631 362 692 ei
375 631 488 692 nummi
504 632 714 707 ostentationi,
732 632 869 695 venditor
882 651 943 695 non
957 635 1045 704 tieret

49 732 130 778 corum
141 719 276 782 dominus
284 724 338 796 (t),
348 721 420 782 licet
431 727 550 797 emptor
561 738 669 798 reopee
681 719 725 782 rei
737 722 865 785 renditae
878 722 1045 786 dominirnn

48 806 186 882 acquireret
200 813 258 884 (2);
273 814 304 870 et
316 809 448 870 vicissim
462 809 488 870 si
500 826 550 870 ree
563 817 641 872 esset
652 810 756 885 alienu,
771 811 800 872 id
814 810 970 889 ignorante
984 814 1043 876 eel-

47 899 92 956 tcrr
103 903 229 982 emptore
242 902 294 974 (e),
313 898 379 976 ipse
391 915 453 972 nou
472 899 556 960 iteret
574 899 619 960 rei
632 900 771 961 domnus
786 905 838 974 (4),
854 901 922 964 iicet
940 901 1045 964 rendi-

46 989 81 1046 tor
100 1001 284 1056 nummorum
311 987 476 1060 dominium
503 987 664 1066 obtineret,
699 987 768 1068 quoia
800 989 932 1050 detectus
957 989 1045 1062 alieni

47 1073 116 1140 edicit
128 1080 240 1146 numm
250 1075 332 1154 quod
342 1076 474 1148 pienum
487 1082 543 1154 eet,
558 1093 620 1138 non
633 1093 706 1141 tero
718 1078 783 1154 ejus
800 1078 989 1156 equitatem.

67 1261 94 1332 (1)
104 1263 168 1336 Quis
178 1279 259 1322 nemo
271 1268 360 1335 potest
372 1263 436 1332 pius
445 1266 515 1334 juris
534 1267 668 1320 tranferre
681 1267 711 1319 in
724 1267 817 1332 otium,
827 1280 909 1334 quom
918 1268 978 1334 ipse
991 1268 1042 1320 ho·

44 1332 97 1386 beot.
111 1337 171 1404 Cep.
184 1337 226 1402 to,
241 1337 275 1389 de
287 1351 344 1404 reg.
355 1339 411 1403 jur.
426 1337 455 1389 in
467 1339 492 1390 6.
507 1339 654 1404 Propterea
665 1339 789 1407 venditor
798 1342 936 1392 teneretur
950 1343 1044 1405 poton·
1141 1351 1146 1358 “

45 1405 118 1458 ivero
131 1407 238 1460 domino
251 1422 378 1461 nummos
388 1410 538 1469 restituere,
554 1411 607 1462 nisi
623 1423 669 1462 eos
688 1411 909 1479 praescripsisset,
921 1412 964 1463 vei
978 1425 1044 1464 con·

44 1479 179 1542 sumpsisset
190 1481 264 1532 horre
279 1479 342 1542 tide,
351 1479 393 1531 vel
405 1481 463 1532 suis
475 1481 513 1531 ito
525 1481 745 1545 commiscuisset,
757 1485 788 1533 nt
797 1482 915 1535 discerni
927 1484 1045 1546 emplius

43 1551 325 1687 tutttttiti
335 1551 1044 1690 reticete‘ttritt‘ctieitttiii·

272 1660 278 1673 ·
311 1661 317 1674 ·
381 1660 387 1673 ·
1037 1662 1045 1688 e

43 1702 101 1743 suem
112 1692 182 1754 iecit,
197 1695 264 1760 quie
277 1693 398 1747 detectus
411 1694 439 1744 in
452 1695 538 1759 pretio
552 1708 606 1746 non
620 1696 832 1748 communicetur
858 1697 905 1748 rei.
921 1697 987 1748 Haeo
1004 1698 1046 1747 te·

43 1775 88 1814 neu
107 1767 197 1830 regulo
213 1765 400 1832 exceptionem
423 1766 525 1831 petitur
546 1765 574 1818 in
593 1767 708 1831 pecunia
731 1767 915 1824 ecclesiastico
926 1787 933 1830 ;
946 1781 1008 1820 nem
1022 1768 1047 1820 si

43 1834 87 1898 quis
98 1833 144 1888 hec
159 1837 278 1906 pecunie
290 1835 392 1901 aliquid
412 1842 492 1898 emet,
506 1851 560 1888 non
574 1837 602 1888 tit
622 1837 661 1890 rei
674 1842 772 1902 emptee
786 1839 920 1904 dominus,
935 1839 980 1890 sed
995 1839 1047 1890 Ec·

42 1905 104 1957 cieeiu
112 1909 238 1974 requirit,
249 1921 282 1958 ex
294 1907 406 1973 speoieli
417 1907 488 1972 juris
500 1908 683 1972 dispositione.
695 1909 760 1960 Gon.
773 1910 810 1973 it,
822 1924 847 1962 o.
858 1911 896 1969 ii,
906 1924 932 1976 q.
944 1909 970 1962 t.
980 1910 1046 1963 Gen.

44 1977 59 2034 t,
69 1991 89 2028 e.
100 1978 134 2038 tt,
148 1992 174 2046 q.
186 1979 211 2041 t,
226 1979 261 2031 de
273 1978 360 2043 peeut.
373 1978 436 2030 oter.
449 2005 478 2028 m
491 1978 536 2044 (3).
550 1979 670 2032 Dicimus
680 1980 823 2045 &noronte
835 1981 931 2036 scitoto
944 1983 1045 2046 empto·

42 2058 69 2109 rc,
80 2050 138 2114 quie
151 2051 174 2102 st
184 2051 293 2116 emptor
306 2049 388 2112 eoiret
400 2062 458 2105 rem
473 2063 533 2102 esso
547 2050 671 2113 ettonem,
686 2054 839 2108 contractus
853 2066 906 2105 non
915 2052 1048 2106 subsiste·

42 2121 77 2178 ret.
89 2120 262 2182 Reiffeustnel
277 2119 313 2172 ib.
330 2134 359 2172 n.
377 2120 416 2172 92.
431 2148 461 2158 -
480 2119 513 2186 tt)
525 2120 658 2172 Venditor
672 2122 743 2174 eninr
757 2135 811 2174 non
824 2126 914 2189 potest
927 2123 990 2190 plus
1000 2124 1046 2188 ju·

43 2188 71 2238 ris
85 2191 111 2241 in
129 2197 280 2258 emptorem
303 2191 460 2251 transferre,
481 2205 562 2258 quam
576 2193 636 2257 ipse
655 2191 775 2256 hoheot;
798 2194 846 2246 sed
869 2207 931 2246 cum
942 2193 1048 2246 nulium

43 2255 161 2328 hebetius
174 2261 204 2314 in
222 2275 280 2313 rem
303 2262 429 2321 alienam,
448 2262 553 2313 nntium
566 2265 656 2328 potest
674 2262 703 2314 in
723 2269 871 2328 emptorem
886 2265 1044 2316 transferre.

41 2329 179 2386 Coniunctus
198 2338 292 2386 temen
310 2333 446 2398 nubsistit,
466 2334 490 2386 ei
503 2335 598 2386 enitem
613 2338 720 2400 emptor
734 2335 769 2386 sit
785 2335 812 2386 iu
824 2336 895 2388 bone
907 2335 969 2394 dde,
984 2335 1049 2401 orric

42 2403 146 2464 venditor
158 2419 193 2466 ex
207 2410 307 2458 notnre
323 2408 479 2457 contractus
499 2405 642 2472 emptionis
655 2409 683 2461 et
693 2405 855 2458 venditionis
869 2419 924 2458 oon
941 2409 1048 2460 tenetur

41 2472 143 2536 obsolute
162 2475 204 2528 rei
229 2475 377 2529 dominium
395 2476 510 2542 emptori
533 2476 656 2539 tredere;
672 2477 721 2528 sed
734 2475 839 2539 sufficit,
851 2476 875 2527 ei
886 2489 997 2528 vacuom
1008 2475 1047 2528 rei

41 2547 221 2605 possessionem
236 2546 334 2597 trudet.
345 2547 381 2598 nt
393 2546 453 2599 ideo
464 2550 569 2612 emptor
579 2547 739 2612 regulariter
752 2549 859 2598 tenetur
869 2546 903 2598 od
917 2560 973 2598 rem
982 2558 1047 2598 vero

42 2612 130 2669 domino
144 2618 250 2684 petenti
272 2617 476 2681 restituendum,
490 2618 543 2669 nisi
557 2619 675 2682 legitime
689 2631 749 2670 eom
768 2621 825 2684 jem
838 2618 1045 2684 proscripserit,

49 2690 69 2738 ot
78 2689 199 2742 venditor
219 2691 325 2745 onemo
337 2688 372 2742 ed
388 2689 559 2743 evictionem.
572 2690 686 2756 Pithing
699 2689 734 2743 de
747 2695 831 2756 empt.
848 2692 862 2755 t
882 2691 906 2741 9.

66 2911 122 2970 itti.
137 2909 309 2976 Periculum
321 2915 352 2975 et
365 2910 556 2973 commodum
569 2911 613 2971 rei
629 2911 757 2972 renditae
770 2917 839 2990 post
850 2911 1047 2988 traditionem,

41 3000 154 3074 etpretii
167 2989 356 3062 solutionem
364 3005 415 3074 (t),
431 3005 465 3060 ut
476 3001 556 3061 ciere
569 3017 624 3076 per
637 3017 670 3061 ee
683 3007 774 3077 petet,
796 3008 910 3078 spectet
934 3002 972 3063 ed
986 3019 1050 3064 em·

39 3093 150 3165 piorem,
165 3089 238 3168 quie
250 3106 340 3162 verite
361 3087 500 3158 dominus
520 3096 586 3162 θεῖς
602 3091 656 3152 sed
669 3091 706 3151 ed
730 3090 868 3152 eumdem
885 3100 1051 3169 emptorem

41 3176 115 3238 etium
140 3185 269 3256 spectet,
292 3178 460 3252 munditie,
484 3185 514 3238 et
536 3179 645 3244 solutio
665 3179 764 3240 edhuc
782 3181 861 3242 iectu
882 3182 1052 3254 pensitet

41 3266 109 3327 solue
123 3275 224 3329 exstet
243 3274 415 3328 contrectes
440 3268 645 3328 consensurus
660 3269 816 3344 perfectus,
833 3270 902 3346 quie
919 3270 1052 3331 vendens

42 3361 78 3413 oet
94 3357 210 3420 debitor
230 3356 349 3434 speciei,
370 3357 433 3417 sive
446 3356 490 3418 rei
506 3357 645 3432 vendites,
660 3373 726 3434 quae
738 3358 763 3416 si
776 3366 889 3434 pereat,
912 3374 931 3417 e
953 3357 1052 3417 debito

40 3439 189 3520 libonotum
204 3447 331 3524 ideoque
351 3445 478 3524 emptori
497 3445 575 3522 perit
588 3449 638 3518 (2).
667 3447 741 3508 Hinc
764 3447 789 3506 si
805 3463 900 3524 equus
916 3444 1054 3510 venditus

42 3534 186 3609 morietur,
200 3536 247 3596 vel
264 3536 344 3597 turto
361 3535 399 3596 sit
422 3535 547 3608 obtutus,
568 3533 594 3594 si
607 3535 714 3598 domus
726 3533 863 3615 ipoendio
877 3540 1054 3611 consumpte

44 3616 99 3702 tot,
115 3623 259 3692 deuncem
271 3625 311 3687 od
328 3630 497 3706 emptorem
521 3622 649 3703 pertinet
664 3626 722 3700 (3);
742 3629 774 3686 et
786 3640 874 3685 verso
886 3623 952 3685 rice
963 3639 1053 3686 omne
