2592 4018
629 144 769 200 ..M-..-

186 267 289 328 simile.
305 271 337 328 ln
350 265 446 326 arrhis
459 265 488 326 id
503 271 548 328 eet
565 266 680 343 legibus
692 271 892 328 Romanorum
907 269 1048 337 cautum,
1063 271 1092 326 et
1107 263 1144 324 ab
1157 281 1208 326 ea-

184 356 345 416 clesiastlca
371 355 456 430 praxi
483 357 690 428 observatum,
719 357 799 432 quod
828 354 878 431 qui
907 354 1012 414 arrhas
1033 353 1129 424 dedit,
1156 371 1209 413 eas

184 444 307 514 amittat,
322 445 413 521 etqui
434 444 558 520 accepit,
575 445 739 522 duplicatas
756 445 880 506 reddero
896 451 1041 514 teneatur,
1058 442 1083 502 si
1101 442 1210 518 injuste

184 550 202 592 a
215 532 402 608 sponsalibus
413 533 533 607 resiliat,
548 544 578 594 et
591 534 617 592 si
631 534 669 594 ait
682 534 788 609 major,
809 533 858 609 qui
873 531 1010 608 accepit:
1027 548 1095 590 nam
1110 530 1210 592 minor

184 637 243 680 non
254 621 284 680 in
298 623 429 697 duplum,
441 622 495 682 sed
507 623 658 683 tantumiu
672 622 809 698 simplum
822 627 937 680 tenetur
951 624 1001 692 (ἓ).
1012 620 1041 680 si
1055 637 1126 680 vero
1141 619 1211 694 quis

183 710 401 785 aeponselibus
413 711 492 786 juste
518 710 637 784 resiliat,
657 717 691 770 ut
715 717 795 786 puta,
818 710 888 784 quia
906 708 1069 784 ingreditur
1088 707 1210 784 religio-

182 814 252 858 uem
263 800 468 875 approbatam,
488 807 539 859 aut
558 799 625 874 quia
651 798 801 876 sponsalia
823 800 976 860 solvuntur
1003 803 1106 858 mutuo
1134 813 1211 857 con-

182 903 283 960 sensu,
298 900 349 948 aut
370 888 438 965 quia
452 890 527 950 alter
546 906 585 948 ex
599 889 717 965 sponsis
740 887 876 962 moritur,
901 888 998 948 arrhae
1014 885 1211 948 restituendae

184 982 267 1052 sunt,
283 982 372 1054 prout
385 977 504 1038 fuerunt
517 985 649 1053 accepte
664 981 716 1052 (3).

214 1156 251 1222 (l)
265 1155 331 1222 Cap.
356 1156 397 1214 29.
414 1156 448 1208 de
463 1157 558 1224 Spons,
573 1161 600 1208 et
619 1157 638 1208 l.
656 1157 679 1216 5,
700 1156 758 1208 cod.
777 1156 835 1208 eod.
851 1181 882 1194 -
894 1147 934 1221 ’(ἳ)
952 1155 1001 1207 cit
1019 1155 1037 1207 l.
1054 1155 1078 1219 5,
1095 1155 1154 1206 cod.
1171 1155 1208 1207 de

184 1227 280 1296 Epona.
296 1255 324 1265 -
342 1229 375 1290 (3)
390 1228 420 1279 L.
438 1227 462 1286 3,
477 1229 534 1279 cod.
554 1228 612 1280 eod.
633 1228 699 1279 Cum
714 1229 802 1279 arrbae
817 1228 871 1278 sint
889 1241 987 1293 poenm,
1004 1231 1036 1277 ut
1057 1226 1211 1278 attendenti

183 1299 334 1358 innotescit,
351 1299 419 1350 ratio
434 1311 487 1349 nou
501 1299 678 1363 cognoscitur,
696 1313 745 1350 our
762 1303 851 1349 teneat
862 1300 889 1350 in
905 1297 1078 1363 sponsalibus
1089 1297 1210 1362 stipula-

183 1370 220 1421 tio
237 1370 389 1428 arrharum,
405 1383 457 1420 non
471 1383 533 1420 vero
547 1383 696 1434 poenarum.
713 1369 841 1420 Doctores
852 1368 975 1430 efferunt,
992 1368 1088 1420 arrhas
1101 1381 1155 1418 non
1169 1368 1211 1418 ita

182 1445 214 1492 ul
226 1455 324 1508 poeuae,
338 1440 500 1491 matrimonii
514 1440 667 1491 libertatem
681 1439 816 1500 minuere;
829 1454 891 1490 uam
906 1441 1003 1498 arrbae.
1014 1446 1045 1490 ut
1058 1439 1211 1505 plurimum

183 1511 287 1575 exiguae
303 1517 366 1563 sunt
380 1524 432 1570 res,
444 1525 506 1577 quae
521 1511 610 1562 statim
625 1510 776 1568 traduntur,
791 1517 818 1562 et
828 1525 915 1575 poenae
931 1525 963 1562 ex
977 1512 1088 1563 aduerso
1099 1512 1210 1574 gravio-

183 1595 226 1633 res
241 1581 303 1646 plus
317 1594 394 1646 aequo
412 1595 472 1632 esse
487 1588 608 1646 possunt,
623 1595 684 1646 quae
699 1587 801 1631 tantum
819 1583 1023 1646 promittuntur,
1036 1595 1096 1632 cum
1115 1582 1143 1632 iu
1166 1582 1211 1632 sie

184 1651 363 1719 promittendo
380 1653 505 1704 facillime
518 1665 577 1704 sese
593 1651 732 1704 alluudant
743 1652 873 1716 homines,
883 1653 982 1716 ouibus
996 1652 1058 1716 plus
1072 1664 1146 1716 saepe
1162 1657 1209 1703 est

184 1724 213 1773 iu
233 1736 289 1786 spe,
305 1737 385 1788 quam
400 1724 427 1773 iu
447 1735 485 1774 re.
502 1723 557 1773 dlii
570 1722 638 1773 alias
651 1722 759 1789 proprio
780 1728 864 1774 marte
879 1723 930 1773 sibi
946 1723 1046 1774 cudunt
1061 1725 1210 1788 utriusque

182 1793 312 1860 principii
321 1793 448 1845 rationes.
459 1795 495 1844 At
504 1806 557 1844 nou
567 1795 672 1856 desunt,
682 1794 729 1858 qui
742 1795 879 1860 appellent
891 1794 925 1845 ad
939 1793 1093 1844 miserabile
1101 1793 1210 1846 iuliani

182 1865 325 1930 refugium,
339 1868 385 1931 qui
405 1865 432 1915 iu
454 1865 512 1928 lege
525 1867 555 1916 to
568 1864 595 1916 u.
612 1866 645 1915 de
660 1865 711 1930 leg.
731 1865 768 1916 lta
782 1866 911 1930 scriptum
927 1865 1054 1930 reliquit:
1070 1863 1131 1916 Non
1147 1879 1208 1918 om-

181 1935 268 1996 nium,
283 1949 341 2004 qua
362 1935 541 2002 amajoribus
560 1935 659 1989 nostrat
678 1935 824 1988 constituto
840 1935 998 1998 contraite
1015 1935 1093 1987 reddi
1108 1939 1208 2003 potest.

181 2006 320 2072 Alioquin,
331 2013 360 2058 ut
374 2007 482 2070 subjicit
499 2008 732 2067 Naracustoma
744 2006 839 2066 eatis,
853 2019 910 2074 que
923 2010 997 2060 carto
1010 2011 1083 2071 nint,
1094 2007 1208 2059 subuer-

183 2081 312 2132 larentur.
326 2079 344 2129 l.
357 2078 397 2138 tl,
413 2077 440 2128 n.
455 2077 513 2129 aod.

216 2295 278 2352 att.
298 2291 484 2368 sponsalium
499 2296 670 2351 contractus
687 2289 816 2366 legitime
830 2289 920 2350 initus
932 2287 963 2348 in
984 2289 1050 2349 loro
1072 2287 1206 2366 interno,

180 2389 211 2443 et
225 2396 327 2442 coram
341 2385 400 2458 Deo
415 2379 529 2440 validus
543 2387 599 2453 cat,
614 2379 684 2440 licet
697 2385 824 2454 nequeat
838 2376 968 2455 probari,
982 2385 1013 2439 et
1025 2377 1055 2437 in
1072 2379 1136 2438 loro
1148 2396 1206 2438 ex-

180 2477 266 2532 terno
280 2487 368 2532 suum
382 2470 470 2530 habet
485 2471 632 2542 ellectum,
645 2469 694 2528 ubi
706 2485 760 2544 pcr
770 2468 898 2544 partium
911 2467 1140 2542 contessionem,
1152 2477 1208 2530 aut
1292 2543 1293 2548 γ

179 2574 234 2634 per
246 2565 348 2631 testes,
364 2565 415 2617 aut
438 2557 496 2617 alio
509 2557 600 2618 modo
615 2557 768 2633 probetur,
784 2555 897 2615 etiamsi
916 2558 997 2617 nulla
1013 2566 1138 2616 externa
1152 2573 1207 2616 so-

178 2645 315 2705 lemnitas
327 2645 415 2705 luerit
427 2645 567 2705 adhibita.
580 2645 662 2704 Unde
676 2643 850 2704 Benedictus
861 2648 919 2703 lllll
930 2645 1078 2720 sapienter
1087 2652 1205 2721 mouet,

178 2733 208 2793 in
223 2734 408 2794 celebrandis
422 2731 611 2810 sponsalibus
626 2733 716 2794 tutius
738 2749 815 2805 esse,
832 2731 857 2791 si
871 2732 935 2808 ipsa
955 2731 984 2791 in
1005 2731 1114 2793 tabulis
1129 2749 1207 2792 exa-

177 2829 291 2894 rentur,
304 2830 337 2882 ut
352 2821 471 2899 probari
485 2827 594 2897 queant
609 2826 660 2894 (l).
687 2822 777 2896 liujus
800 2826 971 2880 contractus
993 2821 1116 2881 effectus
1130 2827 1206 2882 aunt

178 2917 346 2984 neutralitas.
363 2911 470 2982 Primo,
486 2910 657 2985 desponsati
672 2909 702 2968 iu
717 2907 898 2982 conscientia
910 2909 1125 2985 obliganlurad
1136 2926 1205 2970 ma-

179 2996 349 3058 trimonium
374 2999 620 3070 contrahendum,
643 3015 822 3074 quamquam
837 3005 986 3073 nequeant
1000 2998 1148 3074 sponsalia
1170 2999 1205 3059 iu

177 3087 243 3145 loro
256 3093 382 3146 externo
397 3086 525 3162 probare
540 3104 548 3159 ;
565 3085 693 3163 ideoque
713 3085 782 3146 huic
803 3085 972 3162 obligationi
995 3103 1055 3145 nou
1078 3103 1201 3163 parens,

177 3193 216 3236 cx
231 3176 363 3236 omnium
387 3182 545 3237 Doctorum
568 3176 713 3237 sententia
735 3174 863 3252 graviter
886 3181 1004 3251 peccat,
1027 3176 1096 3253 quia
1114 3176 1145 3236 iu
1165 3193 1203 3240 re

179 3266 352 3343 gravissima
366 3265 464 3348 datam
476 3266 565 3326 fldem
580 3265 689 3340 injuste
703 3265 785 3325 lallit.

212 3356 358 3428 secundo,
371 3355 543 3431 desponsati
558 3355 646 3416 etiam
660 3354 690 3414 in
705 3355 770 3414 loro
785 3360 911 3414 externo
925 3355 963 3415 ad
977 3354 1204 3418 matrimonium

176 3444 413 3505 contrabendum
429 3444 596 3520 obligentur
611 3461 618 3517 3
633 3443 774 3519 undequi
788 3442 968 3519 promissum
982 3452 1091 3518 servat,
1106 3442 1132 3504 si
1145 3461 1201 3505 ve-

68 3611 73 3623 ,
173 3541 274 3596 rentur
287 3533 407 3596 alterius
420 3533 704 3610 prevaricationem,
718 3537 817 3609 potest
839 3548 943 3594 coram
964 3532 1110 3612 Episcopo
1124 3531 1203 3600 inita.
