2432 4078
480 217 637 274 -329-

75 335 165 400 tultum
182 338 267 398 dehet
289 337 447 415 sustinere,
472 337 528 398 uisi
552 337 706 416 aeqrmliter
732 351 826 418 penes
854 339 1007 402 dominum
1028 357 1079 404 res

74 424 187 500 peritum
199 427 361 502 fuissetttt).

72 576 199 713 -(¹()3)ccai¹i'
213 579 413 717 {saffi‘tqepom'
429 607 460 618 -
475 578 584 645 (tmen.
599 577 624 640 i,
639 579 698 634 eod.
709 582 737 634 et
752 579 788 634 lb.
800 579 981 636 Glossrcrbo
991 579 1079 648 maipa.

96 852 151 910 ota.
170 857 297 924 Quartus
310 853 430 914 demum
444 857 616 913 contractus
621 852 710 913 realis
721 859 768 914 est
778 854 897 930 pignus,
910 855 991 931 qnod
1004 855 1077 916 defi·

66 937 143 1012 nitur,
158 949 324 1002 contractus
337 941 437 1012 reatu,
451 957 507 1018 quo
522 958 601 1002 reso
618 941 741 1002 debitore
755 943 891 1002 meditari
904 942 1035 1003 traditur
1044 945 1080 1004 io

66 1028 240 1090 commutem
253 1031 355 1090 aediti
368 1046 402 1090 ca
417 1029 485 1106 lcpc,
503 1037 538 1090 ut
550 1029 646 1090 soluto
661 1028 761 1100 debito,
785 1047 831 1089 res
846 1031 879 1090 iu
892 1033 982 1106 specie
994 1033 1081 1092 resti-

65 1119 167 1176 tuatur.
198 1123 233 1178 ln
255 1119 380 1196 pignore
394 1133 444 1178 res
460 1117 491 1177 in
514 1116 705 1177 securitatem
726 1117 829 1178 crediti
852 1119 987 1194 traditur,
1007 1127 1037 1180 ct
1049 1120 1080 1180 in

64 1200 115 1262 hoc
136 1205 245 1282 pignus
268 1207 366 1267 differt
387 1207 425 1266 ab
447 1205 626 1283 hypotheca,
646 1205 677 1264 in
704 1223 763 1282 qua
778 1205 871 1268 resin
891 1207 1082 1270 securitatem

63 1291 158 1352 crediti
172 1294 255 1356 nuda
276 1295 474 1356 conventione
494 1294 650 1370 obligatur,
673 1288 743 1370 quin
766 1295 918 1378 actualiter
935 1296 1080 1359 tradatur.

62 1383 197 1444 ceterum
212 1384 313 1460 quoad
332 1386 471 1444 effectum
492 1383 568 1444 inter
588 1384 705 1460 pignus,
730 1390 760 1444 et
779 1384 979 1460 hypothecam
1000 1385 1082 1446 nulla

60 1472 254 1533 communiter
274 1471 438 1532 admittitur
461 1472 620 1532 distinctio.
644 1477 751 1545 Unum,
784 1479 814 1532 et
848 1472 904 1532 alia
926 1473 1082 1548 dupliciter

59 1561 253 1634 consituitur,
273 1561 411 1622 nimirum
436 1563 599 1638 specialiter
618 1564 666 1623 vel
687 1561 878 1638 censualiter,
903 1570 932 1623 et
951 1579 1083 1639 expressa

59 1649 100 1708 rel
115 1652 209 1713 tacite.
227 1652 361 1728 speciale
379 1652 497 1729 pignus,
512 1653 559 1712 vel
578 1653 746 1728 hypotheca
760 1659 815 1725 est,
837 1669 906 1713 eum
918 1670 977 1712 nna
990 1670 1039 1712 res
1052 1654 1082 1712 in

55 1735 216 1816 individuo,
233 1747 285 1800 aut
298 1743 399 1818 plures
421 1741 451 1800 in
467 1740 662 1802 determinata
681 1742 791 1817 specie,
811 1742 859 1801 vel
870 1733 982 1816 'genere
996 1742 1082 1820 oppi-

56 1835 236 1904 gnorantur3
253 1830 393 1906 generale
406 1845 478 1889 vero
494 1845 563 1888 cum
578 1831 676 1889 omnia
690 1831 769 1889 bona
785 1829 916 1902 mobilia,
929 1836 967 1890 et·
976 1831 1082 1891 immo-

52 1915 126 1991 bilia,
139 1918 303 1994 praesentia
312 1925 342 1978 et
356 1920 455 1978 sutura
470 1916 596 1992 pignori,
608 1917 670 1977 sive
683 1918 860 1993 hypotheca
875 1917 1082 1994 subiiciuntur.

53 2005 161 2067 Deinde
175 2009 298 2084 pignus,
309 2013 339 2067 et
351 2007 520 2082 hypotheca
531 2022 676 2076 expressa
689 2005 860 2082 intelligitur
870 2023 924 2082 per
935 2023 982 2080 se,
994 2007 1084 2067 tacita

50 2100 148 2155 autem
162 2101 303 2168 vocatur,
317 2111 385 2155 cum
397 2095 509 2170 absque
524 2110 666 2168 expressa
680 2093 878 2154 conventione
890 2093 928 2153 ab
942 2094 1084 2170 ipsalege

49 2178 215 2259 inducitur,
231 2191 266 2244 ut
277 2186 379 2244 lavore
394 2182 498 2242 uxoris
511 2199 566 2258 pro
578 2181 648 2242 dote
667 2181 698 2240 in
714 2181 802 2242 bonis
816 2183 913 2243 mariti
930 2187 982 2257 (t),
997 2190 1027 2244 et
1040 2184 1083 2243 ia-

47 2285 117 2334 vore
139 2271 289 2334 Ecclesiae
308 2271 339 2330 in
360 2270 448 2331 bonis
465 2270 590 2343 praelati,
615 2270 677 2330 sive
696 2269 943 2330 administratoris
964 2271 1011 2331 aui
1031 2276 1083 2346 (2),

50 2361 116 2434 una
127 2359 271 2422 Ecclesia
281 2361 391 2436 gaudet
403 2359 470 2436 Jnre
482 2357 631 2419 minorum
642 2362 696 2433 (3),
708 2357 759 2436 qui
773 2374 812 2418 ex
825 2359 893 2434 jure
905 2357 984 2418 civili
997 2359 1085 2420 simili

45 2447 209 2527 privilegio
222 2449 382 2518 fruuntur(
402 2453 423 2520 ).

79 2542 125 2598 Ex
137 2540 216 2615 jure
229 2537 375 2598 canonico
396 2534 565 2611 specialiter
583 2540 703 2595 cautum
721 2539 778 2608 cst,
793 2534 902 2610 pignus
918 2550 980 2594 non
993 2549 1084 2610 posse

45 2626 198 2688 constitui
210 2626 242 2685 in
260 2642 294 2685 re
313 2641 409 2697 sacra,
426 2629 458 2683 ut
478 2623 508 2682 in
531 2624 634 2697 calice,
649 2629 767 2699 patena,
783 2622 967 2682 vestimentis
980 2627 1083 2684 Sacer-

43 2714 208 2777 dotalibus
232 2729 289 2790 pro
314 2713 409 2774 Missae
432 2711 596 2787 Sacrificio,
619 2713 650 2771 in
673 2710 758 2771 libris
779 2711 910 2786 missalis,
934 2711 1084 2787 Breviarii,

42 2803 189 2877 iiilualiS,
208 2811 279 2877 etc,
294 2801 351 2864 nisi
369 2803 399 2862 in
415 2818 488 2862 casu
498 2801 631 2876 urgentis
645 2801 829 2862 necessitatis
842 2799 881 2860 ad
893 2800 1085 2863 redimendos

42 2895 207 2970 captivos,
221 2893 270 2952 vel
288 2892 396 2968 inJuste
408 2897 585 2960 carceratos,
601 2890 683 2949 etad
697 2889 940 2949 extraordinariae
952 2891 1086 2966 aegestati

42 2981 298 3042 succurrendum
313 2985 364 3056 (5).
380 2985 453 3040 item
474 2978 548 3037 illud
561 2987 682 3038 cautum
703 2984 757 3052 cst,
779 2977 859 3054 qnod
872 2982 1023 3054 PraelatuS,
1037 2979 1087 3040 vel

36 3070 256 3132 beneficiatus
274 3087 330 3146 pro
350 3069 525 3130 necessitate
539 3083 592 3126 sua
604 3083 664 3128 non
680 3074 779 3143 potest
789 3067 868 3126 hona
881 3069 1028 3140 ecclesiae,
1038 3069 1086 3136 vel

37 3157 196 3220 beneficii
212 3158 339 3234 pignori,
348 3164 400 3217 aut
410 3157 586 3232 hypothecae
594 3155 750 3231 suincere,
759 3155 820 3215 etsi
828 3156 887 3216 hoc
900 3157 1011 3229 iecerit,
1024 3157 1086 3215 nul·

36 3247 109 3309 liter
119 3247 209 3325 egit,
220 3252 250 3306 et
259 3245 385 3306 ecclesia
394 3244 545 3322 optionem
555 3244 643 3304 habet
653 3244 806 3319 repetendi
816 3244 934 3320 pignus,
955 3251 1006 3303 aut
1019 3259 1087 3302 con·

36 3333 202 3397 veniendi
223 3334 372 3394 haeredem
387 3337 437 3408 (6).
453 3339 576 3393 hemum
590 3332 680 3392 homo
694 3332 769 3393 liber
781 3350 842 3391 non
857 3338 955 3408 potest
970 3329 1086 3406 pignori

35 3424 202 3504 obligari,
217 3423 273 3485 etsi
295 3440 355 3483 non
369 3422 479 3483 habeat
492 3423 641 3500 quomodo
660 3421 766 3482 debitis
779 3423 841 3482 suis
856 3421 1017 3481 satisfaciat
1032 3426 1084 3495 (7).

41 3641 53 3662 ,
64 3593 110 3661 (t)
126 3591 214 3656 Gap.
226 3589 250 3651 5,
264 3589 298 3643 de
309 3590 414 3656 pigner.
425 3602 456 3628 ·-·
468 3588 505 3654 (2)
518 3589 604 3642 Gloss.
619 3587 649 3640 in
660 3589 705 3641 cit.
720 3601 779 3654 cap.
792 3588 817 3651 5,
830 3585 913 3638 verbo
921 3583 1046 3650 uitione.
1056 3611 1086 3626 -
