2426 4070
580 89 740 146 -rta-

155 231 285 292 quorum
299 210 549 289 contemplatione
562 210 617 272 luit
634 210 746 284 datum,
761 209 813 286 qui
824 205 976 270 ludultarii
988 207 1186 284 appellantia]

156 303 266 380 quique
287 304 317 362 in
340 303 450 374 fronte,
474 301 523 360 vel
544 299 574 358 iu
594 298 797 375 inscriptione,
821 304 851 358 et
869 297 1049 374 quandoque
1072 296 1114 354 in
1137 295 1186 370 ips

157 408 286 466 corpore
300 389 403 450 Brevis
413 388 605 448 nominantur
617 391 668 460 (t).
684 387 759 448 lliue
772 387 960 460 indultarius,
976 391 1098 446 mutata
1113 385 1186 442 hah

157 479 280 554 tatione,
296 495 400 538 secum
412 477 519 554 privati
539 477 661 538 oratorii
674 475 861 552 privilegium
874 475 970 534 defert
981 479 1038 548 (Ξ),
1054 481 1093 534 et
1115 473 1143 532 si
1162 472 1186 532 ir

156 567 311 640 dultarius,
321 559 369 626 vel
382 581 461 624 uotis
476 581 581 624 eorum
595 581 730 640 praeseus
744 581 804 622 uon
818 563 865 636 sit,
881 579 943 622 non
958 567 1058 638 potest
1075 561 1114 619 iu
1135 577 1186 619 ora

156 657 234 716 torio
248 655 365 741 privato
379 669 500 712 sacrum
516 653 581 713 lieri
595 669 698 713 coram
716 653 773 712 alio
785 652 873 712 etiam
886 651 924 710 de
937 653 1003 727 ejus
1013 649 1140 710 familia
1158 666 1167 720 3
1185 669 1186 706 l

157 761 229 804 vero
248 744 314 820 ipse
327 743 365 804 sit
378 759 522 820 praesens,
538 757 658 802 sacrum
672 741 702 800 in
716 741 764 800 die
777 741 865 814 testo,
879 738 1014 816 exceptis
1027 737 1186 798 solemni<

156 833 239 893 ribus
261 831 367 892 diebus
382 835 433 904 (3),
452 848 507 906 pro
530 829 672 906 praecepti
690 829 888 890 satisfactione
902 829 1026 905 prodest
1039 825 1186 900 omnibu

157 920 250 998 quiin
262 921 369 981 eodem
382 919 496 978 indulto
511 919 632 980 luerunt
645 921 750 978 saltem
764 917 795 976 iu
809 934 920 993 genere
931 916 1100 992 designati,
1118 921 1153 973 et
1168 907 1186 971 d

156 1009 295 1087 Episcopi
320 1007 439 1069 licentia
460 1013 559 1083 potest
583 1007 694 1066 ibidem
718 1005 919 1079 Eucharistiae,
945 1011 975 1065 et
1004 1001 1186 1064 Paenitentia

158 1103 379 1159 sacramentum
394 1095 554 1156 ministrari
568 1099 619 1169 (t).
635 1101 669 1154 nt
686 1096 787 1170 plures
799 1094 829 1154 iu
843 1093 988 1153 similibus
1000 1091 1136 1152 indultis
1151 1107 1186 1164 ap

158 1193 310 1262 ponuntur
325 1183 521 1258 conditiones,
545 1201 620 1260 quas
641 1183 792 1259 explicant
805 1189 964 1254 auctores,
980 1187 1010 1241 et
1023 1179 1186 1256 praesertin

159 1279 288 1336 ioannes
301 1275 431 1350 Baptista
446 1273 555 1334 Gallico
570 1273 600 1332 iu
616 1289 672 1332 suo
686 1271 807 1347 speciali
822 1287 914 1348 opere
927 1271 965 1330 de
979 1269 1133 1330 oratoriis
1148 1270 1186 1326 de

158 1362 292 1423 mesticis
305 1368 336 1422 et
357 1361 548 1437 nuperrimae
568 1367 629 1420 Van
648 1365 793 1420 Gamereu
814 1361 853 1420 de
867 1359 1005 1420 oratoriis
1017 1357 1157 1434 publicis
1176 1373 1186 1416 ε

160 1451 294 1529 privatis.
310 1455 480 1532 Haelomnes
500 1449 688 1509 conditiones
706 1449 828 1508 omniuo
844 1455 915 1508 sunt
936 1447 1153 1518 observandae,
1173 1461 1186 1503 u

160 1541 256 1618 valeat
268 1538 373 1616 gratia,
393 1537 441 1598 vel
453 1543 485 1598 ut
499 1537 606 1599 vitetur
621 1541 803 1614 peccatum(
823 1543 844 1610 ),

192 1693 227 1758 (Ι)
241 1693 308 1744 dum
322 1691 375 1744 hoc
393 1692 563 1758 privilegium
587 1692 622 1744 sit
645 1693 797 1758 personale,
813 1693 917 1758 expirat
932 1695 1018 1744 morte
1044 1693 1136 1754 illiue,
1152 1704 1186 1755 qu

163 1763 232 1815 illud
249 1763 374 1824 obtinuit,
388 1777 441 1812 non
455 1769 541 1814 morte
566 1764 745 1814 concedentis.
761 1791 791 1802 -
806 1765 842 1828 (2)
856 1764 908 1815 Sed
932 1777 1001 1814 nova
1019 1764 1156 1820 visitatio,
1175 1775 1186 1811 e

167 1833 328 1900 approbatio
341 1833 477 1886 Ordinarii
490 1834 646 1898 requiritur,
656 1839 686 1884 ut
700 1834 775 1886 locus
785 1834 933 1886 declaretur
946 1841 1034 1900 aptus.
1050 1836 1079 1885 Si
1091 1835 1185 1886 duobu

163 1905 322 1970 conjugibus
343 1905 394 1955 hoc
411 1904 545 1956 indultum
568 1905 739 1964 concedatur,
765 1910 792 1957 et
816 1907 922 1957 dicatur
941 1907 1066 1970 conjugis
1080 1913 1186 1958 matreu

163 1990 243 2041 posse
258 1989 348 2026 coram
363 1988 392 2026 se
416 1976 527 2026 missam
542 1975 673 2026 celebrari
695 1977 794 2039 lacere,
809 1975 889 2030 etiam
905 1979 964 2040 ipsa
977 1977 1131 2028 indultaria
1146 1978 1186 2026 est

164 2047 225 2098 Bul.
240 2045 336 2110 Meque
351 2045 489 2096 Benedicti
501 2045 575 2096 XIV.
593 2073 620 2082 -
632 2045 668 2111 (3)
682 2045 762 2098 Tales
773 2047 831 2099 dies
845 2047 1022 2098 solemniores
1036 2050 1131 2100 solent
1146 2047 1186 2096 de⁴

163 2117 230 2168 clari
245 2117 273 2166 in
296 2115 458 2166 calendariis
470 2115 608 2167 variarum
623 2116 797 2168 dioecesium:
813 2132 866 2168 nou
881 2118 952 2168 enim
967 2124 1031 2169 suut
1046 2119 1132 2170 iidem
1147 2130 1186 2182 pe⁴

163 2199 213 2239 nes
225 2198 326 2236 omnes.
340 2185 376 2234 La
391 2181 470 2235 Croix
486 2185 513 2234 in
526 2185 607 2236 theol.
620 2187 714 2237 moral.
725 2185 773 2245 le,
788 2193 858 2252 part.
867 2201 895 2238 u.
908 2187 963 2238 att.
979 2187 1152 2254 Quandoque
1162 2193 1186 2235 ta

163 2269 226 2308 men
239 2256 268 2305 in
282 2255 385 2306 indulto
395 2255 424 2305 hi
439 2255 497 2308 dies
511 2255 687 2308 solemniores
700 2271 754 2308 non
770 2258 968 2319 excluduntur;
983 2258 1067 2310 immo
1091 2270 1186 2325 praesu

162 2333 274 2380 muutur
287 2340 342 2378 non
363 2326 477 2390 exclusi,
500 2340 561 2377 cum
579 2327 660 2377 datur
683 2328 817 2380 indultum
839 2330 943 2380 ratione
966 2330 1145 2390 intirmitatis,
1167 2335 1186 2376 ul

166 2397 313 2449 declaravit
330 2397 358 2446 S.
374 2397 550 2462 congregatio
575 2397 619 2448 die
640 2397 790 2462 tijauuar.
812 2399 881 2458 tiit,
902 2404 971 2450 teste
991 2401 1141 2452 Zaccharia
1162 2395 1186 2446 ac'

165 2469 205 2520 La
219 2467 299 2518 Groix
309 2468 360 2519 loc.
374 2469 419 2518 cit.
429 2495 461 2504 -
476 2468 512 2532 (4)
529 2467 589 2520 Bul.
605 2467 649 2518 cit.
659 2467 756 2533 Mcpao
771 2469 911 2520 Benedicti
925 2469 1000 2524 Xlll.
1018 2501 1045 2508 -
1061 2474 1098 2538 (5)
1119 2472 1186 2522 Prae*

168 2539 256 2604 cipum
271 2539 400 2590 clausulae
413 2537 513 2603 apponi
528 2537 615 2588 solitae
633 2542 697 2590 sunt
712 2559 718 2589 :
736 2539 758 2591 t·
775 2535 843 2604 Tibi,
858 2540 915 2606 qui,
932 2545 962 2594 ut
976 2541 1083 2606 asseris,
1101 2541 1132 2592 dc
1148 2551 1186 2590 ao

169 2609 218 2662 diti
238 2622 334 2674 qaaere
347 2612 515 2675 procreatus,
537 2612 598 2674 ctu,
612 2609 647 2660 ad
668 2623 749 2678 quam
771 2611 935 2678 implendam
959 2613 1057 2665 sufficit
1070 2611 1186 2666 nobilitat

169 2681 284 2745 simplex
295 2680 399 2730 dataerr
409 2680 539 2738 beneflcio
553 2679 697 2746 Principis.
711 2681 740 2731 S.
755 2682 931 2746 congregatio
942 2685 971 2735 in
980 2683 1082 2738 Fauen.
1096 2685 1123 2736 u
1133 2677 1186 2732 mail

170 2752 240 2812 1745,
255 2755 324 2802 teste
341 2750 487 2802 zaccharia
503 2751 537 2800 ad
552 2751 590 2800 La
608 2750 687 2812 Croix
699 2753 750 2802 loc.
764 2753 808 2804 cit.
823 2755 848 2803 ¹2·
862 2753 896 2808 ln
906 2756 1019 2820 priuato
1036 2755 1130 2808 danaus
1146 2757 1186 2805 trra

170 2821 298 2884 oratoria,
315 2820 354 2872 od
375 2819 422 2871 hoc
443 2819 567 2873 decenter
581 2835 660 2873 lucro
678 2827 820 2886 castancto,
834 2828 859 2877 et
875 2831 1001 2880 oracta...
1020 2827 1054 2879 ed
1076 2823 1186 2880 ornatibus

168 2891 319 2942 detraesticia
333 2889 422 2942 usibus
437 2890 536 2942 libero:
553 2906 614 2957 quae
630 2894 753 2944 clausula
768 2895 838 2947 iuter
850 2897 903 2946 alia
918 2898 1027 2957 iudicat,
1044 2897 1186 2950 oratorium

170 2963 269 3014 debere
284 2975 344 3012 esse
359 2961 515 3012 distinctum
539 2965 698 3028 parietibus,
719 2969 746 3016 et
761 2973 885 3016 ornatum
900 2969 934 3018 ad
948 2970 1063 3020 formam
1078 2966 1186 3033 copula,

168 3033 232 3083 licet
246 3033 305 3094 eJus
320 3031 471 3082 benedictio
485 3047 538 3082 nou
562 3035 597 3084 sit
620 3037 781 3087 necessaria.
798 3037 851 3088 Sed
866 3039 892 3089 S.
915 3040 1026 3092 Carolus
1041 3042 1068 3091 iu
1082 3036 1186 3092 concilio

171 3101 362 3174 Mediolanensi
377 3101 414 3152 Vl
432 3102 544 3168 insuper
563 3105 729 3170 requirebat,
744 3111 871 3172 utsupra
887 3109 997 3160 domum
1017 3111 1124 3162 oratorii
1139 3117 1186 3157 nou

170 3179 243 3224 esset
253 3173 431 3235 caenaculum,
447 3174 489 3224 vel
504 3174 698 3228 dormitorium.
713 3177 820 3229 liituale
836 3194 898 3230 vero
915 3181 1069 3234 parisiense
1083 3178 1186 3232 ulterius

170 3245 295 3297 talem‘iu
311 3257 342 3294 eo
361 3245 476 3307 requirit
490 3247 707 3310 anaplitudinom,
723 3254 753 3299 ut
768 3255 883 3313 quatuor
898 3253 994 3302 saltem
1009 3249 1183 3319 longitudinis.

173 3323 200 3368 et
215 3315 266 3366 trio
277 3315 437 3379 latitudinis,
452 3329 484 3367 ac
499 3317 649 3369 altitudinis
664 3326 749 3370 nistra
763 3321 870 3382 habeat,
886 3325 913 3372 et
926 3324 1031 3374 nullum
1046 3338 1125 3390 supra
1137 3317 1186 3370 eri·

173 3391 226 3438 stat
240 3387 405 3448 cubiculum,
420 3387 447 3436 in
464 3401 518 3451 quo
532 3388 630 3438 lectum
642 3391 767 3455 cuiquam
783 3394 928 3444 sternatur.
940 3393 994 3444 Sed
1007 3396 1040 3446 de
1052 3397 1083 3446 iis
1093 3397 1118 3444 in
1127 3391 1184 3441 dioe·

172 3459 225 3512 cesi
239 3457 375 3510 (lennensi
392 3458 431 3508 nil
454 3459 630 3512 coustitutum
652 3462 795 3527 reperitur.
810 3464 835 3514 3·
851 3461 937 3517 Unam
955 3465 1067 3519 oausam
1079 3471 1181 3528 unoquo·
