2410 4068
454 141 611 225 -an-
699 205 701 210 ,

59 263 88 330 ll)
99 265 220 318 Attamen
235 265 344 318 collatio
354 263 389 318 ab
403 265 530 330 episcopo
540 263 707 330 expedienda
719 267 770 330 est,
785 263 850 320 dum
868 263 955 319 Sedes
968 265 1042 332 apo·

36 337 111 388 stolica
122 342 198 388 vacat
212 358 220 388 :
234 350 298 388 nam
308 350 395 390 novus
409 337 514 389 electus
531 336 656 388 Pontifex
667 338 757 388 stillim
767 337 796 389 in
811 335 907 402 regula
920 337 959 390 68.
971 337 1041 390 Cen·

37 408 133 458 cellaria
143 408 194 458 sibi
206 413 328 460 reservat
338 421 370 459 ee
384 407 527 469 beneflcio,
541 421 603 473 quae
618 413 749 460 vacarunt
762 412 884 476 tempore
899 408 978 461 Sedis
991 423 1039 460 va-

37 479 237 544 arianaeque
251 479 286 531 ab
302 476 455 532 Ordinariis
464 490 519 528 non
530 478 637 529 fuerant
651 478 771 544 legitime
781 479 886 530 coliata.
901 506 933 516 -
946 481 981 545 (l)
991 479 1040 530 Ri-

37 549 93 612 grnli
105 563 133 600 ac
143 549 187 600 cit.
204 563 261 614 reg.
278 554 348 614 part.
366 551 390 610 l,
407 550 497 613 tin.
512 548 540 599 el
556 550 632 600 etii.
647 547 700 600 Sed
715 551 744 602 in
756 550 935 615 resignatione
945 551 1040 604 obser·

37 619 105 670 vande
116 627 154 671 est
166 620 244 672 bulla
258 619 367 685 θυαηια
379 618 499 672 Ecclesiae
512 620 540 670 S.
558 620 601 670 Pii
619 619 643 672 V
660 633 721 684 quae
735 621 898 686 praescrihit,
919 622 1042 686 resigne-

37 690 104 742 tiooes
115 691 294 744 admittendas
309 694 413 742 tantum
430 705 491 743 csse
508 712 515 741 ι
531 691 581 742 l⁰a
594 692 716 751 senibus.
730 693 757 744 2⁰
776 705 918 757 acorpore
930 693 1042 756 vitiatis,

38 761 56 810 i·
65 775 78 812 a
88 766 242 825 causantis,
256 763 282 813 4⁶
293 761 328 812 ab
343 761 469 823 infirmis,
479 763 505 812 5⁰
515 761 550 814 ab
559 758 722 814 habentibus
733 763 960 831 plurabeneiicia,
970 763 996 814 6·
1006 761 1042 813 ab

38 833 234 898 inquinatione
249 833 450 884 inimicitiarum
468 833 496 884 in
519 832 578 884 ioco
597 833 722 884 beneficii
736 834 787 885 tuti
805 847 860 885 nen
880 837 953 892 sunt,
968 834 994 884 l·
1009 833 1043 885 ab

37 902 68 964 iis,
80 905 120 968 qul
130 905 284 970 religiosam
298 903 494 970 professionem
509 904 631 956 amittere
642 907 763 970 cupiunt,
774 904 847 957 intra
855 905 924 958 duos
935 917 1044 958 menses

38 979 85 1026 ente
95 975 296 1040 professionem.

63 1219 115 1274 sla.
133 1215 278 1291 Exposita
297 1212 403 1290 prima,
415 1218 446 1276 et
463 1215 579 1274 scande
596 1216 692 1276 classe
705 1213 942 1274 reservationum
955 1213 1049 1274 bene·

37 1303 161 1376 liciorum,
177 1310 282 1376 restat,
298 1309 330 1363 ut
344 1319 440 1378 panca
453 1303 651 1378 adjungamus
665 1301 812 1375 delenda,
828 1301 939 1362 scilieet
953 1301 991 1360 de
1000 1318 1049 1362 re·

37 1392 245 1464 servationibus,
264 1407 331 1467 quae
357 1408 412 1466 per
438 1391 639 1466 posteriorum
663 1405 850 1450 summorum
872 1389 1050 1450 Pontificum

38 1480 244 1540 constitutiones
256 1480 343 1540 factae
357 1480 487 1538 fuerunt.
500 1483 542 1538 ita
553 1479 721 1538 Alexander
730 1482 764 1536 Vl
782 1479 945 1539 reservavit
956 1478 1049 1539 bene·

38 1567 89 1626 licia
99 1586 213 1642 eorum,
228 1568 279 1645 qni
293 1567 448 1627 offendunt
461 1565 609 1643 litigantes
624 1566 655 1626 iu
670 1571 802 1628 Romana
814 1566 910 1640 Curia,
927 1585 1048 1630 eorum·

40 1673 83 1728 qvie
92 1658 217 1732 judices,
243 1657 417 1728 advocatus,
433 1663 656 1731 procuratores,
677 1663 778 1729 testes,
792 1657 840 1716 vel
855 1656 1007 1730 notarios(
1026 1660 1048 1728 l.

40 1747 123 1804 lanius
135 1751 170 1806 lv
186 1743 351 1805 reservavit
366 1743 512 1804 beneficia
526 1759 643 1816 eornm,
658 1744 709 1818 qni
729 1761 762 1804 se
776 1744 858 1820 ipsos
872 1761 926 1820 pro
939 1745 1006 1806 eliis
1019 1745 1050 1806 ia

40 1835 147 1893 Romana
163 1834 252 1894 Curia
265 1832 396 1892 examini
411 1837 596 1909 supponunt,
611 1833 660 1892 vel
673 1849 788 1894 annuas
802 1833 962 1908 pensiones
976 1835 1049 1894 olie-

40 1928 153 1998 runtpro
169 1921 391 1998 consequendis
403 1921 566 1991 beneficiis,
582 1927 633 1980 aut
653 1919 798 1980 beneficia
819 1939 837 1981 a
860 1925 938 1999 Papa
955 1922 1048 1998 impe-

41 2015 100 2070 llant
115 2030 170 2088 pro
185 2011 261 2081 aliis,
277 2017 311 2072 ut
325 2009 362 2069 ab
376 2010 481 2072 iisdem
495 2008 606 2085 aliquid
621 2015 853 2085 consequantur,
867 2009 915 2070 vel
930 2011 1050 2086 quando

41 2112 82 2168 pra
103 2117 133 2160 se
155 2101 229 2176 ipsis
253 2100 413 2175 impetrant
442 2114 512 2158 cum
536 2097 700 2156 intentione
726 2098 776 2157 illa
802 2097 972 2174 resignandi
997 2102 1049 2172 (Ξ).

42 2186 92 2247 Pius
111 2193 141 2249 lv
155 2187 321 2250 reservavit
338 2187 494 2258 beneficia,
517 2203 584 2262 quae
606 2192 716 2245 vacant
729 2203 784 2261 per
802 2186 959 2250 simoniam
978 2205 1050 2250 con·

42 2273 198 2338 identiaiem
212 2280 264 2348 (3).
280 2275 349 2336 Pius
364 2281 386 2336 v
400 2274 556 2348 beneficia,
578 2291 645 2350 quae
665 2281 773 2334 vacant
787 2291 842 2351 per
862 2276 975 2336 crimen
989 2278 1051 2336 hae·

43 2362 102 2422 rosis
115 2371 164 2438 (t).
182 2363 341 2440 Gregorius
354 2369 414 2424 lllll
426 2363 572 2424 beneficia
584 2363 710 2422 'nuliiter
726 2363 833 2422 collata
845 2363 883 2424 ab
893 2363 1053 2436 haereticis,

44 2457 66 2507 et
76 2453 208 2527 apostatis
223 2459 282 2528 (ὣς
304 2451 375 2514 item
388 2452 534 2512 beneficia
556 2451 719 2526 resignata,
742 2450 772 2510 in
797 2451 905 2526 quibus
918 2453 1051 2528 resigna·

44 2535 112 2600 lionis
124 2541 284 2616 publicatio
303 2542 381 2604 iacta
396 2557 458 2600 non
479 2539 544 2600 fult.
571 2539 671 2600 sixtus
690 2545 711 2600 V
732 2540 896 2600 reservavit
908 2541 1054 2604 beneficia

44 2629 159 2689 vaenue
173 2637 298 2706 propter
323 2628 465 2690 omissam
490 2626 670 2688 delationem
697 2626 816 2686 babitus
837 2626 987 2708 clericalis·
1001 2632 1053 2702 (6).

45 2716 102 2774 lunt
118 2725 261 2792 praeterea
288 2723 318 2778 et
337 2718 403 2777 aliae
430 2716 649 2776 reservationes
672 2715 839 2791 praesertim
861 2715 1055 2794 particulares

46 2805 122 2947 quload
143 2805 357 2868 determinatus
380 2803 541 2880 Ecclesiae,
566 2803 731 2881 dequibus
755 2803 900 2866 videndae
918 2811 963 2866 est
977 2811 1054 2876 Gon-

46 2899 70 2946 la
79 2907 107 2950 ez
118 2897 166 2966 (l).

69 3087 95 3150 tl)
107 3089 162 3142 Bul.
176 3089 211 3144 In
226 3092 365 3145 eminenti.
379 3089 538 3156 Ventriglia‚
554 3093 617 3141 tom.
633 3089 658 3149 2,
669 3095 758 3142 annot.
770 3093 795 3154 l,
806 3107 833 3144 n.
846 3093 885 3145 88.
901 3125 927 3136 -
942 3095 978 3160 (l)
991 3095 1053 3146 Bul.

45 3153 105 3208 lnior
117 3165 228 3215 caterae.
247 3161 400 3227 Ventriglis
413 3162 480 3214 ibid.
496 3175 524 3212 n.
542 3161 582 3212 el.
599 3188 629 3199 -
643 3161 679 3225 (³)
696 3162 757 3214 Bul.
777 3161 926 3218 Ronlanum
939 3167 1053 3230 Pontifi-

46 3237 96 3289 cem,
109 3246 165 3297 quae
185 3236 360 3286 confirmatur
376 3234 463 3285 ebul.
477 3231 658 3286 intolerabilis
679 3233 706 3283 S.
723 3234 767 3284 Pii
778 3233 802 3286 V
815 3237 861 3301 qui
875 3237 990 3288 ulterius
1003 3237 1051 3286 de-

47 3303 121 3361 crevit,
135 3307 343 3357 reservationem
357 3305 506 3370 procedere
517 3318 571 3355 non
586 3304 674 3355 solum
695 3305 722 3354 in
737 3306 887 3368 beneflciis,
903 3308 932 3356 in
955 3306 1054 3374 quibus

47 3375 168 3426 commisse
180 3378 294 3428 simonia
308 3375 514 3438 conlidentialis,
529 3376 577 3426 sed
591 3375 672 3425 etiam
686 3375 714 3426 in
729 3377 799 3436 aliis,
817 3389 880 3442 quae
896 3375 1055 3427 obtinebant

48 3442 218 3497 confide-ntiarii
235 3447 384 3498 simoniaci.
399 3474 430 3483 -
441 3447 480 3510 (i)
494 3447 553 3498 Bnl.
571 3443 638 3498 Cum
652 3447 827 3511 apostolatus.
841 3474 872 3484 -
890 3446 926 3508 (5)
941 3444 1000 3494 Bul.
1017 3443 1051 3497 In

48 3513 150 3571 cultis.
167 3545 190 3556 -
208 3520 243 3585 (6)
257 3520 318 3572 lini.
341 3517 528 3573 annaneane
545 3516 662 3582 judicio.
688 3545 716 3564 ψ
738 3518 775 3585 (l)
795 3518 856 3570 Bul.
875 3515 942 3570 tiam
960 3529 1052 3570 eame-
