2560 4080
134 321 290 382 concessio
304 320 422 382 termini
432 321 471 381 ad
479 319 648 381 exhibenda
660 323 855 380 monumenta
867 334 976 394 musae,
991 319 1159 396 interroge-

134 409 177 470 tio
190 411 318 488 partium
333 409 395 470 sive
418 409 457 469 ad
470 425 574 470 earum
595 408 775 482 instantiam,
792 408 854 468 sive
877 425 916 469 ex
935 408 1047 484 cilicio,
1062 409 1115 468 ubi
1131 407 1162 470 id

134 499 258 576 aequitas
276 500 410 573 suadeat,
422 500 555 576 receptio
571 497 778 572 corriesslonls,
799 497 899 558 citatio
913 497 1043 574 simplex
1056 498 1097 559 ad
1111 515 1164 559 eu·

110 585 272 684 ldiendem
289 587 476 663 seutentiam,
491 594 522 648 et
535 587 682 648 sententia
694 586 855 664 inscriptis
869 589 986 664 prolate
1000 591 1053 662 (3).

164 757 200 823 (ι)
214 757 299 810 clem.
311 752 385 827 Seps
398 759 432 812 de
446 756 523 811 veri.
538 758 628 825 tigerii.
643 761 814 824 venetenor
834 757 916 823 hnjns
927 758 1034 826 judicii,
1054 761 1082 810 et
1096 772 1164 824 pro·

133 843 228 882 cessus
242 832 383 891 summnril
404 831 566 883 desumitur.
593 830 658 882 ldeo
672 843 735 881 vero
749 843 766 881 c
790 830 897 882 noterio
920 830 1066 882 inserenda
1079 832 1164 883 estin

134 905 211 961 sotis,
223 904 254 952 ut
267 915 318 966 per
333 907 418 954 totum
428 901 526 968 indicii
540 915 651 954 cursum
667 901 700 953 ds
714 915 748 952 es
768 904 881 960 constet,
895 906 923 954 ct
937 905 968 953 ut
977 901 1065 966 judex
1077 902 1166 967 possit

134 971 256 1038 petitioni
266 973 434 1026 conformare
443 973 613 1026 enuntiem.
630 997 662 1012 -
670 972 710 1038 (2)
720 972 797 1024 idom
809 971 953 1024 dicendum
964 972 997 1024 de
1006 975 1164 1038 juramento

135 1043 286 1102 calumniae,
300 1045 407 1110 quando
421 1058 500 1096 casus
514 1047 693 1096 occurret-
707 1043 743 1108 (a)
757 1043 895 1106 Quaeritnr
907 1058 942 1095 nn
954 1044 982 1094 iu
997 1043 1050 1096 hoo
1058 1043 1165 1109 judicio

136 1115 225 1167 locum
238 1114 339 1168 ιιιιιιιι
361 1117 551 1168 reconventioi
573 1115 804 1184 Respondemus,
812 1116 1048 1179 reconventiouem
1074 1117 1167 1172 locum

136 1184 239 1238 hahere
253 1197 343 1250 poseo,
352 1186 418 1239 ulti
411 1199 472 1252 spec
483 1187 656 1238 recenseatis
668 1185 699 1236 ut
708 1185 736 1236 ιιι
750 1175 833 1238 conce
842 1171 984 1251 consimili,
995 1181 1126 1237 nimirum
1136 1185 1166 1238 in

137 1267 224 1308 nnec
233 1258 541 1318 connerinensem
556 1255 603 1308 ulti
617 1257 708 1322 egitur
719 1257 756 1309 de
764 1257 991 1308 macedone
983 1271 1011 1308 ιι
1022 1271 1088 1309 cous
1089 1271 1107 1308 s
1120 1271 1166 1309 cr-

136 1327 327 1392 cessimque
340 1328 444 1381 scilicet
456 1339 613 1394 msam
626 1328 795 1380 ordinarium
803 1329 924 1393 requirit.
940 1327 1019 1380 Retio
1034 1329 1166 1395 estquis

137 1398 237 1464 petitio
245 1400 356 1462 octonis,
371 1403 401 1452 et
408 1400 583 1452 recensendo
595 1399 635 1450 rei
648 1399 677 1450 in
695 1399 792 1452 eodem
808 1399 912 1464 tradicio
929 1398 1077 1451 trectendae
1091 1402 1165 1460 sunt,

137 1469 166 1520 in
180 1481 235 1536 epto
255 1468 427 1536 impendatis»
447 1473 490 1524 cst
510 1477 655 1537 auremque
672 1471 821 1524 observem
840 1471 962 1523 dtrmam.
981 1469 1055 1524 (ilos.
1074 1471 1104 1524 in
1118 1470 1163 1523 cit.

136 1541 226 1596 ctu.
240 1538 325 1611 sep,
338 1543 426 1596 verite
432 1537 554 1610 septen

172 1749 236 1807 906.
255 1745 397 1828 dinamio
413 1745 526 1823 jndicio
544 1746 712 1808 emnmeric
724 1763 787 1806 non
807 1751 853 1806 cet
873 1759 1000 1807 neccsse
1020 1743 1165 1807 adhibere

135 1833 268 1896 menum
284 1835 450 1910 lormalem
465 1847 567 1912 neque
583 1834 665 1898 litem
686 1833 809 1912 proprie
821 1833 983 1897 contestari
996 1837 1050 1911 (l),
1063 1851 1165 1911 neque

137 1921 293 1984 dilationes
317 1923 417 2000 elure
447 1929 571 1984 statutas
585 1921 716 2000 integras
731 1940 852 1984 servare
873 1931 883 1998 (
884 1928 924 1998 2),
939 1941 1038 2001 neque
1052 1921 1166 2000 pluries

137 2011 240 2086 citare,
253 2013 303 2074 vel
323 2030 393 2074 cum
412 2013 625 2098 peremptorio,
644 2029 744 2094 neque
764 2012 967 2089 exceptiones,
986 2015 1035 2074 vel
1060 2013 1168 2092 appel-

135 2095 263 2162 lationes
283 2093 488 2162 d’mtmtcries
508 2091 675 2183 admittere,
696 2119 794 2180 neque
811 2103 965 2179 publicare
985 2118 1167 2179 processum

137 2207 236 2267 neque
249 2191 475 2252 concluderem
486 2205 587 2264 causa,
604 2207 701 2268 neque
713 2191 913 2267 pronunciare
927 2207 1018 2267 super
1030 2190 1171 2252 inciden-

139 2285 178 2354 te,
194 2281 242 2341 rel
256 2287 437 2356 emergente,
450 2297 548 2358 neque
561 2295 682 2341 consere
699 2279 793 2340 terias-
802 2280 833 2339 ln
851 2280 997 2340 honorem
1010 2280 1169 2342 hominum

19 2378 23 2387 ·
136 2367 339 2444 inductam),
355 2383 455 2448 nequae
468 2369 647 2430 sententiam
669 2370 869 2458 pronunciare
882 2387 939 2446 pro
960 2369 1104 2430 tribunali
1117 2387 1167 2430 se-
1277 2441 1278 2446 γ

137 2457 248 2533 dendo,
262 2473 362 2536 nequo
381 2459 553 2536 appellere
545 2475 577 2518 ιιι
590 2458 720 2536 scriptis,
734 2451 783 2518 iel
796 2473 865 2518 cum
881 2475 980 2519 causae
994 2458 1170 2536 expressio·
1277 2499 1278 2542 p

138 2563 187 2622 ne,
205 2547 287 2624 quod
304 2547 404 2609 edhuc
423 2545 582 2624 procedit
573 2565 606 2609 m
619 2547 685 2610 eliis
702 2546 851 2609 similibus
862 2548 989 2625 actions
1004 2547 1167 2625 dequibus

139 2635 261 2697 videndi
273 2642 344 2697 suut
356 2641 500 2700 Doctores
511 2639 563 2710 (t).

175 2796 209 2862 (ι)
223 2797 333 2850 Pdmus
346 2797 419 2850 enim
432 2801 508 2850 ectus
531 2796 766 2858 contredictorins,
780 2797 872 2864 ouidi
887 2798 956 2852 inter
972 2799 1063 2863 partes
1078 2796 1170 2851 locem
1276 2775 1277 2782 ἶ

75 2867 78 2876 “
144 2867 220 2918 tenet
237 2867 440 2920 contestationis
460 2869 526 2931 litis,
542 2881 576 2920 ex
598 2882 651 2934 quc
671 2869 804 2934 seqnitur,
827 2871 900 2937 quod
923 2870 1056 2922 sententia
1078 2873 1174 2935 potest

143 2937 224 2989 etiam
238 2939 304 2990 terri
318 2945 412 2991 contra
424 2946 618 2992 contumacem
633 2938 814 3004 Ridolphlnus
826 2943 895 3006 part
905 2941 930 3007 2
945 2956 969 2994 o.
982 2941 1004 3002 i,
1014 2955 1043 2992 ιι.
1058 2942 1099 2992 26.
1114 2940 1174 2994 Sed

143 3008 258 3075 quisque
272 3015 349 3061 ectus
370 3023 460 3062 ccusae
478 3009 657 3061 notificandas
676 3015 717 3062 est
736 3013 951 3064 coutumecl—
970 3012 1003 3078 (2)
1020 3012 1172 3064 Dilatlones
1275 3025 1276 3044 ³

143 3081 377 3146 possuntqnidem
403 3081 511 3141 arcturi,
532 3095 586 3133 non
603 3095 668 3133 vero
685 3083 793 3146 penitus
813 3083 949 3149 denegari
968 3082 1080 3135 Gloss'
1073 3097 1103 3134 ιιι
1125 3083 1172 3135 cit.

142 3152 225 3208 Glem.
241 3147 324 3218 Sepe.
338 3152 421 3204 verbo
434 3151 491 3207 tion
504 3152 731 3208 contestationem.
748 3179 780 3195 κ·
793 3154 829 3219 (3)
839 3155 943 3206 Feriae
937 3169 966 3206 ιιι
978 3154 1107 3206 honorem
1117 3153 1171 3206 ho-

142 3223 247 3274 minum
263 3222 380 3274 inductae
397 3224 527 3276 suntillee
541 3223 748 3288 vindemiarum,
765 3227 791 3276 ct
809 3225 948 3286 messium.
964 3223 1039 3278 Glos
1053 3224 1106 3278 loc.
1124 3225 1173 3278 cit.

139 3295 223 3346 verbo
237 3293 472 3350 nenecessitatem.
486 3296 563 3360 ῆι)
577 3295 662 3346 Tanto
676 3299 718 3348 est
727 3295 809 3361 hujus
819 3296 916 3362 judicii
926 3296 1050 3356 latitudo.
1065 3302 1097 3349 ut
1106 3309 1176 3362 pos

142 3367 179 3416 sit
188 3365 274 3430 judex
289 3367 450 3417 sententiam
464 3365 555 3430 legare
566 3379 616 3431 per
627 3367 720 3426 elium,
735 3371 762 3417 et
776 3375 850 3419 actor
864 3367 892 3421 iu
906 3367 1002 3420 eadem
1021 3381 1106 3420 censo
1124 3381 1174 3422 cu·

141 3435 246 3488 mulera
268 3436 397 3497 iudicium
414 3435 502 3497 civile,
517 3439 544 3486 et
557 3435 705 3496 ermrinalc
724 3437 970 3502 Ridolphinosloe.
989 3439 1174 3507 cit.1nsuper

139 3514 228 3624 mc
242 3506 376 3570 mutetis,
398 3505 445 3560 sed
460 3505 599 3566 condens
613 3507 789 3568 mutuam
793 3509 1011 3576 Mamm
1025 3509 1052 3578 t,
1066 3511 1131 3564 dist
1145 3511 1173 3571 9.
