<?xml version="1.0" encoding="UTF-8"?>
<!DOCTYPE html PUBLIC "-//W3C//DTD XHTML 1.0 Transitional//EN"
    "http://www.w3.org/TR/xhtml1/DTD/xhtml1-transitional.dtd">
<html xmlns="http://www.w3.org/1999/xhtml" xml:lang="en" lang="en">
 <head>
  <title>
</title>
<meta http-equiv="Content-Type" content="text/html;charset=utf-8" />
  <meta name='ocr-system' content='tesseract 3.04.00' />
  <meta name='ocr-capabilities' content='ocr_page ocr_carea ocr_par ocr_line ocrx_word'/>
</head>
<body>
  <div class='ocr_page' id='page_1' title='image "./summainstitutio01ferrgoog_0445.png"; bbox 0 0 2524 4080; ppageno 0'>
   <div class='ocr_carea' id='block_1_1' title="bbox 594 164 757 222">
    <p class='ocr_par' dir='ltr' id='par_1_1' title="bbox 594 164 757 222">
     <span class='ocr_line' id='line_1_1' title="bbox 594 164 757 222; baseline 0 -16"><span class='ocrx_word' id='word_1_1' title='bbox 594 164 757 222; x_wconf 56' lang='lat'>..4311-</span> 
     </span>
    </p>
   </div>
   <div class='ocr_carea' id='block_1_2' title="bbox 145 285 1260 1521">
    <p class='ocr_par' dir='ltr' id='par_1_2' title="bbox 145 285 1260 1521">
     <span class='ocr_line' id='line_1_2' title="bbox 151 285 1179 363; baseline -0.002 -15"><span class='ocrx_word' id='word_1_2' title='bbox 151 288 265 361; x_wconf 83' lang='lat' dir='ltr'>mento,</span> <span class='ocrx_word' id='word_1_3' title='bbox 277 286 362 363; x_wconf 71' lang='lat' dir='ltr'>uritis</span> <span class='ocrx_word' id='word_1_4' title='bbox 375 285 494 348; x_wconf 82' lang='lat' dir='ltr'>detecto</span> <span class='ocrx_word' id='word_1_5' title='bbox 506 285 607 348; x_wconf 87' lang='lat' dir='ltr'>omnia</span> <span class='ocrx_word' id='word_1_6' title='bbox 619 293 686 348; x_wconf 87' lang='lat' dir='ltr'>acta</span> <span class='ocrx_word' id='word_1_7' title='bbox 700 291 885 347; x_wconf 86' lang='lat' dir='ltr'>corruerent.</span> <span class='ocrx_word' id='word_1_8' title='bbox 907 289 938 346; x_wconf 92' lang='lat' dir='ltr'>tn</span> <span class='ocrx_word' id='word_1_9' title='bbox 950 285 1064 361; x_wconf 81' lang='lat' dir='ltr'>judicio</span> <span class='ocrx_word' id='word_1_10' title='bbox 1076 290 1179 346; x_wconf 88' lang='lat' dir='ltr'>autem</span> 
     </span>
     <span class='ocr_line' id='line_1_3' title="bbox 152 375 1179 454; baseline -0.001 -18"><span class='ocrx_word' id='word_1_11' title='bbox 152 376 219 454; x_wconf 84' lang='lat' dir='ltr'>quis</span> <span class='ocrx_word' id='word_1_12' title='bbox 232 376 366 436; x_wconf 80' lang='lat' dir='ltr'><strong>consistit</strong></span> <span class='ocrx_word' id='word_1_13' title='bbox 385 383 436 436; x_wconf 86' lang='lat' dir='ltr'>aut</span> <span class='ocrx_word' id='word_1_14' title='bbox 448 376 519 452; x_wconf 79' lang='lat' dir='ltr'>jore</span> <span class='ocrx_word' id='word_1_15' title='bbox 530 378 659 454; x_wconf 80' lang='lat' dir='ltr'>proprio,</span> <span class='ocrx_word' id='word_1_16' title='bbox 681 383 735 437; x_wconf 91' lang='lat' dir='ltr'>aut</span> <span class='ocrx_word' id='word_1_17' title='bbox 750 377 822 453; x_wconf 83' lang='lat' dir='ltr'>jure</span> <span class='ocrx_word' id='word_1_18' title='bbox 834 376 940 436; x_wconf 65' lang='lat' dir='ltr'>aluno.</span> <span class='ocrx_word' id='word_1_19' title='bbox 961 381 1036 436; x_wconf 85' lang='lat' dir='ltr'>Cum</span> <span class='ocrx_word' id='word_1_20' title='bbox 1049 375 1110 452; x_wconf 90' lang='lat' dir='ltr'>quis</span> <span class='ocrx_word' id='word_1_21' title='bbox 1130 381 1179 436; x_wconf 81' lang='lat' dir='ltr'>est</span> 
     </span>
     <span class='ocr_line' id='line_1_4' title="bbox 149 463 1178 542; baseline -0.004 -16"><span class='ocrx_word' id='word_1_22' title='bbox 149 466 181 526; x_wconf 92' lang='lat' dir='ltr'>in</span> <span class='ocrx_word' id='word_1_23' title='bbox 193 465 383 541; x_wconf 76' lang='lat' dir='ltr'>judicicium</span> <span class='ocrx_word' id='word_1_24' title='bbox 397 465 529 542; x_wconf 81' lang='lat' dir='ltr'>proprio,</span> <span class='ocrx_word' id='word_1_25' title='bbox 552 473 638 527; x_wconf 84' lang='lat' dir='ltr'>etex</span> <span class='ocrx_word' id='word_1_26' title='bbox 657 465 731 526; x_wconf 85' lang='lat' dir='ltr'>actis</span> <span class='ocrx_word' id='word_1_27' title='bbox 754 465 826 526; x_wconf 88' lang='lat' dir='ltr'>satis</span> <span class='ocrx_word' id='word_1_28' title='bbox 847 465 949 541; x_wconf 81' lang='lat' dir='ltr'>liquet,</span> <span class='ocrx_word' id='word_1_29' title='bbox 974 481 1044 524; x_wconf 91' lang='lat' dir='ltr'>eum</span> <span class='ocrx_word' id='word_1_30' title='bbox 1067 463 1178 526; x_wconf 86' lang='lat' dir='ltr'>habere</span> 
     </span>
     <span class='ocr_line' id='line_1_5' title="bbox 149 552 1179 632; baseline -0.001 -19"><span class='ocrx_word' id='word_1_31' title='bbox 149 571 311 631; x_wconf 86' lang='lat' dir='ltr'>personam</span> <span class='ocrx_word' id='word_1_32' title='bbox 319 554 418 614; x_wconf 87' lang='lat' dir='ltr'>standi</span> <span class='ocrx_word' id='word_1_33' title='bbox 430 555 460 613; x_wconf 93' lang='lat' dir='ltr'>in</span> <span class='ocrx_word' id='word_1_34' title='bbox 471 553 691 632; x_wconf 78' lang='lat' dir='ltr'>judicio,.circa</span> <span class='ocrx_word' id='word_1_35' title='bbox 705 571 791 614; x_wconf 87' lang='lat' dir='ltr'>suam</span> <span class='ocrx_word' id='word_1_36' title='bbox 801 570 961 630; x_wconf 79' lang='lat' dir='ltr'><strong>personam</strong></span> <span class='ocrx_word' id='word_1_37' title='bbox 973 554 1053 612; x_wconf 90' lang='lat' dir='ltr'>nulla</span> <span class='ocrx_word' id='word_1_38' title='bbox 1067 552 1179 628; x_wconf 82' lang='lat' dir='ltr'>indiget</span> 
     </span>
     <span class='ocr_line' id='line_1_6' title="bbox 148 641 1178 720; baseline -0.002 -18"><span class='ocrx_word' id='word_1_39' title='bbox 148 642 378 719; x_wconf 78' lang='lat' dir='ltr'>legitimatioue3</span> <span class='ocrx_word' id='word_1_40' title='bbox 398 660 467 704; x_wconf 87' lang='lat' dir='ltr'>oum</span> <span class='ocrx_word' id='word_1_41' title='bbox 485 660 557 704; x_wconf 82' lang='lat' dir='ltr'>uero</span> <span class='ocrx_word' id='word_1_42' title='bbox 577 645 644 720; x_wconf 89' lang='lat' dir='ltr'>quis</span> <span class='ocrx_word' id='word_1_43' title='bbox 666 651 712 704; x_wconf 84' lang='lat' dir='ltr'>cst</span> <span class='ocrx_word' id='word_1_44' title='bbox 735 644 765 702; x_wconf 93' lang='lat' dir='ltr'>in</span> <span class='ocrx_word' id='word_1_45' title='bbox 784 644 896 720; x_wconf 85' lang='lat' dir='ltr'>judicio</span> <span class='ocrx_word' id='word_1_46' title='bbox 917 645 984 720; x_wconf 85' lang='lat' dir='ltr'>jure</span> <span class='ocrx_word' id='word_1_47' title='bbox 1003 643 1111 714; x_wconf 86' lang='lat' dir='ltr'>alieno,</span> <span class='ocrx_word' id='word_1_48' title='bbox 1135 641 1178 701; x_wconf 84' lang='lat' dir='ltr'>uti</span> 
     </span>
     <span class='ocr_line' id='line_1_7' title="bbox 148 731 1179 809; baseline 0 -19"><span class='ocrx_word' id='word_1_49' title='bbox 148 731 330 809; x_wconf 83' lang='lat' dir='ltr'>principalis,</span> <span class='ocrx_word' id='word_1_50' title='bbox 352 740 502 809; x_wconf 86' lang='lat' dir='ltr'>tamquam</span> <span class='ocrx_word' id='word_1_51' title='bbox 522 733 679 794; x_wconf 83' lang='lat' dir='ltr'>creditoris</span> <span class='ocrx_word' id='word_1_52' title='bbox 693 733 790 793; x_wconf 87' lang='lat' dir='ltr'>haercs</span> <span class='ocrx_word' id='word_1_53' title='bbox 812 733 902 793; x_wconf 86' lang='lat' dir='ltr'>debet</span> <span class='ocrx_word' id='word_1_54' title='bbox 919 732 1028 792; x_wconf 90' lang='lat' dir='ltr'>docere</span> <span class='ocrx_word' id='word_1_55' title='bbox 1043 731 1081 791; x_wconf 88' lang='lat' dir='ltr'>de</span> <span class='ocrx_word' id='word_1_56' title='bbox 1103 749 1179 808; x_wconf 91' lang='lat' dir='ltr'>qua-</span> 
     </span>
     <span class='ocr_line' id='line_1_8' title="bbox 147 818 1180 898; baseline -0.002 -18"><span class='ocrx_word' id='word_1_57' title='bbox 147 818 228 881; x_wconf 88' lang='lat' dir='ltr'>litate</span> <span class='ocrx_word' id='word_1_58' title='bbox 242 821 439 896; x_wconf 78' lang='lat' dir='ltr'>haereditaria,</span> <span class='ocrx_word' id='word_1_59' title='bbox 454 822 552 898; x_wconf 88' lang='lat' dir='ltr'>deque</span> <span class='ocrx_word' id='word_1_60' title='bbox 567 821 632 898; x_wconf 87' lang='lat' dir='ltr'>ejus</span> <span class='ocrx_word' id='word_1_61' title='bbox 650 821 784 896; x_wconf 84' lang='lat' dir='ltr'>legitimo</span> <span class='ocrx_word' id='word_1_62' title='bbox 798 827 828 881; x_wconf 90' lang='lat' dir='ltr'>et</span> <span class='ocrx_word' id='word_1_63' title='bbox 852 820 1010 880; x_wconf 83' lang='lat' dir='ltr'>sufficienti</span> <span class='ocrx_word' id='word_1_64' title='bbox 1029 820 1133 892; x_wconf 89' lang='lat' dir='ltr'>titulo;</span> <span class='ocrx_word' id='word_1_65' title='bbox 1150 825 1180 879; x_wconf 89' lang='lat' dir='ltr'>et</span> 
     </span>
     <span class='ocr_line' id='line_1_9' title="bbox 148 907 1180 988; baseline -0.003 -18"><span class='ocrx_word' id='word_1_66' title='bbox 148 909 174 970; x_wconf 92' lang='lat' dir='ltr'>si</span> <span class='ocrx_word' id='word_1_67' title='bbox 191 907 229 969; x_wconf 86' lang='lat' dir='ltr'>sit</span> <span class='ocrx_word' id='word_1_68' title='bbox 245 909 275 969; x_wconf 91' lang='lat' dir='ltr'>iu</span> <span class='ocrx_word' id='word_1_69' title='bbox 291 909 404 987; x_wconf 73' lang='lat' dir='ltr'>iudicio</span> <span class='ocrx_word' id='word_1_70' title='bbox 418 911 487 987; x_wconf 84' lang='lat' dir='ltr'>jure</span> <span class='ocrx_word' id='word_1_71' title='bbox 511 910 610 971; x_wconf 86' lang='lat' dir='ltr'>alieno</span> <span class='ocrx_word' id='word_1_72' title='bbox 627 909 786 987; x_wconf 85' lang='lat' dir='ltr'>’tamquam</span> <span class='ocrx_word' id='word_1_73' title='bbox 806 917 994 988; x_wconf 78' lang='lat' dir='ltr'>procurator,</span> <span class='ocrx_word' id='word_1_74' title='bbox 1023 908 1113 968; x_wconf 88' lang='lat' dir='ltr'>debet</span> <span class='ocrx_word' id='word_1_75' title='bbox 1135 908 1180 968; x_wconf 93' lang='lat' dir='ltr'>di·</span> 
     </span>
     <span class='ocr_line' id='line_1_10' title="bbox 145 999 1260 1076; baseline -0.003 -16"><span class='ocrx_word' id='word_1_76' title='bbox 145 999 272 1075; x_wconf 81' lang='lat' dir='ltr'>ligenter</span> <span class='ocrx_word' id='word_1_77' title='bbox 289 1000 463 1076; x_wconf 79' lang='lat' dir='ltr'>prospicere</span> <span class='ocrx_word' id='word_1_78' title='bbox 487 1001 672 1074; x_wconf 86' lang='lat' dir='ltr'>mandatum,</span> <span class='ocrx_word' id='word_1_79' title='bbox 704 1001 760 1060; x_wconf 87' lang='lat' dir='ltr'>sub</span> <span class='ocrx_word' id='word_1_80' title='bbox 785 1017 847 1076; x_wconf 89' lang='lat' dir='ltr'>quo</span> <span class='ocrx_word' id='word_1_81' title='bbox 874 1000 943 1076; x_wconf 77' lang='lat' dir='ltr'>agit,</span> <span class='ocrx_word' id='word_1_82' title='bbox 971 1017 1010 1058; x_wconf 92' lang='lat' dir='ltr'>an</span> <span class='ocrx_word' id='word_1_83' title='bbox 1035 999 1180 1074; x_wconf 89' lang='lat' dir='ltr'>procedat</span> <span class='ocrx_word' id='word_1_84' title='bbox 1259 1073 1260 1076; x_wconf 8' lang='grc' dir='ltr'><strong>Ἴ</strong></span> 
     </span>
     <span class='ocr_line' id='line_1_11' title="bbox 148 1089 1180 1165; baseline -0.001 -18"><span class='ocrx_word' id='word_1_85' title='bbox 148 1089 257 1164; x_wconf 81' lang='lat' dir='ltr'>alege,</span> <span class='ocrx_word' id='word_1_86' title='bbox 275 1091 324 1150; x_wconf 80' lang='lat' dir='ltr'>vel</span> <span class='ocrx_word' id='word_1_87' title='bbox 342 1090 381 1149; x_wconf 86' lang='lat' dir='ltr'>ab</span> <span class='ocrx_word' id='word_1_88' title='bbox 397 1089 529 1164; x_wconf 88' lang='lat' dir='ltr'>homine,</span> <span class='ocrx_word' id='word_1_89' title='bbox 549 1108 578 1150; x_wconf 81' lang='lat' dir='ltr'>v.</span> <span class='ocrx_word' id='word_1_90' title='bbox 594 1106 624 1165; x_wconf 74' lang='lat' dir='ltr'>g.</span> <span class='ocrx_word' id='word_1_91' title='bbox 640 1096 726 1165; x_wconf 90' lang='lat' dir='ltr'>pater</span> <span class='ocrx_word' id='word_1_92' title='bbox 740 1106 796 1165; x_wconf 89' lang='lat' dir='ltr'>pro</span> <span class='ocrx_word' id='word_1_93' title='bbox 811 1089 873 1148; x_wconf 88' lang='lat' dir='ltr'>fflio</span> <span class='ocrx_word' id='word_1_94' title='bbox 886 1089 942 1148; x_wconf 91' lang='lat' dir='ltr'>sub</span> <span class='ocrx_word' id='word_1_95' title='bbox 955 1091 1020 1163; x_wconf 87' lang='lat' dir='ltr'>ejus</span> <span class='ocrx_word' id='word_1_96' title='bbox 1033 1093 1180 1163; x_wconf 71' lang='lat' dir='ltr'>potestate</span> 
     </span>
     <span class='ocr_line' id='line_1_12' title="bbox 148 1175 1181 1254; baseline -0.005 -13"><span class='ocrx_word' id='word_1_97' title='bbox 148 1175 306 1252; x_wconf 78' lang='lat' dir='ltr'>existente,</span> <span class='ocrx_word' id='word_1_98' title='bbox 325 1185 377 1238; x_wconf 87' lang='lat' dir='ltr'>aut</span> <span class='ocrx_word' id='word_1_99' title='bbox 389 1179 515 1238; x_wconf 89' lang='lat' dir='ltr'>maritus</span> <span class='ocrx_word' id='word_1_100' title='bbox 533 1195 590 1254; x_wconf 90' lang='lat' dir='ltr'>pro</span> <span class='ocrx_word' id='word_1_101' title='bbox 604 1196 713 1251; x_wconf 81' lang='lat' dir='ltr'>uxore,</span> <span class='ocrx_word' id='word_1_102' title='bbox 733 1179 784 1238; x_wconf 88' lang='lat' dir='ltr'>vel</span> <span class='ocrx_word' id='word_1_103' title='bbox 806 1177 831 1236; x_wconf 93' lang='lat' dir='ltr'>si</span> <span class='ocrx_word' id='word_1_104' title='bbox 844 1179 1018 1238; x_wconf 86' lang='lat' dir='ltr'>mandatum</span> <span class='ocrx_word' id='word_1_105' title='bbox 1036 1177 1181 1253; x_wconf 83' lang='lat' dir='ltr'>procedat</span> 
     </span>
     <span class='ocr_line' id='line_1_13' title="bbox 148 1266 1178 1342; baseline -0.002 -16"><span class='ocrx_word' id='word_1_106' title='bbox 148 1266 185 1326; x_wconf 87' lang='lat' dir='ltr'>ab</span> <span class='ocrx_word' id='word_1_107' title='bbox 203 1266 334 1341; x_wconf 81' lang='lat' dir='ltr'>homine,</span> <span class='ocrx_word' id='word_1_108' title='bbox 349 1274 383 1327; x_wconf 92' lang='lat' dir='ltr'>ut</span> <span class='ocrx_word' id='word_1_109' title='bbox 396 1268 537 1328; x_wconf 88' lang='lat' dir='ltr'>collatum</span> <span class='ocrx_word' id='word_1_110' title='bbox 553 1267 584 1326; x_wconf 89' lang='lat' dir='ltr'>in</span> <span class='ocrx_word' id='word_1_111' title='bbox 604 1266 736 1342; x_wconf 76' lang='lat' dir='ltr'>scriptis¹</span> <span class='ocrx_word' id='word_1_112' title='bbox 759 1283 797 1326; x_wconf 90' lang='lat' dir='ltr'>an</span> <span class='ocrx_word' id='word_1_113' title='bbox 816 1267 854 1327; x_wconf 92' lang='lat' dir='ltr'>sit</span> <span class='ocrx_word' id='word_1_114' title='bbox 871 1266 1033 1339; x_wconf 87' lang='lat' dir='ltr'>sufficiens,</span> <span class='ocrx_word' id='word_1_115' title='bbox 1048 1283 1106 1326; x_wconf 91' lang='lat' dir='ltr'>nec</span> <span class='ocrx_word' id='word_1_116' title='bbox 1119 1282 1178 1325; x_wconf 92' lang='lat' dir='ltr'>nc:</span> 
     </span>
     <span class='ocr_line' id='line_1_14' title="bbox 146 1353 1180 1435; baseline 0 -21"><span class='ocrx_word' id='word_1_117' title='bbox 146 1356 239 1435; x_wconf 83' lang='lat' dir='ltr'>multa</span> <span class='ocrx_word' id='word_1_118' title='bbox 252 1355 330 1414; x_wconf 87' lang='lat' dir='ltr'>onim</span> <span class='ocrx_word' id='word_1_119' title='bbox 341 1363 420 1429; x_wconf 81' lang='lat' dir='ltr'>sunt,</span> <span class='ocrx_word' id='word_1_120' title='bbox 437 1355 467 1414; x_wconf 94' lang='lat' dir='ltr'>in</span> <span class='ocrx_word' id='word_1_121' title='bbox 482 1355 592 1432; x_wconf 88' lang='lat' dir='ltr'>quibus</span> <span class='ocrx_word' id='word_1_122' title='bbox 605 1357 747 1433; x_wconf 83' lang='lat' dir='ltr'>gencrale</span> <span class='ocrx_word' id='word_1_123' title='bbox 759 1373 820 1416; x_wconf 90' lang='lat' dir='ltr'>non</span> <span class='ocrx_word' id='word_1_124' title='bbox 836 1355 954 1431; x_wconf 82' lang='lat' dir='ltr'>sufficit,</span> <span class='ocrx_word' id='word_1_125' title='bbox 969 1355 1024 1415; x_wconf 89' lang='lat' dir='ltr'>sed</span> <span class='ocrx_word' id='word_1_126' title='bbox 1038 1353 1180 1430; x_wconf 76' lang='lat' dir='ltr'>speciale,</span> 
     </span>
     <span class='ocr_line' id='line_1_15' title="bbox 146 1443 817 1521; baseline 0.012 -19"><span class='ocrx_word' id='word_1_127' title='bbox 146 1444 194 1504; x_wconf 86' lang='lat' dir='ltr'>vel</span> <span class='ocrx_word' id='word_1_128' title='bbox 204 1443 344 1520; x_wconf 74' lang='lat' dir='ltr'>iudiciale</span> <span class='ocrx_word' id='word_1_129' title='bbox 357 1444 533 1506; x_wconf 86' lang='lat' dir='ltr'>mandatum</span> <span class='ocrx_word' id='word_1_130' title='bbox 547 1444 708 1521; x_wconf 85' lang='lat' dir='ltr'>requiritur</span> <span class='ocrx_word' id='word_1_131' title='bbox 720 1448 771 1517; x_wconf 81' lang='lat' dir='ltr'>(t).</span> <span class='ocrx_word' id='word_1_132' title='bbox 811 1503 817 1510; x_wconf 93' lang='lat'><em>.</em></span> 
     </span>
    </p>
   </div>
   <div class='ocr_carea' id='block_1_3' title="bbox 177 1590 1086 1658">
    <p class='ocr_par' dir='ltr' id='par_1_3' title="bbox 177 1590 1086 1658">
     <span class='ocr_line' id='line_1_16' title="bbox 177 1590 1086 1658; baseline 0 -16"><span class='ocrx_word' id='word_1_133' title='bbox 177 1592 211 1656; x_wconf 80' lang='lat' dir='ltr'>(t)</span> <span class='ocrx_word' id='word_1_134' title='bbox 226 1591 314 1658; x_wconf 81' lang='lat' dir='ltr'>Targa</span> <span class='ocrx_word' id='word_1_135' title='bbox 330 1606 391 1658; x_wconf 86' lang='lat' dir='ltr'>esp.</span> <span class='ocrx_word' id='word_1_136' title='bbox 407 1591 446 1656; x_wconf 76' lang='lat' dir='ltr'>tt,</span> <span class='ocrx_word' id='word_1_137' title='bbox 461 1591 494 1644; x_wconf 91' lang='lat' dir='ltr'>de</span> <span class='ocrx_word' id='word_1_138' title='bbox 509 1591 582 1658; x_wconf 75' lang='lat' dir='ltr'>legit.</span> <span class='ocrx_word' id='word_1_139' title='bbox 603 1606 674 1658; x_wconf 89' lang='lat' dir='ltr'>pars.</span> <span class='ocrx_word' id='word_1_140' title='bbox 690 1591 731 1644; x_wconf 87' lang='lat' dir='ltr'>De</span> <span class='ocrx_word' id='word_1_141' title='bbox 742 1591 814 1644; x_wconf 82' lang='lat' dir='ltr'>Luca</span> <span class='ocrx_word' id='word_1_142' title='bbox 830 1591 898 1644; x_wconf 84' lang='lat' dir='ltr'>disc.</span> <span class='ocrx_word' id='word_1_143' title='bbox 909 1591 946 1656; x_wconf 79' lang='lat' dir='ltr'>tt,</span> <span class='ocrx_word' id='word_1_144' title='bbox 959 1590 993 1643; x_wconf 91' lang='lat' dir='ltr'>de</span> <span class='ocrx_word' id='word_1_145' title='bbox 999 1590 1086 1656; x_wconf 81' lang='lat' dir='ltr'>judic.</span> 
     </span>
    </p>
   </div>
   <div class='ocr_carea' id='block_1_4' title="bbox 71 1767 1246 3100">
    <p class='ocr_par' dir='ltr' id='par_1_4' title="bbox 71 1767 1246 3100">
     <span class='ocr_line' id='line_1_17' title="bbox 179 1767 1176 1856; baseline -0.001 -20"><span class='ocrx_word' id='word_1_146' title='bbox 179 1781 243 1838; x_wconf 78' lang='lat' dir='ltr'>rat.</span> <span class='ocrx_word' id='word_1_147' title='bbox 264 1779 435 1839; x_wconf 86' lang='lat' dir='ltr'>Secundum</span> <span class='ocrx_word' id='word_1_148' title='bbox 450 1778 585 1840; x_wconf 79' lang='lat' dir='ltr'>consistit</span> <span class='ocrx_word' id='word_1_149' title='bbox 598 1778 628 1838; x_wconf 92' lang='lat' dir='ltr'>in</span> <span class='ocrx_word' id='word_1_150' title='bbox 639 1780 809 1856; x_wconf 88' lang='lat' dir='ltr'>juramento</span> <span class='ocrx_word' id='word_1_151' title='bbox 820 1777 989 1848; x_wconf 75' lang='lat' dir='ltr'>calumniae,</span> <span class='ocrx_word' id='word_1_152' title='bbox 1004 1793 1062 1853; x_wconf 92' lang='lat' dir='ltr'>quo</span> <span class='ocrx_word' id='word_1_153' title='bbox 1076 1767 1176 1852; x_wconf 69' lang='lat' dir='ltr'>partes</span> 
     </span>
     <span class='ocr_line' id='line_1_18' title="bbox 145 1863 1177 1944; baseline -0.005 -16"><span class='ocrx_word' id='word_1_154' title='bbox 145 1865 294 1944; x_wconf 83' lang='lat' dir='ltr'>litigantes</span> <span class='ocrx_word' id='word_1_155' title='bbox 320 1874 390 1944; x_wconf 91' lang='lat' dir='ltr'>post</span> <span class='ocrx_word' id='word_1_156' title='bbox 409 1868 493 1928; x_wconf 84' lang='lat' dir='ltr'>litem</span> <span class='ocrx_word' id='word_1_157' title='bbox 523 1873 721 1928; x_wconf 84' lang='lat' dir='ltr'>contestatam</span> <span class='ocrx_word' id='word_1_158' title='bbox 741 1869 853 1942; x_wconf 81' lang='lat' dir='ltr'>jurant,</span> <span class='ocrx_word' id='word_1_159' title='bbox 875 1883 908 1926; x_wconf 87' lang='lat' dir='ltr'>se</span> <span class='ocrx_word' id='word_1_160' title='bbox 936 1883 999 1926; x_wconf 91' lang='lat' dir='ltr'>non</span> <span class='ocrx_word' id='word_1_161' title='bbox 1024 1863 1177 1924; x_wconf 85' lang='lat' dir='ltr'>calumniae</span> 
     </span>
     <span class='ocr_line' id='line_1_19' title="bbox 146 1953 1179 2032; baseline -0.004 -16"><span class='ocrx_word' id='word_1_162' title='bbox 146 1971 247 2031; x_wconf 83' lang='lat' dir='ltr'>causa,</span> <span class='ocrx_word' id='word_1_163' title='bbox 262 1955 315 2016; x_wconf 91' lang='lat' dir='ltr'>sed</span> <span class='ocrx_word' id='word_1_164' title='bbox 326 1957 401 2032; x_wconf 84' lang='lat' dir='ltr'>juris</span> <span class='ocrx_word' id='word_1_165' title='bbox 414 1956 612 2032; x_wconf 84' lang='lat' dir='ltr'>competentis</span> <span class='ocrx_word' id='word_1_166' title='bbox 624 1956 734 2016; x_wconf 86' lang='lat' dir='ltr'>fiducia</span> <span class='ocrx_word' id='word_1_167' title='bbox 748 1957 830 2016; x_wconf 87' lang='lat' dir='ltr'>litem</span> <span class='ocrx_word' id='word_1_168' title='bbox 845 1972 951 2031; x_wconf 79' lang='lat' dir='ltr'>agere3</span> <span class='ocrx_word' id='word_1_169' title='bbox 968 1955 1009 2014; x_wconf 90' lang='lat' dir='ltr'>ita</span> <span class='ocrx_word' id='word_1_170' title='bbox 1022 1961 1054 2014; x_wconf 89' lang='lat' dir='ltr'>ut</span> <span class='ocrx_word' id='word_1_171' title='bbox 1069 1953 1101 2012; x_wconf 88' lang='lat' dir='ltr'>in</span> <span class='ocrx_word' id='word_1_172' title='bbox 1111 1959 1179 2013; x_wconf 87' lang='lat' dir='ltr'>toto</span> 
     </span>
     <span class='ocr_line' id='line_1_20' title="bbox 142 2043 1246 2121; baseline -0.003 -17"><span class='ocrx_word' id='word_1_173' title='bbox 142 2045 247 2121; x_wconf 82' lang='lat' dir='ltr'>judieii</span> <span class='ocrx_word' id='word_1_174' title='bbox 268 2059 359 2104; x_wconf 89' lang='lat' dir='ltr'>cursu</span> <span class='ocrx_word' id='word_1_175' title='bbox 371 2061 445 2105; x_wconf 89' lang='lat' dir='ltr'>vcra</span> <span class='ocrx_word' id='word_1_176' title='bbox 455 2052 572 2104; x_wconf 87' lang='lat' dir='ltr'>tantum</span> <span class='ocrx_word' id='word_1_177' title='bbox 585 2052 615 2104; x_wconf 89' lang='lat' dir='ltr'>et</span> <span class='ocrx_word' id='word_1_178' title='bbox 630 2043 801 2104; x_wconf 88' lang='lat' dir='ltr'>necessaria</span> <span class='ocrx_word' id='word_1_179' title='bbox 814 2044 925 2118; x_wconf 80' lang='lat' dir='ltr'>dicant,</span> <span class='ocrx_word' id='word_1_180' title='bbox 939 2044 1030 2103; x_wconf 87' lang='lat' dir='ltr'>falsas</span> <span class='ocrx_word' id='word_1_181' title='bbox 1043 2043 1181 2102; x_wconf 84' lang='lat' dir='ltr'>fallaces·</span> <span class='ocrx_word' id='word_1_182' title='bbox 1241 2057 1246 2066; x_wconf 90' lang='lat'>·</span> 
     </span>
     <span class='ocr_line' id='line_1_21' title="bbox 145 2131 1179 2212; baseline -0.004 -16"><span class='ocrx_word' id='word_1_183' title='bbox 145 2151 205 2212; x_wconf 89' lang='lat' dir='ltr'>que</span> <span class='ocrx_word' id='word_1_184' title='bbox 218 2134 419 2211; x_wconf 81' lang='lat' dir='ltr'>probationes,</span> <span class='ocrx_word' id='word_1_185' title='bbox 435 2152 472 2194; x_wconf 89' lang='lat' dir='ltr'>ac</span> <span class='ocrx_word' id='word_1_186' title='bbox 482 2134 630 2195; x_wconf 82' lang='lat' dir='ltr'>versutias</span> <span class='ocrx_word' id='word_1_187' title='bbox 640 2134 678 2193; x_wconf 92' lang='lat' dir='ltr'>ad</span> <span class='ocrx_word' id='word_1_188' title='bbox 687 2133 819 2210; x_wconf 79' lang='lat' dir='ltr'>iudicem</span> <span class='ocrx_word' id='word_1_189' title='bbox 831 2132 1003 2204; x_wconf 86' lang='lat' dir='ltr'>fallendum,</span> <span class='ocrx_word' id='word_1_190' title='bbox 1016 2131 1179 2207; x_wconf 85' lang='lat' dir='ltr'>judicium-</span> 
     </span>
     <span class='ocr_line' id='line_1_22' title="bbox 145 2221 1179 2300; baseline -0.003 -16"><span class='ocrx_word' id='word_1_191' title='bbox 145 2241 204 2300; x_wconf 88' lang='lat' dir='ltr'>que</span> <span class='ocrx_word' id='word_1_192' title='bbox 223 2224 431 2300; x_wconf 89' lang='lat' dir='ltr'>protelandum</span> <span class='ocrx_word' id='word_1_193' title='bbox 451 2223 592 2284; x_wconf 87' lang='lat' dir='ltr'>devitent.</span> <span class='ocrx_word' id='word_1_194' title='bbox 613 2222 687 2282; x_wconf 87' lang='lat' dir='ltr'>Hine</span> <span class='ocrx_word' id='word_1_195' title='bbox 704 2221 802 2281; x_wconf 87' lang='lat' dir='ltr'>differt</span> <span class='ocrx_word' id='word_1_196' title='bbox 822 2223 1022 2297; x_wconf 80' lang='lat' dir='ltr'>aJuramento</span> <span class='ocrx_word' id='word_1_197' title='bbox 1035 2221 1179 2281; x_wconf 73' lang='lat' dir='ltr'>malitiae:</span> 
     </span>
     <span class='ocr_line' id='line_1_23' title="bbox 145 2311 1180 2389; baseline -0.004 -16"><span class='ocrx_word' id='word_1_198' title='bbox 145 2311 300 2388; x_wconf 83' lang='lat' dir='ltr'>quiaillud</span> <span class='ocrx_word' id='word_1_199' title='bbox 311 2314 449 2389; x_wconf 82' lang='lat' dir='ltr'>generale</span> <span class='ocrx_word' id='word_1_200' title='bbox 467 2319 512 2374; x_wconf 86' lang='lat' dir='ltr'>cst</span> <span class='ocrx_word' id='word_1_201' title='bbox 525 2313 564 2371; x_wconf 88' lang='lat' dir='ltr'>ad</span> <span class='ocrx_word' id='word_1_202' title='bbox 576 2319 673 2388; x_wconf 87' lang='lat' dir='ltr'>totam</span> <span class='ocrx_word' id='word_1_203' title='bbox 687 2327 825 2384; x_wconf 77' lang='lat' dir='ltr'>causam3</span> <span class='ocrx_word' id='word_1_204' title='bbox 840 2311 900 2370; x_wconf 90' lang='lat' dir='ltr'>hoc</span> <span class='ocrx_word' id='word_1_205' title='bbox 912 2326 985 2369; x_wconf 79' lang='lat' dir='ltr'>vero</span> <span class='ocrx_word' id='word_1_206' title='bbox 996 2311 1128 2384; x_wconf 86' lang='lat' dir='ltr'>speciale</span> <span class='ocrx_word' id='word_1_207' title='bbox 1142 2311 1180 2369; x_wconf 88' lang='lat' dir='ltr'>ad</span> 
     </span>
     <span class='ocr_line' id='line_1_24' title="bbox 145 2397 1180 2477; baseline -0.002 -17"><span class='ocrx_word' id='word_1_208' title='bbox 145 2401 273 2477; x_wconf 81' lang='lat' dir='ltr'>aliquem</span> <span class='ocrx_word' id='word_1_209' title='bbox 298 2409 414 2462; x_wconf 88' lang='lat' dir='ltr'>tantum</span> <span class='ocrx_word' id='word_1_210' title='bbox 434 2408 545 2462; x_wconf 88' lang='lat' dir='ltr'>aetum.</span> <span class='ocrx_word' id='word_1_211' title='bbox 574 2405 618 2460; x_wconf 85' lang='lat' dir='ltr'>Ex</span> <span class='ocrx_word' id='word_1_212' title='bbox 639 2399 713 2475; x_wconf 86' lang='lat' dir='ltr'>juris</span> <span class='ocrx_word' id='word_1_213' title='bbox 736 2399 872 2458; x_wconf 90' lang='lat' dir='ltr'>canonici</span> <span class='ocrx_word' id='word_1_214' title='bbox 890 2397 1045 2458; x_wconf 83' lang='lat' dir='ltr'>sanctione</span> <span class='ocrx_word' id='word_1_215' title='bbox 1070 2401 1180 2458; x_wconf 90' lang='lat' dir='ltr'>&#39;cuma</span> 
     </span>
     <span class='ocr_line' id='line_1_25' title="bbox 144 2487 1179 2567; baseline -0.001 -20"><span class='ocrx_word' id='word_1_216' title='bbox 144 2496 230 2567; x_wconf 86' lang='lat' dir='ltr'>parte</span> <span class='ocrx_word' id='word_1_217' title='bbox 255 2490 381 2550; x_wconf 89' lang='lat' dir='ltr'>adversa</span> <span class='ocrx_word' id='word_1_218' title='bbox 394 2489 515 2566; x_wconf 79' lang='lat' dir='ltr'>petitur,</span> <span class='ocrx_word' id='word_1_219' title='bbox 530 2495 614 2549; x_wconf 88' lang='lat' dir='ltr'>auta</span> <span class='ocrx_word' id='word_1_220' title='bbox 635 2489 735 2564; x_wconf 89' lang='lat' dir='ltr'>judice</span> <span class='ocrx_word' id='word_1_221' title='bbox 756 2487 928 2564; x_wconf 87' lang='lat' dir='ltr'>imponitur,</span> <span class='ocrx_word' id='word_1_222' title='bbox 951 2487 1110 2548; x_wconf 84' lang='lat' dir='ltr'>calumniae</span> <span class='ocrx_word' id='word_1_223' title='bbox 1130 2489 1179 2565; x_wconf 88' lang='lat' dir='ltr'>ju·</span> 
     </span>
     <span class='ocr_line' id='line_1_26' title="bbox 144 2576 1179 2655; baseline 0 -19"><span class='ocrx_word' id='word_1_224' title='bbox 144 2587 313 2639; x_wconf 89' lang='lat' dir='ltr'>ramentum</span> <span class='ocrx_word' id='word_1_225' title='bbox 326 2586 371 2638; x_wconf 90' lang='lat' dir='ltr'>est</span> <span class='ocrx_word' id='word_1_226' title='bbox 393 2578 617 2655; x_wconf 87' lang='lat' dir='ltr'>praestandum:</span> <span class='ocrx_word' id='word_1_227' title='bbox 638 2576 722 2636; x_wconf 85' lang='lat' dir='ltr'>aliter</span> <span class='ocrx_word' id='word_1_228' title='bbox 739 2584 825 2636; x_wconf 87' lang='lat' dir='ltr'>actor</span> <span class='ocrx_word' id='word_1_229' title='bbox 845 2594 935 2636; x_wconf 90' lang='lat' dir='ltr'>causa</span> <span class='ocrx_word' id='word_1_230' title='bbox 949 2577 1039 2650; x_wconf 80' lang='lat' dir='ltr'>eadit,</span> <span class='ocrx_word' id='word_1_231' title='bbox 1060 2583 1093 2636; x_wconf 91' lang='lat' dir='ltr'>et</span> <span class='ocrx_word' id='word_1_232' title='bbox 1109 2593 1179 2636; x_wconf 88' lang='lat' dir='ltr'>reus</span> 
     </span>
     <span class='ocr_line' id='line_1_27' title="bbox 145 2667 1179 2744; baseline 0 -18"><span class='ocrx_word' id='word_1_233' title='bbox 145 2685 200 2742; x_wconf 90' lang='lat' dir='ltr'>pro</span> <span class='ocrx_word' id='word_1_234' title='bbox 215 2671 352 2729; x_wconf 84' lang='lat' dir='ltr'>confesso</span> <span class='ocrx_word' id='word_1_235' title='bbox 366 2669 511 2741; x_wconf 88' lang='lat' dir='ltr'>habetur;</span> <span class='ocrx_word' id='word_1_236' title='bbox 529 2667 583 2728; x_wconf 88' lang='lat' dir='ltr'>sed</span> <span class='ocrx_word' id='word_1_237' title='bbox 597 2683 691 2742; x_wconf 89' lang='lat' dir='ltr'>penes</span> <span class='ocrx_word' id='word_1_238' title='bbox 704 2683 760 2726; x_wconf 90' lang='lat' dir='ltr'>nos</span> <span class='ocrx_word' id='word_1_239' title='bbox 778 2685 797 2726; x_wconf 90' lang='lat' dir='ltr'>a</span> <span class='ocrx_word' id='word_1_240' title='bbox 814 2667 900 2742; x_wconf 86' lang='lat' dir='ltr'>praxi</span> <span class='ocrx_word' id='word_1_241' title='bbox 920 2667 1109 2744; x_wconf 81' lang='lat' dir='ltr'>Jqdiciorum·</span> <span class='ocrx_word' id='word_1_242' title='bbox 1119 2667 1179 2726; x_wconf 87' lang='lat' dir='ltr'>hoc</span> 
     </span>
     <span class='ocr_line' id='line_1_28' title="bbox 139 2754 1178 2830; baseline 0.001 -15"><span class='ocrx_word' id='word_1_243' title='bbox 139 2757 343 2830; x_wconf 86' lang='lat' dir='ltr'>juramentum</span> <span class='ocrx_word' id='word_1_244' title='bbox 364 2760 525 2817; x_wconf 87' lang='lat' dir='ltr'>recessisse</span> <span class='ocrx_word' id='word_1_245' title='bbox 552 2754 683 2828; x_wconf 67' lang='lat' dir='ltr'>videtum</span> <span class='ocrx_word' id='word_1_246' title='bbox 716 2763 898 2815; x_wconf 86' lang='lat' dir='ltr'>nontamen</span> <span class='ocrx_word' id='word_1_247' title='bbox 924 2763 1086 2830; x_wconf 87' lang='lat' dir='ltr'>propterca</span> <span class='ocrx_word' id='word_1_248' title='bbox 1110 2771 1178 2816; x_wconf 85' lang='lat' dir='ltr'>mea</span> 
     </span>
     <span class='ocr_line' id='line_1_29' title="bbox 71 2843 1178 2921; baseline 0.002 -19"><span class='ocrx_word' id='word_1_249' title='bbox 71 2888 73 2894; x_wconf 33' lang='lat' dir='ltr'>s</span> <span class='ocrx_word' id='word_1_250' title='bbox 143 2845 289 2904; x_wconf 85' lang='lat' dir='ltr'>sententia</span> <span class='ocrx_word' id='word_1_251' title='bbox 305 2845 354 2906; x_wconf 85' lang='lat' dir='ltr'>ille</span> <span class='ocrx_word' id='word_1_252' title='bbox 369 2846 555 2905; x_wconf 84' lang='lat' dir='ltr'>damnandus</span> <span class='ocrx_word' id='word_1_253' title='bbox 571 2844 675 2921; x_wconf 82' lang='lat' dir='ltr'>judex,</span> <span class='ocrx_word' id='word_1_254' title='bbox 691 2843 742 2920; x_wconf 89' lang='lat' dir='ltr'>qui</span> <span class='ocrx_word' id='word_1_255' title='bbox 762 2850 880 2920; x_wconf 86' lang='lat' dir='ltr'>aparte</span> <span class='ocrx_word' id='word_1_256' title='bbox 893 2843 1019 2918; x_wconf 86' lang='lat' dir='ltr'>petitum</span> <span class='ocrx_word' id='word_1_257' title='bbox 1038 2861 1079 2904; x_wconf 86' lang='lat' dir='ltr'>ex</span> <span class='ocrx_word' id='word_1_258' title='bbox 1096 2845 1178 2920; x_wconf 83' lang='lat' dir='ltr'>justa</span> 
     </span>
     <span class='ocr_line' id='line_1_30' title="bbox 144 2930 1177 3010; baseline 0 -18"><span class='ocrx_word' id='word_1_259' title='bbox 144 2949 234 2993; x_wconf 87' lang='lat' dir='ltr'>causa</span> <span class='ocrx_word' id='word_1_260' title='bbox 250 2930 369 3010; x_wconf 57' lang='lat' dir='ltr'>probat}</span> <span class='ocrx_word' id='word_1_261' title='bbox 389 2943 440 2995; x_wconf 89' lang='lat' dir='ltr'>aut</span> <span class='ocrx_word' id='word_1_262' title='bbox 460 2933 586 3010; x_wconf 87' lang='lat' dir='ltr'>imponit</span> <span class='ocrx_word' id='word_1_263' title='bbox 608 2931 776 3006; x_wconf 75' lang='lat' dir='ltr'>exodium,</span> <span class='ocrx_word' id='word_1_264' title='bbox 798 2948 866 2993; x_wconf 90' lang='lat' dir='ltr'>oum</span> <span class='ocrx_word' id='word_1_265' title='bbox 887 2939 1009 2992; x_wconf 90' lang='lat' dir='ltr'>sanctus</span> <span class='ocrx_word' id='word_1_266' title='bbox 1027 2933 1066 2992; x_wconf 91' lang='lat' dir='ltr'>sit</span> <span class='ocrx_word' id='word_1_267' title='bbox 1089 2934 1177 3010; x_wconf 88' lang='lat' dir='ltr'>hujus</span> 
     </span>
     <span class='ocr_line' id='line_1_31' title="bbox 139 3021 1066 3100; baseline 0 -18"><span class='ocrx_word' id='word_1_268' title='bbox 139 3021 301 3098; x_wconf 78' lang='lat' dir='ltr'>iuramenti</span> <span class='ocrx_word' id='word_1_269' title='bbox 314 3022 381 3082; x_wconf 88' lang='lat' dir='ltr'>finis</span> <span class='ocrx_word' id='word_1_270' title='bbox 392 3023 514 3084; x_wconf 86' lang='lat' dir='ltr'>arcendi</span> <span class='ocrx_word' id='word_1_271' title='bbox 527 3023 655 3095; x_wconf 69' lang='lat' dir='ltr'>fraudes</span> <span class='ocrx_word' id='word_1_272' title='bbox 671 3031 700 3082; x_wconf 89' lang='lat' dir='ltr'>et</span> <span class='ocrx_word' id='word_1_273' title='bbox 712 3021 900 3100; x_wconf 62' lang='lat' dir='ltr'>praecavendi</span> <span class='ocrx_word' id='word_1_274' title='bbox 913 3022 999 3082; x_wconf 88' lang='lat' dir='ltr'>dolos</span> <span class='ocrx_word' id='word_1_275' title='bbox 1012 3027 1024 3097; x_wconf 91' lang='lat'>(</span> <span class='ocrx_word' id='word_1_276' title='bbox 1044 3025 1066 3094; x_wconf 94' lang='lat'>).</span> 
     </span>
    </p>
   </div>
   <div class='ocr_carea' id='block_1_5' title="bbox 175 3160 727 3228">
    <p class='ocr_par' dir='ltr' id='par_1_5' title="bbox 175 3160 727 3228">
     <span class='ocr_line' id='line_1_32' title="bbox 175 3160 727 3228; baseline -0.005 -13"><span class='ocrx_word' id='word_1_277' title='bbox 175 3161 209 3228; x_wconf 85' lang='lat' dir='ltr'>(l)</span> <span class='ocrx_word' id='word_1_278' title='bbox 223 3161 356 3215; x_wconf 87' lang='lat' dir='ltr'>Doctores</span> <span class='ocrx_word' id='word_1_279' title='bbox 366 3161 402 3214; x_wconf 89' lang='lat' dir='ltr'>ad</span> <span class='ocrx_word' id='word_1_280' title='bbox 415 3162 455 3214; x_wconf 87' lang='lat' dir='ltr'>tit.</span> <span class='ocrx_word' id='word_1_281' title='bbox 471 3161 504 3215; x_wconf 89' lang='lat' dir='ltr'>de</span> <span class='ocrx_word' id='word_1_282' title='bbox 518 3160 727 3228; x_wconf 75' lang='lat' dir='ltr'>juramentum.</span> 
     </span>
    </p>
   </div>
   <div class='ocr_carea' id='block_1_6' title="bbox 0 0 1266 4080">
    <p class='ocr_par' dir='ltr' id='par_1_6' title="bbox 0 0 1266 4080">
     <span class='ocr_line' id='line_1_33' title="bbox 0 0 1266 4080; baseline 0 2"><span class='ocrx_word' id='word_1_283' title='bbox 0 0 1266 4080; x_wconf 95' lang='lat' dir='ltr'> </span> 
     </span>
    </p>
   </div>
  </div>
 </body>
</html>
