2432 4078
555 177 717 234 —342-

135 304 206 360 sunt
218 299 247 360 in
263 299 345 360 omni
357 303 535 360 testamento
557 298 597 359 ad
617 299 683 374 alus
700 297 889 374 validitatem,
914 297 1004 360 etiam
1019 298 1048 360 iu
1065 303 1161 359 testa-

134 394 237 448 mento
251 385 457 464 privilegiam
480 393 613 448 externae
635 404 708 449 vero
725 387 903 449 necessariae
924 395 994 448 sunt
1012 403 1118 448 omnes
1131 387 1161 448 in

134 482 312 536 testamento
334 474 469 548 solemni,
484 475 538 536 sed
558 475 589 534 in
609 481 787 538 testamento
809 475 993 554 privilegiato
1012 475 1163 536 sufficiunt

134 565 271 642 quaedam
294 566 397 641 alege
418 563 585 641 spetialiter
608 565 875 638 determinataelt).
902 570 1048 626 Praeterea
1071 571 1161 626 testa·

133 660 268 716 mentum
282 651 374 714 dividi
386 659 486 732 potest
498 651 528 713 in
541 655 714 732 palacium,
726 654 808 730 quod
819 654 950 714 validum
962 659 1008 714 est
1021 653 1114 714 etiam
1126 653 1162 713 de

130 743 199 820 jure
210 741 298 816 civili,
313 747 344 802 et
357 743 571 818 annastasius,
593 741 762 819 quodjuris
775 742 868 803 civilis
886 742 1087 804 assistentiam
1103 759 1162 802 uon

133 831 238 904 habet,
262 829 294 892 in
306 836 517 892 testamentum
530 831 569 892 ad
582 847 705 892 oausam
717 833 889 908 profanam,
912 837 943 892 et
956 831 988 891 in
1001 837 1161 892 testamen·

132 926 197 982 tum
209 919 248 982 ed
268 936 392 982 musam
407 919 500 996 pium.
524 924 568 980 ln
584 926 685 980 autem
703 925 915 980 testamentum
931 919 970 982 sit
982 920 1022 980 ad
1040 935 1161 982 causam

131 1011 298 1090 protanam,
311 1009 361 1070 vel
374 1007 454 1085 piam
471 1007 666 1085 judicandum
680 1016 727 1069 est
739 1009 777 1068 ab
791 1009 911 1070 haerede
928 992 1079 1083 institut&
1094 1009 1161 1069 hino

130 1105 341 1160 testamentum
355 1097 393 1158 ad
406 1113 529 1158 causam
547 1097 628 1174 piam
650 1103 696 1158 est
714 1097 787 1158 illud
805 1103 930 1174 tantum,
951 1097 981 1157 in
996 1115 1059 1174 quo
1074 1114 1162 1158 causa

130 1187 179 1266 pia
186 1185 422 1250 haeresinstituta
435 1191 490 1259 est,
507 1185 570 1265 sive
583 1191 709 1246 testator
720 1185 759 1246 sit
771 1186 910 1262 clericus,
926 1185 988 1246 sive
1002 1185 1099 1246 laicus
1112 1189 1160 1260 (3).

129 1280 231 1354 Neque
243 1276 374 1352 legatum
391 1273 474 1351 pium
486 1273 517 1334 in
537 1280 717 1337 testamento
730 1275 867 1336 relictum
886 1275 986 1351 ipsum
1001 1281 1161 1336 testamen·

129 1363 290 1442 tempium
303 1363 419 1424 reddit:
433 1379 504 1424 nam
518 1363 544 1422 si
558 1363 599 1424 ita
612 1379 662 1424 res
674 1380 707 1424 se
725 1364 859 1438 haberet,
868 1363 967 1426 omnia
981 1363 1044 1425 lere
1059 1365 1160 1424 catho-

129 1451 256 1514 licorum
269 1457 446 1512 testamenta
457 1451 506 1528 pia
526 1451 636 1526 forent,
659 1467 729 1512 cum
742 1453 805 1513 fere
825 1452 925 1512 omnia
943 1453 1068 1530 aliquod
1083 1452 1161 1529 pium

128 1543 260 1618 legatum
266 1541 447 1602 contineant.
457 1543 677 1602 'testamentum
684 1547 755 1602 tunc
764 1541 1005 1618 deniquedicitur
1012 1541 1160 1603 iactumin

129 1647 252 1692 causam
263 1631 354 1708 piam,
365 1645 435 1690 curn
449 1629 607 1690 haereditas
620 1630 797 1707 relinquitur
811 1631 918 1692 intuitu
929 1631 981 1692 liei
994 1631 1035 1692 ad
1050 1631 1159 1692 cultum

129 1717 272 1796 divinum,
279 1721 328 1781 uel
337 1718 377 1780 ad
388 1717 447 1778 alia
457 1733 549 1795 opera
558 1719 770 1780 misericordia
780 1719 820 1780 ob
830 1721 937 1782 anime
943 1719 1062 1782 bonum
1075 1725 1125 1794 (l).

160 1915 195 1986 (l)
205 1917 309 1970 Dicitur
320 1915 420 1971 ultimo
428 1917 563 1976 uoluntas,
574 1915 639 1982 quia
652 1919 843 1970 testamentum
852 1931 906 1969 non
919 1919 1097 1972 oonnrmatur
1108 1919 1160 1972 nisi

128 1991 157 2042 in
168 1994 253 2044 morte
268 2008 275 2050 3
289 1989 360 2042 unde
374 1989 513 2054 dispositio
528 1988 557 2040 in
573 1991 731 2040 testamento
753 1987 817 2040 data
840 1995 932 2042 manet
945 1990 973 2041 in
990 1991 1107 2044 arbitrio
1122 1995 1157 2042 te-

128 2061 237 2115 statoris
247 2059 285 2112 ita
296 2066 328 2112 ut
341 2069 391 2112 nec
405 2059 503 2119 haeres.
516 2073 566 2111 nec
581 2059 738 2122 legatarius,
752 2073 802 2112 nec
817 2061 974 2113 donatarius
989 2076 1077 2114 cause
1090 2075 1158 2114 mor·
1214 2081 1215 2115 l

129 2135 164 2186 tis
178 2131 287 2197 aliquod
299 2133 345 2197 jus
356 2136 536 2197 consequatur
545 2131 574 2182 in
587 2131 644 2182 vita
656 2131 802 2197 testatoris,
818 2133 865 2198 qui
879 2133 939 2184 sine
951 2133 1108 2198 cujuspiam
1124 2135 1159 2184 in·
1213 2171 1214 2205 ,

125 2205 200 2270 juria
212 2207 299 2272 potest
312 2202 347 2254 sd
364 2202 473 2253 libitum
489 2215 566 2254 suam
582 2201 786 2268 dispositionem
798 2208 912 2254 mutare.
926 2203 1033 2255 Dicitur
1043 2204 1157 2269 leuitime

127 2275 277 2334 ἀοσίαναὶα,
292 2273 357 2340 quie
369 2273 398 2326 in
410 2274 579 2326 testamentis
595 2273 772 2326 observande
792 2279 857 2326 suut
874 2274 948 2339 juris
961 2274 1155 2328 solemnitates.
1212 2271 1213 2297 ¹

127 2345 243 2412 Reliqua
256 2358 318 2398 vero
333 2343 498 2396 definitionis
518 2343 602 2394 verba
621 2343 703 2409 hrains
724 2344 870 2396 voluntatis
888 2343 1025 2412 objectum
1048 2345 1155 2397 demon·
1211 2346 1212 2388 l

129 2421 224 2470 strant.
245 2415 362 2480 Quidam
381 2416 541 2480 adjungunt,
556 2413 627 2466 hanc
640 2414 806 2466 voluntatem
820 2415 920 2468 debere
934 2429 995 2468 esse
1017 2417 1157 2482 proprium
1210 2427 1211 2477 i

128 2487 275 2547 testatoris,
292 2487 424 2552 quianon
438 2490 526 2552 potest
540 2487 566 2536 in
582 2486 666 2537 alium
679 2499 757 2538 suam
769 2487 925 2540 facultatem
939 2487 1058 2539 testandi
1070 2493 1155 2540 trans·

127 2560 214 2621 terrm
225 2559 273 2612 sed
285 2558 460 2612 maurentius
479 2556 520 2606 Ill
535 2557 677 2610 manifeste
691 2557 849 2622 declaravit,
862 2557 933 2624 quod
946 2558 995 2624 qai
1006 2563 1154 2612 salsensem

127 2630 293 2684 uoluntatem
304 2628 335 2681 in
345 2627 458 2682 alterius
472 2626 674 2694 dupmitiooam
687 2628 841 2694 committit,
851 2641 906 2680 oon
916 2629 1024 2682 vitietur
1034 2630 1153 2684 decodcre
1208 2627 1209 2659 i

127 2702 278 2756 intestatus.
296 2701 359 2766 Cap.
379 2700 417 2762 13,
442 2699 476 2750 de
496 2703 613 2758 testam;
632 2699 703 2764 quod
717 2701 834 2752 maxime
849 2699 1052 2764 intelligendum
1066 2707 1108 2754 est
1121 2701 1153 2752 de
1207 2703 1208 2749 l

128 2773 295 2827 testamentis
310 2772 343 2822 ad
357 2771 416 2838 pias
428 2783 533 2822 causas.
549 2795 580 2808 ·-
593 2771 629 2835 (2)
641 2769 695 2821 Nos
709 2771 858 2823 omittimus
870 2775 1034 2823 testamenta
1047 2771 1082 2824 ad
1097 2773 1150 2823 ior·
1206 2789 1207 2839 i

127 2857 199 2897 mam
210 2843 282 2909 juris
292 2841 387 2902 civilis,
399 2855 460 2908 que
474 2841 550 2893 varia
566 2847 631 2893 sunt
646 2843 725 2907 joam
743 2843 875 2908 speciales
888 2855 1024 2909 cujusque
1037 2841 1150 2895 nationis
1205 2867 1206 2929 l

127 2915 211 2981 lagos.
230 2939 259 2952 -
282 2913 319 2974 i³i
341 2912 371 2964 Si
392 2927 457 2966 vero
479 2915 671 2966 testamentum
689 2913 758 2966 duos
776 2914 901 2978 designet
923 2913 1056 2977 herodas,
1069 2927 1150 2967 uuum
1204 2947 1205 2950 η

127 2985 361 3052 uium,etaliun1
383 2985 536 3051 profanum,
560 2987 644 3036 totum
669 2987 861 3036 testamentum
882 2985 972 3052 potius
998 2986 1147 3050 profanum,

127 3070 209 3123 quam
226 3055 300 3120 pium
311 3054 457 3122 judicatur,
481 3055 544 3122 quia
565 3055 619 3106 nisi
639 3055 676 3108 ita
696 3055 874 3122 judicaretur,
894 3062 977 3122 quota
997 3057 1025 3108 in
1044 3070 1148 3110 oausam

127 3128 265 3193 profanam
279 3126 374 3178 relicta
385 3126 419 3176 ob
435 3124 570 3178 delectum
584 3126 785 3178 solemnitatum
801 3129 910 3179 omuino
925 3128 1040 3192 periret,
1055 3134 1082 3179 et
1092 3127 1147 3178 ideo

127 3198 162 3251 sd
175 3202 319 3262 utramque
333 3199 443 3261 quotam
461 3198 603 3249 tutandam
623 3201 811 3250 testamentum
827 3198 862 3250 sd
873 3199 988 3250 formam
1001 3198 1147 3250 testatmnti

126 3268 232 3335 profani
245 3266 414 3320 condendum
424 3271 473 3319 est.
491 3295 518 3306 -
533 3269 567 3332 lt)
578 3269 682 3320 idcirco
697 3273 887 3322 testamentum
900 3276 943 3322 est
955 3270 992 3323 ad
1002 3271 1075 3336 piam
1088 3281 1145 3322 oau-

127 3354 195 3404 sam,
209 3352 271 3390 eum
284 3337 428 3390 hareditas
445 3338 614 3406 relinquetur
634 3339 773 3402 Ecclesiae,
793 3341 836 3392 vel
859 3343 1032 3402 monasterio,
1050 3340 1091 3394 vel
1103 3352 1143 3392 ea·

127 3411 251 3474 minerlo,
267 3423 317 3476 pro
331 3409 512 3462 celebratione
526 3411 680 3475 missarum,
695 3412 753 3463 sive
776 3425 825 3477 pro
847 3409 1026 3478 eleemosynis
1039 3412 1142 3464 clerieo·

128 3495 198 3540 rum,
212 3481 255 3533 vel
276 3480 477 3540 monachorum.
502 3481 559 3533 sive
573 3495 622 3550 pro
645 3484 843 3535 constructione
858 3483 990 3548 ecclesiae,
1002 3485 1045 3536 vel
1057 3493 1141 3536 mone-

129 3552 215 3616 sterli‚
228 3551 271 3604 vel
285 3551 433 3612 seminarii,
450 3553 508 3604 sive
521 3552 603 3605 etism
617 3567 666 3621 pro
677 3555 833 3608 eorumdem
839 3556 1058 3620 consonatione,
1069 3557 1142 3607 atre-
