2560 4080
612 211 648 220 -
667 181 721 238 gqg
738 211 773 222 ..

171 281 379 366 determinant
405 300 597 362 suncdssimo
624 301 866 378 proponendum
892 299 988 361 Tertia
1012 297 1199 376 congregatio

180 391 298 468 cogitur
311 388 448 466 sequenti
460 388 534 450 teria
547 389 650 466 qmnta
663 389 694 450 in
707 388 819 450 Palatio
838 389 1010 466 Apostolico
1025 405 1130 450 coram
1141 388 1201 466 ipso

178 495 297 542 summo
310 479 463 553 Pontice,
477 479 526 540 cui
536 477 749 554 compendiose
757 478 927 538 referuntur
939 478 1041 538 omnia
1054 477 1087 536 in
1100 494 1201 554 prece·

178 567 261 630 denti
276 567 512 644 congregatione
525 574 611 644 gesta
625 573 766 628 cumtota
776 583 877 640 causa,
893 574 924 627 et
933 567 1106 644 specialiter
1120 584 1204 644 expo

178 665 290 718 nuntur
307 657 523 734 responsiones
545 657 622 717 datae
641 656 905 729 aconsultoribus,
929 674 1003 733 quos
1025 657 1208 732 quandoque

178 747 388 822 itemmaudit,
397 746 608 808 conclusiones
621 743 826 807 antecedeniis
836 745 1091 822 congregationis,
1101 751 1210 806 etvota

178 837 386 909 cardinalium,
410 853 446 898 ac
464 841 618 912 postremo
637 836 701 913 ipso
731 851 868 898 summus
895 835 1031 898 Pontilex
1052 851 1143 896 suum
1161 836 1210 911 ju-

177 926 289 988 dicium
302 926 417 1004 prolert
432 927 483 998 (t).

210 1071 246 1137 (l)
258 1071 311 1125 Hic
325 1085 470 1140 processus
483 1071 618 1125 efformari
642 1073 745 1139 nequit,
756 1071 810 1124 nisi
825 1083 894 1125 raus
905 1081 985 1124 sunm
1002 1071 1102 1124 babeat
1115 1071 1206 1124 deleu-

177 1157 269 1196 soram
285 1157 344 1196 osa
356 1144 483 1208 electum,
495 1144 570 1197 vela
588 1145 680 1209 judice
695 1143 729 1196 ad
742 1144 793 1196 boc
807 1159 841 1196 ax
860 1145 948 1196 cilicio
968 1145 1134 1208 deputatum.
1158 1145 1208 1195 Te·

179 1220 241 1268 stes
253 1217 409 1282 suggestive
419 1216 447 1267 in
462 1229 493 1268 eo
509 1217 667 1282 interrogati
685 1231 739 1268 non
763 1217 887 1282 probant.
908 1231 942 1270 ex
955 1229 1038 1268 cau-cc
1050 1215 1209 1275 inimicitie,
1277 1261 1278 1268 ,

177 1286 221 1338 uel
238 1287 307 1340 lucri
333 1287 414 1341 facile
435 1288 618 1353 excipiuntur.
631 1288 673 1338 Ad
687 1301 796 1354 prauam
810 1289 964 1339 canonicam
978 1301 1023 1338 reo
1036 1287 1210 1352 infligendam

177 1358 272 1410 delicti
286 1359 462 1425 probationes
477 1359 577 1410 debent
587 1372 648 1411 esse
661 1359 845 1424 plenissimae:
859 1373 893 1412 ex
906 1360 1125 1426 quibuscamque
1137 1359 1209 1410 enim

176 1430 447 1494 presumptionibus,
460 1429 577 1489 indiciis,
592 1437 620 1482 et
632 1431 893 1496 probationibus„ut
902 1431 1052 1498 praefertur,
1067 1444 1122 1482 non
1137 1443 1208 1481 com·

176 1499 270 1564 pletis,
292 1501 512 1554 condemnatoris
532 1503 678 1566 senmntie,
702 1515 852 1568 numquam
876 1503 1020 1568 protertur.
1041 1500 1209 1566 Quandoque
1277 1493 1278 1506 ¹

179 1577 267 1623 umen
282 1571 325 1623 his
339 1571 369 1622 in
383 1571 492 1624 casibus
506 1585 651 1638 processus
663 1574 840 1639 suspenditur
854 1587 915 1625 cum
930 1572 1061 1637 clausula,
1072 1573 1152 1637 nnnc
1166 1583 1209 1623 rc·

175 1645 445 1710 maneatcprccessn,
460 1645 539 1709 quus
555 1642 668 1696 allectus
688 1647 739 1703 est,
753 1646 784 1694 ut
804 1657 867 1696 reus
887 1644 957 1695 liber
976 1643 1011 1696 ab
1034 1642 1209 1709 inquisitione

175 1716 294 1774 maneat,
317 1713 403 1764 donec
426 1714 517 1766 delicti
541 1713 707 1768 sufficientes
730 1717 904 1780 probationes
920 1713 1137 1778 accentuare
1150 1715 1208 1780 ipse

177 1783 324 1849 inquisitus
339 1785 374 1836 ab
386 1783 437 1837 boc
454 1787 610 1850 gravamine
623 1791 696 1854 petet
707 1787 820 1838 liberari
836 1799 915 1840 suam
930 1785 1144 1838 demonstrando
1165 1787 1208 1836 in-

176 1856 336 1908 noeentiam.
353 1857 445 1910 Pmnae
460 1857 626 1924 pecuniariae
640 1857 802 1910 accincto
825 1871 880 1908 non
896 1857 1089 1910 admittuntur:
1111 1870 1209 1908 omnes
1277 1901 1278 1910 ,

175 1929 252 1978 actus
276 1927 343 1978 liunt
360 1929 444 1992 gratis
458 1927 577 1993 omuino,
593 1932 620 1980 et
644 1929 865 1994 congregationis
886 1930 1013 1993 ministri,
1034 1943 1065 1982 ac
1088 1928 1208 1993 operarii
1277 1919 1278 1956 ³

176 2010 240 2050 suos
253 1997 287 2049 ob
308 1998 426 2058 labores,
447 2000 491 2051 vel
515 2001 786 2066 operampraestitam
804 2002 843 2052 nil
861 2001 969 2052 omnino
985 2001 1151 2067 percipiunt,
1165 2006 1209 2052 ut-

174 2072 237 2136 pote
251 2070 298 2136 qui
312 2084 346 2122 ex
358 2069 497 2123 beneltciis
513 2072 715 2136 ecclesiasticis,
731 2072 773 2123 rel
789 2072 902 2126 aliunde
911 2072 1013 2124 babent
1024 2073 1061 2122 ab
1074 2072 1208 2130 Ecclesia,
1277 2063 1278 2122 l

174 2141 249 2194 unde
261 2141 362 2194 vivant.
378 2169 410 2180 -
425 2143 462 2206 (t)
476 2143 605 2196 Executio
619 2142 704 2209 hujus
715 2143 840 2208 judicati,
854 2148 885 2198 ut
899 2145 926 2194 in
940 2144 1018 2208 praxi
1030 2143 1150 2196 alianum
1163 2157 1209 2196 sn-
1277 2181 1278 2188 ,

175 2225 284 2265 ararum
301 2213 557 2280 congregationum,
569 2214 688 2267 locorum
703 2214 856 2268 ordinariis
869 2215 1022 2268 remittitur.

209 2385 274 2442 927.
294 2381 364 2442 nliae
378 2399 500 2460 quoque
514 2399 608 2468 secrae
632 2384 888 2460 congregationes
903 2385 934 2445 in
952 2383 1002 2444 illo
1016 2383 1211 2460 negotiorum
1277 2397 1278 2414 ³

173 2487 295 2546 genero,
312 2472 361 2531 cui
379 2480 451 2532 sunt
469 2472 647 2550 preposite,
663 2474 701 2534 de
718 2473 924 2549 contentiosis,
943 2473 1035 2535 immo
1049 2482 1080 2534 et
1094 2474 1136 2536 de
1150 2476 1210 2536 cri·
1277 2475 1278 2532 l

173 2559 332 2620 minalibus
353 2560 464 2621 debent
478 2562 659 2638 quandoque
678 2580 871 2640 cognoscere.
890 2564 1015 2635 Quoties
1028 2569 1132 2624 autem
1149 2565 1211 2624 hoc

173 2647 295 2724 iaciunt,
317 2650 478 2710 summaria
492 2651 588 2710 torma
605 2656 730 2714 utuntur
745 2653 788 2712 ed
801 2670 871 2714 eum
890 2655 952 2714 lere
966 2654 1100 2727 modern,
1115 2670 1212 2730 quern

176 2753 268 2812 supra
282 2739 319 2798 de
336 2739 620 2816 congregationibus
633 2740 764 2816 concilii,
776 2749 807 2802 et
820 2743 1035 2820 cpiscoporum
1050 2759 1088 2801 ac
1107 2746 1213 2820 Regu·

176 2825 286 2886 larium
309 2827 475 2890 retulimus.
501 2833 581 2890 inter
615 2829 865 2906 congregationes
892 2838 1005 2906 nmen,
1019 2830 1144 2906 quibus
1171 2833 1213 2894 de

175 2915 398 2992 questionibus,
412 2924 442 2978 et
462 2917 635 2979 criminibus
654 2918 764 2994 saepius
782 2937 966 2996 cognoscere
980 2921 1124 2996 occurrit,
1141 2923 1211 2981 duae
1277 2959 1278 2984 r

175 3003 342 3080 presertim
355 3008 549 3068 recensendae
563 3015 642 3083 sunt,
655 3025 780 3086 nempe:
793 3011 987 3087 congregatio
997 3009 1205 3084 immunitdtis,
1277 3069 1278 3076 ,

177 3092 226 3152 cui
248 3093 427 3164 addicuntur
447 3113 629 3172 processus,
657 3105 686 3158 et
704 3097 814 3172 judicia
833 3098 864 3158 in
882 3116 953 3158 casu
974 3099 1207 3175 appellationis,

177 3181 297 3258 quando
311 3182 349 3243 de
362 3183 548 3246 immunitate
557 3186 645 3248 locali
661 3186 759 3263 egitur
771 3190 824 3259 (l);
842 3195 871 3248 et
882 3189 1080 3264 congregatio
1088 3189 1127 3248 de
1142 3193 1210 3248 Pro

176 3271 314 3346 pagando
323 3272 392 3345 nde,
402 3276 488 3347 eujus
502 3281 548 3335 est
558 3291 663 3336 omnes
676 3277 739 3336 tere
749 3293 855 3336 causas
868 3275 1208 3353 definire,quaeiovica·

175 3356 300 3422 rictibus
314 3360 491 3437 Apostolicis
507 3363 598 3426 totius
609 3365 693 3425 orbis
704 3371 867 3426 occurrunt
880 3367 931 3437 (t).

206 3503 243 3570 (l)
258 3505 290 3556 ln
303 3506 473 3560 immunitate
487 3508 564 3576 reali,
578 3515 605 3562 et
623 3511 769 3577 personali,
778 3512 857 3564 sicuti
871 3513 952 3566 etiarn
966 3512 994 3566 in
1006 3513 1204 3580 jurisdictioni-

173 3569 226 3624 bas
240 3575 301 3628 bac
313 3579 491 3644 Congregetio
507 3581 589 3634 etiam
605 3586 749 3647 cognescit,
768 3584 817 3636 sod
831 3589 936 3636 tuntum
958 3587 1124 3640 cumulatius
1141 3599 1198 3640 cum
