2524 4080
508 187 667 244 ...355-

87 319 137 368 nou
148 307 182 373 sit
192 307 346 370 interdicta
358 325 377 370 a
391 309 469 386 lege,
485 313 519 368 ut
530 306 716 368 interdicitur
728 307 759 366 in
773 321 864 368 causa
879 303 975 383 spolii,
990 304 1085 396 depo·

85 395 131 469 siti,
148 404 195 458 aut
207 397 396 472 commodati,
412 403 443 458 et
455 397 667 458 alimentorum
680 400 733 470 (Ξ).

109 537 138 603 (l)
155 539 296 593 lloralistee
309 543 399 593 tamen
411 539 521 592 tradunt
540 539 656 592 maxime
671 552 720 604 pro
744 538 801 590 soro
815 536 995 600 conscientie,
1014 549 1086 589 oom-

84 613 252 672 pausationem
266 611 324 663 deri
338 615 420 663 ettam
432 611 461 662 iu
479 611 533 663 alia
546 610 645 675 specie.
657 610 684 662 S.
707 609 742 662 ile
755 609 861 675 Ligerio
876 607 895 660 l.
909 609 933 672 3,
947 622 973 660 u.
988 608 1043 660 bii.
1058 635 1089 646 -

84 680 109 741 tl)
123 681 210 733 debita
224 683 306 734 etiam
318 682 465 748 inequalia
475 685 692 748 compensantur,
703 685 734 732 ut
744 681 765 732 si
780 693 851 732 uuus
861 680 958 732 debeat
970 685 1087 737 cautum,

83 753 105 801 et
115 751 179 804 elius
191 753 354 815 biscentum,
368 754 396 804 io
411 759 518 805 centum
532 753 563 804 ut
575 752 765 819 compensatio.
778 751 835 803 Nec
845 751 927 802 refert
937 751 966 801 iu
980 757 1086 803 contre·

82 821 141 874 dum
160 837 293 890 regerere,
315 824 475 878 creditorem
499 837 552 876 uon
573 823 658 876 teneri
681 828 786 887 partem
808 821 904 874 crediti
922 827 1087 886 acceptaret

82 905 133 942 uem
147 893 195 948 hoe
211 909 307 950 verum
321 899 372 954 est,
383 907 445 948 eum
459 894 606 948 creditore
626 893 747 946 debitore
769 891 929 946 solutionem
942 892 1042 954 habet3
1059 891 1088 944 in

80 963 122 1016 hoe
133 979 193 1018 vero
208 979 274 1020 casu
290 965 407 1018 creditor
417 964 576 1018 solutionem
591 964 619 1018 in
632 970 710 1032 parte
723 964 820 1030 recipit
834 978 849 1016 a
865 976 904 1026 se,
919 963 984 1018 dum
1004 975 1086 1030 pecu·

80 1033 142 1088 niem
154 1038 253 1090 retinet
269 1051 318 1090 suo
332 1035 447 1090 debitori
461 1035 591 1088 debitam.

108 1233 164 1290 689.
183 1236 240 1295 Per
252 1229 508 1308 praesenptionem
520 1228 660 1306 obligatio
675 1227 779 1304 oritur,
793 1227 843 1288 vel
853 1227 985 1290 aufertur
996 1245 1003 1288 :
1015 1245 1088 1305 prae-

79 1317 186 1396 scriptio
199 1321 281 1380 euim
292 1325 390 1396 potest
404 1316 530 1392 definiri,
550 1319 681 1380 meditere
699 1317 788 1392 iuris,
802 1334 858 1395 quo
870 1334 923 1393 per
935 1319 1088 1394 possesio·

78 1423 137 1468 cert
149 1410 218 1469 certi
234 1407 382 1486 temporis,
403 1408 535 1486 aliosque
550 1407 726 1468 conditiones
741 1424 760 1467 a
776 1405 833 1484 lege
850 1407 1023 1482 perficitor,
1033 1407 1089 1482 jus

78 1502 123 1554 cut
133 1513 177 1557 rer
187 1498 289 1558 eliaca
300 1497 474 1574 acquiritur,
488 1495 533 1558 vel
544 1495 843 1574 propriucmittitcr3
855 1494 936 1572 quod
947 1493 1089 1572 alegibus

77 1582 201 1647 humanis
220 1585 356 1662 positivis
373 1591 435 1646 tam
455 1582 579 1659 civibus,
601 1601 690 1660 quam
704 1583 910 1646 ecclesiasticis
924 1582 1089 1644 institutum

76 1670 121 1731 luit
134 1673 170 1733 ad
182 1673 334 1750 publicam
346 1673 510 1748 utilitatem,
526 1690 565 1734 ne
578 1672 688 1734 diutius
699 1674 813 1734 incerta
826 1678 982 1736 manerent
991 1671 1088 1733 domi·

78 1761 120 1819 nia
138 1779 250 1836 rerum,
270 1769 300 1823 et
319 1761 386 1822 lites
400 1767 591 1840 augerentur,
605 1778 642 1820 ec
659 1761 749 1822 veluti
761 1768 914 1838 perpetues
927 1761 1089 1822 redderen-

77 1851 125 1910 tur.
148 1854 210 1912 Hoc
228 1868 301 1911 saue
324 1850 488 1912 remedium
508 1850 536 1910 in
559 1848 674 1910 ratione
691 1851 842 1926 fundatur,
857 1867 915 1926 qua
928 1849 1089 1912 edocemur

75 1936 218 2006 domiuum
237 1956 302 2000 rem
319 1957 403 2000 suam
418 1937 715 2013 coleradelendere,
737 1946 767 1998 et
780 1945 882 2014 petere
904 1939 998 1999 multo
1010 1945 1085 1999 tcm-

75 2041 139 2100 pore
151 2024 351 2106 negligentem
363 2027 457 2090 videri
470 2043 536 2088 eam
549 2045 605 2104 pro
617 2027 759 2098 derelicta
771 2027 881 2088 habere
892 2044 899 2104 3
912 2044 949 2088 oc
962 2027 1087 2104 proinde

75 2113 188 2192 dignum
210 2135 289 2190 esse,
305 2115 355 2192 qui
377 2133 395 2176 a
416 2117 482 2192 lege
505 2115 535 2176 in
556 2132 678 2191 poeuem
700 2115 885 2192 negtgentiae
907 2116 1013 2176 eedem
1032 2132 1087 2192 per

74 2205 303 2282 prescriptionis
315 2204 447 2268 medium
466 2203 600 2281 privetur
613 2207 665 2276 (l).
681 2205 750 2265 ldeo
771 2203 955 2281 praescriptio
968 2205 1007 2265 ad
1025 2205 1087 2264 lor-

73 2305 143 2354 mam
156 2309 315 2355 sacrorum
329 2305 478 2354 canonum
497 2291 627 2368 legitime
644 2293 777 2368 perfecta
790 2292 889 2370 ,ipsam
904 2292 994 2354 afficit
1013 2309 1086 2353 con·

73 2381 230 2458 scientiam,
240 2383 334 2456 itaut,
344 2381 369 2442 si
383 2381 421 2442 sit
434 2380 617 2458 acquisitiva,
629 2387 693 2442 tuto
702 2381 823 2442 retineri
834 2386 923 2457 queat
945 2381 1085 2458 adeptum

72 2469 110 2528 rei
122 2470 297 2545 dominium,
312 2475 342 2530 et
362 2467 387 2529 si
406 2470 445 2530 sit
464 2469 634 2540 extinctiva,
658 2471 748 2547 plene
761 2470 849 2530 detur
867 2469 1011 2530 liberatio.
1027 2475 1087 2530 Nec
1119 2482 1122 2488 ·

73 2557 228 2635 quidquem
249 2558 280 2618 iu
299 2558 483 2618 contrarium
504 2557 575 2618 facit
596 2560 698 2634 regula
715 2559 800 2635 juris,
815 2574 869 2634 per
883 2573 973 2634 quam
994 2573 1083 2618 nemo

72 2643 240 2723 locupletari
251 2651 350 2722 potest
361 2661 429 2706 cum
441 2646 536 2706 aliena
547 2648 663 2724 jactura
678 2667 684 2706 :
701 2664 769 2707 uem
783 2647 885 2722 regula
894 2645 1085 2723 intelligenda

72 2739 112 2792 est
124 2735 161 2795 de
175 2735 286 2812 injusta
299 2732 537 2815 locupletatione,
550 2751 611 2795 nou
624 2752 696 2798 vero
708 2735 847 2811 dejesta,
861 2741 891 2796 et
903 2753 921 2796 a
933 2735 999 2812 lege
1012 2752 1083 2812 pro-

71 2817 133 2882 bata
145 2841 184 2884 ex
200 2823 365 2901 justissima
380 2840 481 2898 caiisa,
494 2841 533 2884 ne
547 2823 577 2884 iu
591 2823 732 2886 societate
752 2823 881 2884 dominia
898 2840 999 2886 rerum
1018 2841 1082 2888 me·

71 2919 153 2972 neaut
172 2911 299 2984 incerte,
315 2913 363 2972 vel
379 2917 531 2988 perpetue
545 2912 642 2972 adsint
655 2907 802 2972 bonorum
818 2911 1017 2974 confusiones.
1035 2914 1080 2974 si-

70 2998 170 3059 militer
183 2999 257 3059 nihil
270 3001 301 3058 in
313 3000 495 3060 contrarium
504 2999 583 3074 lacit,
599 2999 679 3078 quod
703 3000 800 3060 aiebat
820 3000 981 3078 imperator
994 3002 1082 3064 lusti·

69 3085 178 3162 cianus,
193 3086 450 3164 praescriptionem
461 3103 527 3148 esse
544 3088 670 3164 impium
682 3088 863 3164 presidium,
875 3097 901 3152 cl
915 3091 1079 3168 improbam

71 3178 200 3252 temporis
212 3175 417 3252 allegationem
430 3177 488 3248 (i);
505 3174 622 3235 uamibi
633 3177 809 3252 loquebatur
819 3195 879 3238 nou
889 3177 1079 3256 delegitimo,

70 3265 225 3342 quamipse
235 3265 422 3341 probaverat,
431 3265 484 3324 sed
493 3264 531 3324 de
539 3263 628 3338 impia
635 3266 869 3343 praescriptione,
878 3285 937 3344 qua
946 3265 1081 3344 perversi

70 3350 199 3416 homiues
214 3359 318 3414 contm
330 3351 493 3414 Ecclesiam
505 3352 714 3414 abutebantur.

97 3503 130 3570 (i)
143 3505 316 3572 prescriptio
329 3505 435 3558 initium
447 3505 542 3559 habuit
550 3505 584 3558 ab
593 3507 766 3574 usucapione,
779 3521 833 3576 qua
846 3507 911 3562 olim
927 3517 970 3558 res
981 3519 1077 3576 corpo·

71 3576 131 3636 ab
142 3577 253 3644 nubilis
268 3577 502 3668 mnmpbbotm,
525 3577 553 3633 id
563 3581 605 3632 ert
620 3581 865 3646 per-continuatam
878 3579 1076 3649 possessionem
