2494 4062
605 121 747 178 ..70..

163 249 314 306 crementa
327 243 473 316 vivorum'⁴
481 241 656 318 recipienda
674 247 720 302 est
740 242 993 304 necessariaiam
1007 241 1054 302 his
1067 240 1204 302 ridendi

162 341 232 394 sunt
245 331 393 408 theologi.

195 490 228 556 tl)
242 489 403 542 Benedictus
416 488 492 552 XIV,
510 487 543 540 de
558 487 658 554 Synod,
670 487 723 568 ¹2⁸·
739 502 761 540 c.
777 487 814 541 14.

198 681 261 738 365.
276 675 488 752 impedimenta
506 673 673 734 dirimentia
687 673 907 736 matrimonium
922 675 978 736 alia
993 682 1063 736 sunt
1077 677 1199 738 consti-

163 771 226 826 tuta
246 783 265 824 a
285 766 353 840 jure
373 764 508 836 naturali,
525 764 606 839 quod
627 762 719 822 aflicit
739 780 844 824 omnes
868 771 982 840 gentes,
998 773 1028 825 et
1050 767 1107 826 alia
1122 775 1201 828 sunt

163 853 323 914 constituta
336 853 430 929 ajure
451 851 664 924 ecclesiastico,
681 853 761 927 quod
776 859 892 914 tantum
906 854 1086 914 Christianos
1107 873 1199 916 com-

163 943 312 1019 plectitur.
326 947 377 1002 Jus
388 959 459 1001 vero
470 941 555 1001 civile
567 941 669 1016 nequit
682 940 894 1016 impedimenta
907 951 1036 1003 statuere
1050 944 1196 1008 christia-

164 1048 271 1091 norum
290 1030 479 1091 matrimonia
506 1029 674 1090 dirimentis
688 1033 752 1100 nt:
773 1047 843 1090 nam
866 1032 1087 1091 matrimonium
1109 1034 1197 1093 Chri·

163 1120 329 1180 stianorum
355 1127 400 1178 est
426 1123 669 1193 Sacramentum,
701 1135 760 1194 quo
783 1119 900 1195 sponsis
914 1119 1012 1180 divina
1037 1122 1198 1181 confertur

163 1208 268 1285 gratia,
295 1216 326 1268 et
350 1211 427 1266 inter
455 1205 635 1280 Christianos
662 1206 739 1266 ratio
768 1215 940 1266 contractus
962 1226 980 1268 a
1007 1210 1197 1270 sacramenti

163 1298 279 1358 ratione
301 1294 433 1372 separari
445 1311 506 1354 non
524 1302 637 1370 potest,
653 1294 734 1370 atqui
750 1298 814 1355 sola
837 1297 965 1356 Ecclesia
981 1299 1020 1356 ad
1040 1299 1195 1358 exclusio-

164 1403 234 1448 nem
247 1387 461 1461 cnjuscumque
484 1383 557 1459 legis
580 1382 673 1442 civilis
687 1391 863 1459 potestatem
882 1384 970 1444 habet
991 1384 1071 1445 circa
1086 1391 1194 1447 Sacra-

163 1482 314 1546 mentum,
337 1491 409 1549 ergo
425 1473 513 1532 etiam
534 1473 613 1532 circa
633 1479 820 1532 contractum
832 1473 862 1531 in
877 1474 1019 1534 relatione
1034 1477 1071 1534 ad
1085 1481 1193 1536 Sacra-

163 1570 296 1624 mentum
312 1567 362 1635 (i).
374 1567 443 1622 llaeo
457 1560 565 1621 veritas
578 1562 772 1622 confirmatur
789 1580 807 1622 a
821 1562 917 1638 praxi,
933 1570 965 1623 et
974 1565 1194 1626 consuetudine

164 1652 303 1714 Ecclesiae
316 1669 334 1710 a
347 1653 450 1711 seculo
465 1657 571 1726 quarto
585 1651 741 1728 hucusque
755 1652 922 1725 observata,
939 1670 994 1728 per
1006 1671 1095 1728 quam
1107 1654 1193 1713 Chri·

164 1741 329 1801 stianorum
348 1739 569 1800 matrimonium
586 1739 719 1799 habitum
739 1757 858 1816 semper
871 1741 925 1800 luit
938 1749 971 1800 ut
984 1741 1124 1814 validum,
1139 1749 1194 1803 aut

164 1836 197 1890 ut
217 1828 333 1888 irritum
348 1834 438 1903 prout
463 1829 598 1887 terebant
617 1827 754 1888 Ecclesiae
776 1831 866 1901 leaes.
889 1830 971 1890 Unde
989 1829 1193 1893 tridentinum

164 1936 218 1979 eos
232 1918 420 1977 anathemate
434 1915 564 1990 damnat,
587 1917 637 1994 qui
651 1916 794 1990 dicerent,
811 1918 1045 2001 Ecclesiamnon
1058 1919 1192 1996 potuisse

164 2007 345 2068 constituere
371 2005 581 2082 impedimenta
616 1994 838 2080 matrimonium
876 2005 1060 2082 dirimentis,
1085 2008 1191 2069 autin

163 2097 269 2156 iisdem
283 2094 497 2155 constituendis
510 2111 627 2154 errasse
642 2099 652 2165 (
672 2098 694 2166 ).

200 2193 269 2246 llaec
284 2183 495 2259 impedimenta
512 2183 678 2244 dirimentia
700 2185 923 2260 quatuordecim
938 2192 1021 2260 sunt,
1034 2203 1099 2262 quae
1115 2203 1189 2246 con-

165 2275 296 2335 tinentur
309 2273 339 2331 in
352 2273 435 2333 hisce
448 2272 602 2332 versiculis
618 2293 625 2332 :
639 2279 739 2348 Error,
756 2275 896 2350 conditio,
911 2283 1024 2348 votum,
1041 2275 1188 2352 cognatm,

165 2363 289 2436 crimen,
303 2397 339 2406 -
354 2364 450 2422 cultus
468 2362 635 2438 disparitas,
658 2362 714 2435 vis,
731 2365 816 2437 ordo,
832 2364 971 2442 ligamen,
987 2366 1137 2439 honestas,
1153 2399 1190 2410 -

165 2453 190 2512 si
204 2453 245 2513 sis
259 2453 366 2525 affinis,
388 2459 417 2512 et
431 2452 457 2512 si
476 2461 561 2526 pater
574 2469 640 2512 esse
658 2452 804 2528 nequibis,
827 2485 858 2496 ·-
877 2453 902 2513 si
920 2452 1054 2525 Parochi,
1069 2462 1119 2514 ant
1133 2454 1187 2514 du-

165 2542 250 2619 plicis
264 2542 339 2603 desit
351 2540 508 2618 praesentia
523 2542 616 2617 testis,
638 2576 673 2626 ᾗ
691 2549 813 2619 raptare
834 2542 872 2603 sit
895 2541 1012 2617 mulier,
1038 2561 1094 2604 nee
1112 2545 1187 2620 parti

164 2630 280 2692 reddita
296 2636 392 2705 tutae(
411 2634 432 2700 i.

199 2799 236 2864 (t)
250 2797 327 2861 Quod
342 2798 366 2849 si
382 2798 429 2862 Jus
438 2795 516 2848 civile
532 2796 590 2848 haec
603 2797 795 2862 impedimenta
810 2802 919 2859 statuat,
935 2799 1139 2865 qualiacumque
1152 2812 1186 2850 aa

166 2871 229 2930 sint,
242 2872 362 2922 Ecclesia
376 2872 486 2922 minime
501 2871 634 2931 consulta,
650 2871 676 2920 et
695 2871 870 2936 approbante,
885 2884 1037 2937 perperam,
1055 2884 1085 2921 ac
1109 2869 1186 2920 nulli·

166 2947 208 2993 tar
223 2943 278 2994 lata
292 2943 434 3004 habentur,
448 2949 476 2994 et
491 2941 662 2992 nratrimonia
675 2955 736 2992 cum
758 2941 800 2992 his
821 2943 927 2992 statutis
947 2941 1143 3005 impedimentis
1158 2940 1185 2990 in

166 3015 261 3066 faciem
275 3015 403 3066 Ecclesiae
418 3014 536 3077 legitimo
551 3013 629 3063 modo
644 3015 778 3063 contracta
788 3026 861 3073 vera,
873 3019 900 3063 et
914 3012 1111 3063 indissolubilia
1127 3025 1184 3061 ma-

167 3087 293 3138 trimonia
307 3091 378 3143 sunt,
393 3092 424 3135 ut
442 3085 582 3151 rescripsit
591 3085 616 3135 S.
633 3085 810 3148 congregatio
827 3083 954 3149 episcopo
973 3083 1104 3134 Brixiensi
1118 3095 1185 3132 anno

170 3159 237 3212 1804.
253 3158 364 3210 Ricther
377 3159 411 3211 ad
426 3173 492 3210 sess.
507 3160 547 3224 24,
560 3159 592 3210 de
608 3157 656 3208 rel.
672 3161 750 3206 matr.
765 3169 793 3204 n.
810 3157 862 3206 119.
874 3155 966 3219 Reque
981 3155 1092 3204 attribui
1101 3156 1186 3219 potest

167 3231 242 3281 civili
256 3231 414 3282 anctoritate
429 3232 483 3281 alia
504 3231 619 3282 facultas
643 3226 776 3292 dirigendi
791 3232 818 3277 et
839 3227 950 3291 regendi
965 3226 992 3276 in
1008 3224 1187 3276 substantiali-

167 3301 229 3364 bus,
241 3309 269 3354 et
289 3302 438 3353 moralibus
457 3302 672 3354 Christianorum
696 3297 878 3360 matrimonia,
892 3298 948 3347 nisi
968 3297 1027 3348 haec
1045 3296 1185 3347 auctoritas

168 3386 218 3438 per
232 3371 282 3425 hoc
296 3373 386 3438 ipsum
396 3386 502 3440 pagana
515 3373 570 3436 tint,
580 3377 607 3422 et
620 3370 784 3422 execrandos
798 3368 945 3419 Gentilium
960 3381 1050 3418 mores
1071 3367 1183 3430 adoptet,

168 3457 200 3496 ac
214 3447 334 3496 sanctum
353 3445 554 3496 matrimonium
575 3443 604 3492 in
627 3441 768 3492 exitiosum
781 3452 958 3504 personarum
984 3437 1184 3488 contubernium

169 3521 313 3570 convertat.
327 3514 407 3571 Unde
426 3517 526 3572 mentio
546 3515 672 3568 damnata
683 3512 735 3564 tuit
753 3523 867 3579 sequens
887 3509 1052 3577 propositio:
1072 3505 1182 3560 decima
