2426 4070
472 207 614 265 ..p-p..

78 329 104 394 [ll
114 329 181 382 'inid
197 331 269 382 Sess.
286 330 339 382 ce
354 325 387 381 de
408 330 458 380 ret.
473 332 550 380 matr.
567 328 614 380 Sic
628 328 710 388 enim,
724 331 753 380 ul
771 328 808 380 ait
822 327 995 380 Innocentius
1005 325 1056 388 ΙΙΙ,

56 401 111 462 prior
125 402 261 454 dissensus
278 407 368 466 potest
391 401 508 452 transire
531 403 559 452 in
582 415 752 459 consensum,
775 400 812 452 ite
835 407 865 452 ut
884 400 955 466 quod
978 407 1058 452 antea

55 472 173 536 displicuit,
189 473 304 538 incipiat
322 473 498 537 complacere.
515 473 580 537 Cap.
600 473 684 522 ultim.
701 473 735 523 de
757 478 857 538 raptor.
877 472 930 524 Sed
950 471 994 522 hic
1006 485 1056 523 uo·

54 544 148 601 undum,
166 544 236 610 quod
255 544 445 595 Tridentinum
469 549 562 594 contra
588 550 732 607 raptorem,
747 545 898 605 consilium,
915 543 1056 601 auxilium,

55 617 74 661 et
84 614 182 666 levorem
194 615 350 679 praebentes
365 614 477 679 protulit
490 615 570 665 etium
584 627 692 679 pioenem
702 614 985 666 excommunicationis
999 614 1057 678 ipsc

54 683 99 746 jnre
106 685 297 748 incurrendam,
313 699 375 751 quae
385 701 437 737 non
451 692 491 737 est
502 691 649 744 reservate,
660 699 768 751 poeucm
778 690 917 751 perpetum
928 685 1056 748 iniamiae,

57 753 210 819 incapacitatis
224 757 261 808 ed
276 771 371 809 omues
383 757 538 822 dignitates,
549 756 725 822 depositionis
739 771 755 808 e
768 762 839 808 statu
854 756 1057 822 clericumque

55 824 144 879 ierendae
159 831 304 881 sententies
321 834 426 880 tantum
439 843 499 880 esse
514 828 650 890 videutur,
665 833 692 880 et
707 843 813 892 poenam
827 828 939 880 arbitrio
955 830 1056 895 judicis

53 895 134 950 dolendi
146 907 260 966 raptam,
276 899 334 952 sive
349 914 409 951 eam
424 906 516 964 raptor
537 899 637 950 hebeat
650 900 678 951 in
692 913 813 962 uxorem,
832 901 888 950 sive
902 914 963 951 non.
981 900 1055 956 Trid.

52 968 95 1018 eod.
116 997 142 1009 -
159 971 194 1035 (i)
213 971 307 1036 Hujus
328 974 468 1022 sententies
490 970 696 1022 fundamentum
711 971 843 1022 habemus
859 971 887 1022 iu
907 985 966 1037 cap,
983 971 1009 1033 d,
1023 971 1056 1024 de

52 1044 131 1103 raptor.
142 1041 168 1092 in
179 1056 233 1108 quo
251 1042 354 1093 Lucius
366 1042 416 1104 ΙΙΙ,
432 1041 461 1092 in
473 1055 547 1099 iesu.
562 1055 616 1107 quo
635 1042 744 1108 quidam
755 1043 882 1108 puellam,
897 1056 930 1094 ea
943 1055 1056 1096 consen·

51 1108 121 1175 lieute,
141 1118 278 1178 rapuerat,
303 1115 330 1164 et
346 1122 441 1179 postea
458 1113 657 1166 matrimonium
680 1127 795 1165 cumea
817 1118 997 1177 contraxerat,
1020 1115 1058 1167 ita

50 1180 78 1229 alt
89 1201 94 1230 :
106 1179 261 1246 letarentur
278 1182 336 1235 dici
348 1196 404 1236 non
426 1182 509 1247 dedet,
529 1196 593 1236 cum
617 1182 742 1238 mouerit
755 1183 876 1236 molieris
892 1197 1057 1250 consensum,

49 1253 68 1300 cl
78 1252 141 1314 prius
154 1269 213 1308 eom
223 1255 439 1320 desponsaverit,
451 1268 533 1320 quom
548 1253 708 1320 coenaverit,
722 1255 783 1308 licet
793 1259 916 1318 normico
925 1256 1057 1308 reclamo·

49 1327 103 1381 rent,
115 1339 130 1375 o
142 1326 234 1391 quidus
257 1339 321 1378 eom
341 1324 587 1391 diciturrupuissc.
615 1326 764 1378 Concordat
785 1325 883 1378 Glossa
906 1326 939 1378 ad
955 1327 1058 1379 dictum

50 1400 118 1455 caput,
132 1397 174 1448 ubi
189 1398 293 1464 legitur
310 1395 402 1451 :Noto
414 1396 485 1464 quod
497 1396 545 1448 udi
564 1396 663 1448 mulier
678 1397 819 1454 consentit.
836 1402 931 1466 ruptus
946 1410 1001 1450 nnn
1012 1397 1055 1449 di-

51 1463 112 1517 n'lur.
127 1469 156 1520 ln
175 1469 259 1536 hujus
283 1470 464 1521 conclusionis
486 1469 716 1520 confirmationem
740 1469 855 1521 accessit
877 1469 1004 1529 resolutio
1026 1468 1054 1520 Β.
1101 1523 1106 1530 ,

52 1533 197 1600 lounccnc.
210 1543 239 1592 ln
251 1539 448 1594 nuntiabant
468 1546 546 1591 mart.
567 1539 635 1592 titt.
651 1539 679 1592 in
700 1553 754 1606 que
767 1540 932 1592 declaratum
947 1541 1007 1600 fuit,
1021 1541 1057 1592 ad

52 1609 238 1664 numdandum
262 1610 465 1663 matrimonium
491 1625 546 1662 nou
569 1612 677 1663 obstare
696 1617 812 1678 raptum,
828 1615 1012 1664 consentiente
1029 1615 1057 1667 el

52 1689 189 1745 proponente
204 1683 310 1750 puella,
327 1684 508 1734 commissum.
524 1682 636 1734 Ricther
649 1682 682 1734 ad
698 1697 765 1734 sess.
779 1683 859 1744 inde
872 1684 919 1735 rei.
935 1687 1012 1734 matr.
1026 1697 1054 1736 n.

52 1747 81 1797 90.
93 1751 118 1801 Iu
138 1761 304 1806 contrarium
318 1758 407 1806 tamen
422 1759 484 1806 sunl
497 1755 628 1806 Doctores
647 1754 739 1820 magni
753 1754 879 1816 nominis,
896 1760 923 1806 et
936 1757 1054 1808 anterio·

53 1829 84 1870 tta
95 1823 117 1872 S.
131 1824 351 1892 congregationis
365 1826 526 1888 decisiones,
540 1828 571 1876 ut
584 1823 670 1876 videri
683 1829 773 1891 potest
787 1839 868 1889 penes
883 1827 922 1878 De
934 1827 1006 1879 Luca
1020 1828 1055 1880 ad

53 1890 102 1942 calc.
115 1893 175 1948 disc.
190 1900 214 1962 5,
231 1899 268 1950 de
291 1903 383 1960 matr.;
404 1902 431 1950 et
451 1897 610 1963 Rigantium
627 1897 661 1949 ad
676 1911 731 1962 reg.
756 1897 786 1948 119
808 1898 914 1952 Cancel.
937 1913 964 1950 n.
984 1899 1014 1952 66
1028 1904 1056 1952 et

54 1971 110 2028 seqq.
123 1967 225 2021 Atcum
240 1970 433 2022 Tridentinum
446 1970 474 2020 in
486 1969 537 2020 hoc
551 1970 679 2035 respiciat
689 1969 723 2020 ad
734 1968 886 2020 libertatem
897 1984 1054 2034 consensus,

54 2042 99 2094 tue
110 2037 209 2092 ridetur
223 2041 322 2092 adesse
333 2060 340 2103 3
356 2053 420 2092 nam
432 2053 579 2092 cousensus
590 2039 616 2089 iu
628 2043 734 2104 raptum
745 2053 778 2090 ex
792 2047 867 2105 parte
875 2040 993 2094 immines
1003 2041 1053 2092 im·

54 2103 248 2180 plicitecontinet
265 2112 349 2163 etiarn
364 2124 524 2163 consensum
543 2109 577 2160 ad
587 2109 796 2171 matrimonium,
811 2115 937 2175 putamus
947 2112 975 2162 in
989 2125 1056 2164 casu

54 2179 250 2240 inpedimentum
266 2197 320 2234 non
333 2195 403 2243 esse,
418 2183 481 2234 licet
495 2181 674 2234 concedamus
686 2182 807 2232 contrahi
817 2181 885 2234 alias
899 2197 993 2248 poenes
1007 2197 1054 2235 su·

55 2257 91 2306 litt
104 2264 239 2316 expressas
254 2268 273 2306 a
287 2254 444 2306 Tridentino
458 2252 583 2311 indictas,
600 2266 661 2318 quea
680 2253 827 2304 fundantur
851 2253 878 2304 in
901 2254 1056 2308 detestabili

55 2323 126 2383 ruptus
138 2324 266 2388 facinore,
282 2325 353 2392 quod
377 2327 462 2376 multa
476 2326 544 2376 solet
565 2323 662 2375 afferre
676 2324 757 2379 mila,
780 2324 807 2374 S.
824 2324 863 2376 De
877 2325 982 2390 Ligurio
997 2327 1015 2377 l.
1029 2327 1053 2391 6,

55 2397 75 2435 tt.
88 2391 143 2445 titt.
158 2424 183 2433 -
199 2399 234 2462 (3)
250 2399 278 2448 S.
298 2397 396 2448 Ductor
408 2397 466 2448 hec
478 2396 560 2448 habet
575 2416 582 2450 ι
604 2391 721 2462 Sponsus
733 2409 765 2447 ea
779 2395 839 2460 ipso
853 2395 1054 2459 desponsatione

59 2453 116 2536 iulet
131 2463 238 2533 aliquod
248 2470 298 2534 jus
311 2467 341 2519 in
351 2482 400 2520 suo
412 2481 519 2532 sponso,
534 2473 558 2518 el
577 2465 646 2530 ideo,
661 2465 785 2532 quamvis
800 2470 885 2532 peccel
896 2466 1054 2520 uiolentiam

57 2532 181 2600 teloneo,
197 2544 376 2592 excusatura
390 2539 504 2591 crimine
514 2541 618 2602 ruptus.
633 2539 658 2598 i,
669 2539 693 2601 Ι,
707 2544 803 2603 quaest.
822 2537 874 2598 tet,
892 2544 942 2590 art.
954 2537 1014 2589 ted
1028 2538 1051 2589 t.

58 2598 128 2660 Quoad
140 2614 244 2674 praxim
261 2619 350 2663 tamen
366 2610 511 2662 notandum
529 2630 535 2660 ι
553 2612 576 2660 t·
595 2611 665 2675 quod
687 2615 782 2674 raptus
799 2623 853 2660 nou
871 2611 1052 2676 praesumitur,

59 2673 92 2722 sed
103 2677 174 2732 dubet
190 2684 299 2746 probari
314 2702 320 2738 ι
334 2682 361 2732 2⁸
377 2681 448 2746 quod
471 2681 589 2745 legitime
609 2681 722 2746 probato
738 2684 815 2745 raptu
833 2680 1054 2746 impedimentum

59 2741 169 2814 merente
184 2761 259 2806 certe
266 2753 351 2820 judici
362 2759 484 2804 constare
494 2753 575 2804 debet
588 2752 622 2804 de
635 2752 759 2804 libertate
773 2758 800 2802 et
814 2754 958 2804 securitate
971 2765 1052 2818 spon·

57 2817 200 2881 autemut
222 2825 310 2876 linere
323 2829 414 2889 posset
435 2826 607 2887 consentire;
627 2822 653 2874 3⁰
676 2822 748 2888 quod
770 2822 793 2874 si
814 2822 848 2875 de
867 2823 918 2875 hac
939 2828 1053 2892 constet,

59 2895 134 2948 ⁵l⁰ttsa
142 2895 316 2958 presumitur
329 2902 429 2947 coacte.

84 3129 134 3190 393.
157 3137 268 3211 Raptus
288 3134 479 3208 seductionis,
503 3151 595 3210 aquo
612 3133 696 3194 abest
716 3134 814 3195 omnis
827 3135 872 3196 vis
886 3136 1010 3213 physica
1023 3141 1054 3198 et

60 3219 166 3292 moralis,
182 3223 303 3300 proprie
319 3232 421 3300 raptus
443 3239 502 3283 non
518 3231 572 3296 est,
594 3233 628 3284 ut
646 3230 727 3300 patet
745 3241 782 3284 ex
802 3225 869 3285 data
883 3225 1053 3286 definitione

61 3305 83 3357 tt
98 3304 227 3370 dirimens
247 3310 491 3387 impedimentum
509 3330 569 3372 non
595 3314 696 3386 affert3
712 3330 780 3372 nam
800 3313 966 3375 libertatem
991 3329 1053 3372 nou

61 3391 162 3456 lollitad
179 3400 398 3461 matrimonium
419 3401 601 3479 requisitam.
618 3401 671 3473 Qui
690 3409 791 3463 autem
812 3403 993 3464 contrarium
1006 3400 1052 3459 ni-

62 3482 143 3544 tunlm
167 3488 325 3564 sustinere,
356 3499 527 3568 supponunt
558 3491 747 3552 matrimonia
775 3488 1049 3552 tiliorum-familias

63 3566 152 3649 thsqm
162 3585 315 3653 parentum
323 3597 473 3642 consensu
484 3596 551 3642 esse
564 3581 655 3658 nulla,
667 3587 697 3643 et
710 3580 789 3642 idern
803 3596 869 3640 osse
882 3575 1051 3642 violentiam

147 3675 181 3730 11.
913 3677 929 3733 fi
