2410 4068
627 233 783 292 ..19⁶-

181 370 273 434 supra
282 355 345 434 jam
358 351 517 414 innuimus.
532 353 608 416 ilinc
621 353 754 432 sequitur
764 354 795 413 in
808 354 873 414 loro
887 343 1013 414 anteum
1027 351 1180 416 electiones

180 459 248 506 esse
259 443 397 517 ualidam,
411 443 437 504 si
449 443 623 506 ordinarius
637 445 727 521 eligat
738 457 831 504 uuum
846 459 885 503 ex
901 443 1094 520 approbatis;
1110 442 1180 506 sedi

179 535 246 596 loro
260 533 586 611 conscientiamque,
601 539 634 594 ut
648 535 738 611 eliget
751 531 918 610 digniorem
932 537 981 611 (Ξ).

210 681 247 746 (1)
259 681 317 734 Hoc
336 682 441 734 eruitur
459 695 492 734 ex
507 681 634 747 pluribus
646 681 830 736 decisionibus
846 681 875 732 S.
892 679 1180 746 congregationiadont

181 765 250 820 qrraa
258 753 342 806 reteri
354 752 465 806 Ricther
473 753 524 804 loc.
539 753 584 805 cit.
600 766 617 804 a
629 767 657 804 n.
672 753 709 806 ii.
720 753 777 806 Neo
788 755 878 820 potest
885 751 1033 806 admittere
1042 755 1165 818 parentes
1171 751 1180 810 i

138 841 140 848 ·
180 837 246 876 casu
254 824 473 883 renunciationis,
482 823 545 876 licet
555 823 720 876 contrarium
730 826 851 878 obtineat
861 825 889 874 in
898 837 965 876 casu
973 823 1080 875 mortis.
1094 821 1180 874 Ricths

177 894 243 947 ibid.
257 909 285 946 n.
303 895 381 948 ta-
394 895 431 962 (i)
445 896 486 946 ita
495 895 574 947 docet
587 895 614 946 Β.
625 896 751 959 Thomas,
765 899 796 949 at
808 895 897 948 eiectio
906 894 1068 960 impupnari
1078 907 1132 946 noa
1142 905 1180 962 pou

98 1003 102 1010 .
176 966 212 1019 sit
228 967 259 1020 in
271 967 331 1032 soro
344 965 486 1036 judiciali,
499 965 601 1032 sufficit
615 965 710 1032 etium
725 967 833 1030 bonam,
847 979 903 1018 nun
915 969 1018 1032 operat
1036 965 1132 1030 eiicere
1145 973 1180 1016 me

175 1037 280 1098 liorem.
299 1038 366 1104 quio
377 1037 416 1090 sic
429 1038 518 1090 munis
530 1038 622 1090 electio
639 1042 726 1104 posset
744 1037 1032 1091 murmurantium.
1047 1033 1102 1089 Sed
1119 1049 1180 1102 own

176 1112 236 1162 inm
254 1107 293 1160 ed
310 1107 502 1162 mandentium
526 1107 657 1174 clipeatis,
684 1121 786 1162 necere
810 1111 848 1161 est
874 1109 968 1174 stipere
991 1107 1141 1170 meliorem,
1161 1120 1180 1158 vt

176 1179 348 1246 simpliciter,
357 1179 398 1232 oei
412 1179 596 1246 comparative
610 1179 647 1232 od
659 1179 757 1233 bouum
771 1190 922 1233 commune.
937 1179 962 1242 2,
974 1179 999 1237 i,
1015 1193 1042 1244 q.
1059 1173 1100 1238 63,
1111 1193 1127 1230 a
1139 1180 1180 1230 ia

176 1251 201 1303 ³.
215 1253 362 1318 Propterea
376 1249 549 1304 Innocentius
561 1251 611 1310 XI,
626 1252 764 1304 damnavit
775 1251 929 1318 opinionem
938 1249 1060 1313 illorum,
1071 1249 1119 1314 qui
1130 1253 1180 1301 tenu

175 1321 253 1384 baut,
276 1335 294 1372 a
316 1321 474 1374 Tridentino
496 1321 603 1386 synodo
626 1321 695 1372 illud
718 1326 823 1375 tantum
848 1319 1000 1386 praescribi.
1025 1333 1062 1372 ne
1088 1317 1180 1384 indigui

174 1394 298 1520 {aulegia
312 1393 482 1518 pffiocbiales
492 1394 673 1454 conferantur,
684 1393 725 1446 uti
737 1395 858 1450 testetur·
863 1391 1029 1446 Benedictus
1039 1392 1107 1445 XIV
1116 1392 1143 1442 iu
1154 1387 1180 1444 cit

195 1465 233 1517 ul.
266 1478 314 1518 aaa
336 1465 341 1475 '
361 1465 407 1518 ed.
431 1517 435 1520 .

195 1636 273 1694 .497.
284 1631 338 1704 Qui
351 1649 385 1693 se
396 1637 480 1710 putat
490 1649 509 1692 a
520 1631 643 1710 judicio,
655 1632 717 1694 sive
730 1633 875 1696 relatione
889 1631 1138 1712 examinatorum,
1149 1646 1180 1688 au

173 1719 311 1797 Episcopi
329 1721 433 1782 laesum
446 1717 546 1797 potest
564 1722 603 1781 ad
626 1721 812 1798 superiorem
827 1723 979 1799 appellare
993 1725 1058 1796 (1);
1075 1721 1128 1782 sed
1145 1737 1180 1795 ap

172 1807 293 1884 pallatio
306 1807 395 1870 datur
412 1815 528 1872 tantum
541 1810 580 1870 ad
600 1811 740 1872 effectum
762 1811 973 1882 domiminum,
994 1827 1058 1871 non
1071 1827 1140 1871 vero
1159 1807 1180 1868 ai

172 1897 391 1974 suspensivum,
404 1915 442 1958 ne
456 1898 590 1959 Ecclesia
604 1899 816 1962 detrimentum
829 1900 957 1976 patiatur
971 1899 1025 1972 (i).
1040 1905 1180 1975 Propterea

171 1986 285 2046 electus
305 1986 335 2046 in
349 1987 514 2063 parocbum
534 1987 565 2046 in
583 1989 733 2063 parochiae
747 1989 970 2065 possessionem
988 1987 1180 2050 immittendus

170 2079 227 2146 est,
249 2081 279 2134 et
300 2092 319 2134 a
339 2075 529 2151 possessione
551 2079 737 2140 amovendus
759 2095 822 2140 nou
844 2084 900 2152 est,
918 2077 975 2138 nisi
994 2077 1077 2150 datis
1097 2081 1180 2136 contu

73 2180 79 2190 ·
170 2161 269 2236 ipsum
289 2161 406 2222 duabus
420 2165 574 2224 sententiis
589 2166 802 2240 conformibus
819 2183 887 2244 quas
898 2183 963 2226 rem
978 2165 1141 2243 judicatam.
1152 2163 1180 2220 fi<

169 2249 248 2310 ciant
264 2254 316 2323 (3).
332 2251 462 2312 Clericus
476 2254 629 2329 appellans
643 2260 709 2314 acta
725 2253 825 2314 omma
839 2269 1005 2314 concursus
1026 2255 1180 2330 producere

169 2337 268 2414 debet,
284 2355 341 2400 uec
350 2330 445 2414 judex
458 2341 664 2418 appellationis
678 2343 858 2402 senteutiam
870 2342 1075 2419 pronunciare
1087 2345 1180 2421 potest

168 2427 225 2486 uisi
238 2427 295 2488 illis
309 2429 391 2503 visis,
406 2435 436 2490 et
448 2430 621 2505 gravamine
634 2430 754 2504 audit03
771 2449 828 2492 nee
838 2431 1023 2508 recipiuntur
1036 2431 1069 2490 iu
1082 2428 1180 2509 judicit

167 2515 233 2576 aliae
254 2518 469 2592 attestationes,
492 2535 582 2595 quem
600 2519 667 2594 illae,
689 2535 756 2596 quae
777 2521 896 2580 luerunt
914 2526 1104 2597 praeseniatae
1126 2523 1180 2602 ente

168 2622 349 2668 concursum
367 2609 418 2677 (4).
433 2607 529 2668 iudex
551 2614 653 2668 autem
675 2609 881 2684 appellationis
896 2626 1089 2676 commonere
1106 2609 1180 2668 debet

165 2693 347 2771 Episcopum
360 2695 534 2756 collatorem
548 2696 586 2756 de
600 2697 799 2773 appellatione
813 2699 850 2758 ad
866 2716 898 2760 se
912 2699 1001 2776 iacta,
1019 2705 1052 2759 et
1063 2696 1180 2764 vicissit

164 2783 331 2858 Episcopus
343 2783 450 2845 litteris
461 2784 654 2846 familiaribus
669 2786 834 2848 admonere
847 2788 990 2862 judicem,
1007 2788 1117 2864 quibus
1128 2788 1180 2845 fue«

165 2869 205 2930 rit
224 2871 369 2946 impulsus
390 2871 499 2947 causis,
518 2890 556 2934 ne
576 2873 668 2934 alium
682 2875 809 2951 eligeret
819 2880 871 2949 (5).
886 2876 915 2936 Si
929 2883 1030 2938 tamen
1044 2876 1180 2954 Episcopo

166 2963 307 3030 suspecta
319 2956 357 3016 sit
367 2957 475 3035 judicis
489 2962 630 3037 appellati
644 2963 729 3038 fides,
745 2971 817 3024 tunc
831 2981 938 3025 cauma
956 2981 1018 3025 suae
1039 2962 1180 3027 electionis

165 3044 204 3104 ad
216 3049 246 3104 S.
259 3047 524 3124 congregationem
536 3051 657 3112 concidi
668 3052 786 3114 mittere
800 3069 861 3114 non
873 3053 1057 3129 prohibetur.

195 3183 230 3248 (t)
239 3183 358 3249 Tempus
367 3185 401 3236 ad
411 3187 620 3253 appellationem
632 3189 856 3256 interponendam
864 3205 1023 3245 concessum
1034 3193 1075 3245 est
1086 3191 1180 3243 tautum

164 3253 258 3308 decem
271 3255 404 3308 dieruma
415 3257 459 3310 die
474 3259 551 3312 lectae
565 3259 723 3314 collationis.
740 3263 824 3327 Epist.
838 3264 973 3329 encyclica
983 3262 1125 3316 Clementis
1135 3257 1177 3315 XI.

164 3340 191 3378 u.
208 3327 233 3390 6,
247 3339 329 3392 quam
344 3329 370 3408 tn
381 3343 408 3380 n
419 3329 465 3382 49³
479 3331 630 3400 elicuimus,
642 3335 672 3384 et
685 3328 829 3400 appellatio
849 3335 1006 3388 conceditur
1021 3329 1177 3387 solummodo

163 3397 265 3451 amolo
273 3397 404 3452 relatione
413 3401 690 3466 mamistanensem
701 3405 734 3457 ab
743 3404 932 3458 irrationabili
938 3405 1047 3474 judicio
1054 3398 1174 3469 episcopi·

163 3467 253 3529 Quare
268 3483 323 3520 uon
336 3471 453 3536 amplius
469 3471 542 3534 licet,
555 3478 585 3524 ut
599 3475 665 3526 olim
677 3475 778 3528 licebat
790 3477 825 3528 ad
840 3489 941 3528 novum
954 3477 1104 3529 formaliter
1116 3484 1172 3524 era·

161 3549 226 3618 men
241 3540 397 3606 appellere,
412 3555 475 3592 nam
488 3543 655 3608 experientia
669 3551 837 3610 compertum
851 3552 901 3607 est.
917 3548 986 3600 banc
1000 3549 1104 3612 praxim
1117 3555 1172 3611 per·

160 3609 277 3662 umissos
291 3609 394 3668 babere
406 3609 525 3666 allectus
543 3613 694 3684 appellans
707 3617 780 3671 euim
794 3615 883 3671 auimo
896 3619 1015 3692 parcitus
1028 3619 1062 3672 cb
1085 3613 1170 3691 repul·
