2432 4078
460 203 621 260 ..349-

85 323 137 382 tlt.
156 323 256 399 legari
269 329 397 399 possunt
411 337 516 384 omnes
528 341 588 398 res,
603 341 669 400 quse
683 323 797 386 suntin
807 324 961 386 bominum
978 339 1058 386 oom-

56 409 160 485 nereio,
169 412 230 472 sire
243 415 428 488 corporales,
436 413 499 474 sive
512 413 717 490 incorporales
734 413 803 488 sint,
813 419 847 474 ut
859 415 1058 488 ususfructus,

56 505 79 556 et
87 499 131 574 jus
144 501 328 576 piscationis3
349 501 410 562 sive
423 510 597 578 praesentes,
613 502 675 562 sive
695 504 802 563 iuturae
814 509 848 565 ut
866 503 984 578 messis,
1007 508 1059 564 aut

54 585 182 648 vindemia
195 590 285 650 lutun'
298 591 384 651 anni:
396 590 489 667 legari
496 598 594 666 potest
608 592 724 668 species
737 593 767 652 in
776 608 897 668 genere,
908 599 941 652 ut
949 609 1056 669 equus,

55 675 155 748 species
175 676 203 737 in
228 678 392 752 individuo,
411 685 445 739 ut
462 696 557 757 equus
577 680 661 740 rolris
679 679 709 740 in
736 681 864 752 stabulo,
888 687 923 742 et·
941 680 1058 756 quanti·

53 771 98 836 tas,
115 771 146 825 ut
165 765 269 828 decern
289 768 355 828 cadi
378 768 455 842 olei,
479 769 532 829 sed
553 769 583 830 in
599 771 696 845 legato
715 769 826 846 speciei
852 770 883 829 in
904 769 1057 830 individuo

52 851 206 930 notandum,
222 857 303 932 quod
322 855 476 930 damnum,
491 865 521 918 et
542 859 660 918 lucrum
680 865 747 933 post
766 864 894 920 mortem
908 857 1058 919 testatoris

51 940 162 1013 pertinet
174 944 214 1004 ad
227 944 413 1022 legatarium,
433 947 482 1007 cui
495 963 545 1006 res
558 947 646 1022 perit,
661 952 691 1006 et
703 945 875 1020 fructificat,
888 947 961 1006 dum
970 945 999 1005 in
1014 947 1057 1006 ls-

50 1035 107 1101 grto
118 1033 224 1108 speciei
237 1033 268 1094 in
281 1050 402 1110 genere,
418 1041 448 1095 et
461 1035 492 1094 in
510 1034 608 1110 legato
622 1034 792 1112 quantitatis
811 1036 954 1095 damnum
969 1041 1000 1096 et
1010 1034 1059 1094 ln-

51 1131 121 1178 erum
132 1121 274 1198 usquead
283 1121 327 1183 rei
343 1122 530 1183 traditionem
542 1123 580 1182 ad
592 1122 742 1183 haeredem
751 1121 879 1198 pertinet
892 1125 934 1195 (t)
945 1141 953 1183 z
965 1120 1058 1198 legari

49 1212 133 1278 potest
145 1227 255 1272 nomen
275 1210 429 1285 debitoris,
443 1210 506 1272 sive
519 1210 551 1272 id
569 1211 650 1288 quod
671 1211 788 1272 debitor
809 1211 898 1271 debet
911 1209 1055 1285 testatori,

50 1298 73 1351 et
85 1295 108 1353 si
125 1297 241 1359 debitor
255 1299 294 1359 sit
311 1299 375 1376 ipse
392 1300 561 1376 legatarius,
578 1299 687 1360 dicitur
701 1301 832 1375 legatum
852 1298 1054 1372 liberationis:

47 1379 126 1458 legari
136 1387 257 1448 demum
270 1394 371 1464 potest
391 1389 504 1450 lectum
523 1389 693 1462 honestum,
708 1405 757 1448 ex,
780 1404 825 1463 gr,
848 1394 882 1447 ut
903 1387 999 1448 haeres
1012 1391 1059 1446 tot

47 1470 137 1534 ltissas
150 1476 295 1538 celebrari
307 1475 407 1554 beist,
422 1479 468 1538 vel
484 1477 574 1537 talem
590 1478 814 1554 eleemosynam
828 1476 985 1536 distribuat
1003 1481 1013 1548 (
1034 1480 1055 1549 ).

70 1645 102 1710 (t)
121 1648 184 1702 ldeo
203 1651 341 1716 quantitas
363 1651 453 1716 panis,
478 1653 526 1702 aut
544 1651 599 1702 vini
619 1650 707 1716 legata
726 1663 836 1715 semper
855 1648 985 1702 tradenda
1003 1651 1056 1712 est,

45 1716 134 1771 etamsi
148 1722 305 1774 earumdem
318 1724 449 1774 mercium
462 1724 577 1788 pretium
590 1724 743 1783 adsuetum,
757 1723 800 1774 vel
814 1722 985 1773 imminutum
996 1721 1054 1772 tirs-

45 1787 81 1850 rit,
94 1793 122 1841 at
132 1792 254 1844 delinivit
266 1793 294 1844 S.
314 1792 490 1858 Congregstio
504 1793 617 1844 Consilii
631 1793 674 1844 die
699 1795 726 1845 13
747 1794 876 1859 septemb.
894 1793 962 1844 1856.
975 1819 1006 1829 -
1021 1792 1057 1856 ti)

44 1855 70 1907 ln
81 1860 254 1930 eleemosynae
267 1863 458 1916 distributione
471 1861 578 1916 ceteris
596 1864 760 1929 praelerendi
778 1869 843 1916 sunt
863 1877 1000 1930 pauperes
1014 1867 1056 1915 te·

43 1931 140 1984 statoris
162 1934 366 2000 consanguinei,
384 1934 489 1986 atinde
511 1947 644 2001 pauperes
662 1935 758 2000 patrias
779 1934 926 1998 testatoris,
940 1935 1012 1998 quie,
1025 1935 1058 1985 ut

45 2002 127 2055 scribit
143 2005 170 2056 S.
182 2005 355 2064 Ambrosius,
370 2006 491 2072 perlecta
504 2005 652 2060 liberalitas
674 2006 736 2071 ride,
750 2019 842 2066 eausa,
858 2006 922 2064 loeo,
939 2007 1056 2070 ternpore

44 2075 285 2138 numanatensi
306 2075 427 2138 primum
436 2076 555 2140 opereris
565 2077 640 2129 circo
650 2076 804 2131 &melicos
819 2075 891 2140 ride,
902 2078 954 2126 nist
968 2081 1057 2127 extra·

42 2153 100 2194 nens
110 2145 230 2213 indigeat
248 2147 283 2198 ad
304 2153 471 2210 mentemst
491 2147 630 2201 domestici
649 2148 686 2200 ita
699 2161 753 2201 non
770 2147 916 2212 indigeant.
930 2139 1003 2199 Cen!
1018 2147 1054 2206 rt.

43 2210 94 2266 dist.
108 2216 147 2278 to,
160 2223 187 2271 et
198 2217 289 2272 Gloss.
302 2218 386 2272 verbo
397 2217 560 2272 semaluos.

68 2447 126 2506 679.
145 2448 284 2510 Pluribus
296 2449 394 2510 modis
410 2449 540 2524 legatum
561 2446 626 2507 fleri
646 2452 756 2523 potest,
780 2460 888 2522 nempe
907 2461 994 2522 pure,
1016 2446 1056 2506 ad

40 2530 115 2604 diem,
130 2553 167 2598 ea
180 2539 238 2608 die,
252 2538 306 2598 seb
318 2537 491 2608 conditiore,
506 2536 559 2596 seb
574 2536 832 2605 demonstratione,
849 2534 903 2594 seb
921 2551 1011 2594 rauca
1028 2541 1056 2594 et

40 2622 83 2680 tab
97 2627 192 2688 medo.
218 2627 299 2686 Pure
311 2628 442 2702 legatum
455 2627 499 2698 fit,
520 2642 589 2686 eum
611 2626 727 2685 annila
750 2622 981 2696 circumstantia,
1004 2631 1055 2684 aut

39 2721 134 2774 eventu
148 2715 270 2792 pendet,
286 2717 372 2792 cujus
385 2715 483 2776 statim
498 2722 567 2792 post
582 2721 710 2774 mortem
723 2711 874 2773 testatoris
885 2712 949 2771 dies
965 2711 1055 2786 cedit,

39 2806 63 2858 et
74 2804 162 2879 venit,
176 2805 209 2866 id
223 2812 269 2866 est
288 2805 424 2878 debetur,
438 2809 470 2864 et
486 2803 565 2880 exigi
578 2809 688 2880 potest,
703 2801 743 2861 ita
756 2806 790 2861 ut
810 2801 870 2860 cito
884 2799 1055 2861 executioni

38 2893 195 2968 mandetur,
212 2895 261 2954 vel
271 2895 377 2954 saltem
389 2894 468 2952 intra
481 2901 625 2954 semestre
639 2909 657 2950 a
670 2890 719 2951 die
729 2890 833 2950 mortis
847 2889 1007 2963 testatoris,
1020 2896 1055 2950 ut

39 2986 76 3038 est
88 2983 278 3044 communior
290 2987 452 3042 Doctorum
465 2981 611 3041 sententia
627 2983 680 3052 (t),
693 2980 740 3039 vel
756 2977 795 3038 ad
814 2995 965 3040 summum
977 2979 1055 3039 intra

37 3081 149 3144 annum,
170 3069 196 3130 si
212 3078 317 3147 agatur
330 3071 368 3130 de
383 3087 492 3146 magno
513 3085 615 3146 opere,
630 3075 663 3129 ut
677 3068 715 3128 de
728 3068 930 3128 construendo
949 3083 1053 3128 mona·

38 3158 118 3218 sterio
132 3177 279 3238 expresse
292 3157 453 3220 declaravit
473 3157 631 3234 Gregorius
646 3161 682 3218 tx
701 3164 711 3230 (
730 3164 752 3231 l,
771 3156 829 3216 nisi
847 3163 972 3218 testator
990 3156 1055 3232 ipse

37 3243 106 3307 alind
128 3255 250 3326 tempus
269 3247 449 3325 praelinierit.
466 3252 507 3308 Eo
524 3263 597 3308 vero
618 3253 754 3322 tempore
775 3247 888 3321 elapso,
909 3245 1056 3305 subintrat

36 3333 194 3413 Episcopus
206 3345 359 3414 tamquam
371 3334 504 3397 omnium
515 3335 632 3412 piarum
649 3335 834 3396 voluntatum
848 3337 993 3394 executor
1000 3334 1052 3405 (3).

61 3515 94 3583 (t)
107 3521 132 3572 Δ
147 3519 267 3572 Mostene
290 3520 323 3572 ds
343 3532 417 3572 oeus.
435 3518 471 3586 pi.
492 3517 509 3570 i.
527 3517 549 3579 l,
572 3531 594 3571 c.
613 3517 651 3582 ιι,
665 3531 682 3570 a
695 3531 721 3570 n.
740 3517 778 3570 to.
793 3543 823 3555 -
837 3515 874 3583 (ι)
888 3515 953 3580 Gap.
971 3514 997 3579 3,
1017 3513 1051 3568 de

37 3589 132 3644 testem
145 3619 179 3629 -
189 3591 227 3658 (3)
240 3593 303 3658 Gap.
321 3591 345 3654 6,
358 3590 418 3644 eod.
432 3589 540 3643 etTrid.
555 3589 674 3650 sossii,
689 3603 712 3642 c.
728 3590 753 3653 8,
770 3589 804 3642 de
814 3587 864 3640 rel.

150 3679 189 3731 11.
913 3674 945 3728 2⁰
