2410 4068
584 173 740 230 ..wg-

157 312 218 356 non
233 269 333 368 estet
355 291 425 370 quis
440 307 530 354 nemo
553 293 621 372 plus
639 293 716 372 juris
738 293 768 352 io
791 290 881 354 atium
904 291 1054 364 transiens
1071 287 1143 361 talei,

156 400 248 461 mam
261 383 325 458 ipse
339 382 472 454 habeat(
490 389 512 453 i.

187 563 224 630 (i)
234 565 303 630 Gap.
318 565 343 616 i.
357 563 395 618 Ut
409 561 447 615 iit.
463 563 543 630 perid.
560 564 589 616 in
605 563 628 616 6.
643 589 675 602 -
687 561 721 629 (i)
737 561 859 616 Parisius
872 562 908 616 de
920 563 1016 630 resigu.
1032 560 1048 612 l.
1060 560 1081 625 t,
1093 571 1114 624 q.
1126 557 1142 607 t.

154 663 186 676 -
196 636 234 702 (3)
248 633 289 687 id.
303 635 323 687 1.
339 637 365 696 t,
378 649 405 703 q.
416 635 448 686 Ὦ
461 640 490 687 et
500 635 542 700 tt,
556 636 574 686 i.
591 636 617 699 ³,
632 649 659 702 q.
676 637 698 688 i.
858 673 873 702 ,

188 833 251 891 576.
268 829 379 891 Deinde
393 830 508 890 ratione
519 843 656 906 persone
665 827 846 910 possidentis
857 827 1031 890 heneficium
1040 824 1146 902 resigna·

154 919 195 980 tio
209 919 307 996 siege
324 918 471 995 prohibite
483 925 538 979 est.
555 923 587 978 t⁰
600 921 634 978 in
655 915 776 991 clerico,
794 917 854 994 qui,
871 917 949 978 facts
966 913 1146 992 resignatione,

152 1007 273 1070 aliunde
296 1024 357 1067 non
378 1007 554 1084 habetque
574 1006 606 1065 in
628 1005 689 1065 viia
711 1005 807 1083 possit
830 1007 987 1067 commode
1005 999 1147 1073 susteunri,

152 1113 191 1156 ne
218 1112 288 1156 cum
309 1095 459 1157 dedecore
480 1095 570 1166 totius
588 1094 701 1154 ordinis
720 1094 910 1156 ecclesiastici
925 1095 1093 1167 mendicare,
1111 1095 1149 1149 sut

152 1185 308 1248 sordidum
333 1190 480 1262 quaestarn
502 1197 646 1243 exercere
669 1193 794 1258 cogatur
816 1187 866 1256 (i).
882 1189 914 1244 ἓν
934 1183 972 1243 1η
988 1181 1095 1252 clerico,
1112 1175 1150 1252 qui

151 1281 310 1352 promotus
323 1273 378 1334 fuit
392 1273 431 1333 sd
450 1289 553 1334 sacros
571 1255 696 1332 Ordines
709 1272 767 1330 sub
790 1271 874 1332 titulo
891 1271 1017 1347 alicuius
1028 1263 1149 1337 beneficii,

150 1363 233 1438 quod
247 1362 350 1438 nequit
361 1361 401 1422 ob
413 1362 549 1422 eamdem
562 1359 880 1430 rationemdimittere,
893 1361 952 1420 nisi
960 1361 1036 1420 iacta
1047 1354 1151 1418 mentio-

149 1466 189 1510 ne
199 1450 289 1525 huius
299 1449 383 1522 tituli,
394 1455 425 1510 et
434 1449 491 1509 nisi
501 1449 619 1510 aliunde
628 1448 738 1508 hatest
746 1449 871 1510 honeste
884 1449 1005 1510 urendi
1018 1445 1151 1516 mediati).

150 1543 180 1598 3⁰
193 1543 225 1597 in
241 1537 351 1598 elerico
363 1539 492 1614 infirmo,
502 1539 552 1616 qui
565 1539 591 1598 si
610 1555 698 1599 suum
710 1539 842 1614 resignet
853 1539 1042 1611 beneficium,
1055 1536 1152 1614 etintra

149 1623 253 1702 viginti
267 1625 331 1686 dies
349 1643 367 1684 a
385 1626 433 1686 die
455 1626 663 1703 resignationis
683 1627 770 1686 faotae
783 1624 937 1703 moriatur,
952 1623 1104 1704 resignatio
1115 1638 1152 1681 re·

150 1713 305 1789 scinditur,
331 1713 570 1792 beneficiumque
589 1733 644 1794 per
661 1716 774 1776 obitum
791 1733 853 1776 uon
871 1735 926 1792 per
946 1715 1153 1794 resignationem

150 1805 302 1875 racatt3).
313 1809 344 1862 ιο
364 1807 396 1862 iu
411 1803 532 1878 clerico,
548 1803 599 1880 qui
619 1804 695 1880 gerit
708 1820 812 1864 curam
827 1803 1005 1878 ammarum,
1025 1815 1073 1864 aut
1084 1800 1154 1862 habet

152 1907 229 1951 onus
242 1890 411 1974 residentiae
425 1910 432 1950 :
447 1891 535 1968 hujus
549 1893 670 1968 quidem
682 1892 842 1968 resignatio
856 1909 895 1952 ex
910 1895 992 1970 stylo
1010 1892 1097 1954 cunae
1106 1903 1152 1948 non

151 1977 324 2050 admittitur,
336 1979 362 2037 si
373 1997 391 2038 a
404 1978 489 2039 brevi
501 1987 636 2056 tempore
649 1981 827 2042 beneficium
836 1987 930 2057 geret,
939 1989 970 2042 et
980 1989 1051 2044 tunc
1060 1981 1154 2039 'mutum

59 2080 64 2093 ’
151 2083 190 2126 ex
199 2066 279 2142 juste
290 2083 381 2127 cause
397 2067 569 2142 admittitur,
591 2085 661 2128 eum
680 2085 735 2145 per
746 2069 995 2146 quinquennium,
1010 2071 1058 2132 vei
1069 2068 1154 2128 seiten

155 2153 314 2224 triennium
325 2155 504 2218 beneficium
518 2157 765 2220 administraverit
778 2163 829 2232 (t).

180 2325 216 2392 (i)
231 2325 281 2378 Git.
295 2325 353 2380 bui,
373 2327 482 2394 θιιιυιία
505 2329 533 2380 S.
555 2327 597 2380 Pii
615 2329 650 2382 V.
676 2357 707 2370 ·-
720 2325 756 2398 (i)
769 2329 844 2404 thid·
858 2329 926 2384 sess.
941 2329 983 2396 ti,
1000 2347 1024 2384 c.
1037 2332 1061 2392 i,
1075 2331 1104 2382 do
1116 2325 1154 2379 rei.

148 2399 215 2461 Quae
225 2399 276 2450 sub
291 2397 342 2451 hoc
356 2404 383 2450 et
397 2399 560 2464 precedenti
574 2413 686 2453 numero
696 2399 831 2462 dicuntur,
846 2416 911 2454 vera
923 2408 1000 2466 sunt,
1016 2400 1157 2466 cumegitur

148 2471 182 2522 de
196 2470 377 2535 resignatione
397 2471 547 2522 voiuntaria
562 2490 569 2522 ι
583 2471 752 2524 semiclerici
766 2475 794 2524 iu
807 2477 922 2538 utroque
937 2487 1003 2526 casu
1017 2488 1035 2525 a
1044 2477 1110 2538 jura,
1125 2467 1157 2519 iil

149 2539 282 2606 ajudtcis
299 2541 433 2594 senwniia
449 2555 542 2594 eorum
555 2542 694 2594 beneficiis
714 2543 878 2609 quandoque
896 2544 1048 2612 privantur,
1062 2543 1100 2598 rei
1110 2539 1156 2608 pri·

146 2613 206 2662 vari
219 2617 352 2676 possunt;
370 2615 397 2664 et
409 2617 473 2666 tunc
487 2627 549 2666 eum
562 2615 657 2678 agatur
675 2613 710 2666 de
732 2615 914 2680 resignatione
928 2617 1089 2675 necessarie,
1101 2609 1158 2664 nihii

147 2681 256 2733 videtur
276 2681 359 2748 hujus
377 2684 566 2750 resignationis
578 2683 717 2736 validitate
731 2685 847 2746 obstare,
868 2692 898 2737 ut
912 2687 1000 2740 fertur
1019 2689 1099 2739 tuisse
1110 2697 1124 2734 a
1135 2683 1156 2732 S.

148 2749 361 2816 Congregatione
371 2753 501 2813 decisum,
512 2754 687 2808 salvatamen
699 2755 790 2822 aitqua
800 2757 937 2809 fructuum
948 2765 1036 2824 parte,
1047 2771 1097 2824 qua
1105 2766 1156 2820 ege·

147 2835 199 2872 uus
213 2821 328 2874 clericus
339 2823 376 2874 aii
393 2824 489 2888 possit.
504 2823 679 2884 Reiiieustuei
691 2827 724 2877 de
745 2839 856 2879 renunc.
873 2843 901 2880 n.
914 2829 953 2880 t8t
968 2857 1000 2868 -
1009 2829 1047 2896 (3)
1059 2829 1112 2880 Hoc
1123 2827 1157 2876 iu·

148 2891 259 2945 ductum
273 2892 325 2942 tuit
336 2907 354 2943 a
368 2895 462 2958 reguis
482 2895 657 2948 Cerceiiariae
675 2895 712 2948 Bc
726 2896 825 2964 viginti
846 2899 898 2951 sub
912 2915 939 2952 n.
958 2901 996 2960 19,
1014 2902 1049 2953 ad
1063 2896 1158 2950 fraudes

147 2961 349 3039 precavendes,
364 2968 391 3016 et
405 2965 439 3016 ad
454 2967 650 3020 excindendam
664 2970 691 3020 in
703 2969 843 3028 beneficiis
867 2970 1049 3024 hereditariae
1062 2980 1157 3023 succes-

149 3031 233 3080 sionis
246 3033 372 3098 speciem,
387 3049 448 3100 quea
466 3036 494 3088 in
516 3039 696 3102 resignatione
713 3053 762 3105 pro
783 3043 988 3106 consanguineis
1002 3045 1085 3096 nimis
1097 3041 1160 3093 eiam

146 3103 303 3166 appareret.
318 3103 384 3156 iirec
398 3107 491 3170 regula
504 3108 685 3160 hebetiorum
699 3111 726 3160 iu
740 3111 1025 3174 omnibusheneiiciis,
1037 3116 1065 3165 in
1078 3121 1158 3164 eorum

146 3172 385 3236 resignatiouious,
400 3179 653 3240 permutationibus,
663 3181 819 3243 unionibus,
829 3187 857 3234 et
870 3187 1048 3245 commendis,
1062 3184 1094 3236 ad
1108 3189 1160 3247 quae

145 3243 237 3294 omnio
256 3243 432 3300 beneficiatus
451 3261 531 3299 suum
549 3253 674 3314 prestitit
688 3265 857 3314 consensum,
873 3267 904 3309 ac
925 3261 1019 3320 postas
1040 3251 1160 3314 intrari·

145 3314 213 3379 ginti
228 3313 286 3366 dies
301 3315 428 3369 decessit.
444 3318 497 3370 Sed
511 3320 539 3370 in
557 3321 708 3386 resignante
721 3321 782 3374 duae
795 3327 923 3376 notantur
937 3328 1111 3382 conditiones.
1124 3323 1158 3372 in·

145 3385 281 3437 firmitatis
298 3386 435 3446 nimirum,
454 3393 480 3440 et
494 3391 587 3442 mortis
610 3391 672 3443 inde
693 3395 824 3460 sequutae.
845 3395 923 3448 Circa
946 3399 1062 3462 primurn
1083 3391 1161 3460 quaer'i

146 3457 243 3518 petest,
254 3463 289 3508 an
302 3457 391 3510 valeat
403 3459 548 3524 resignatio
565 3463 659 3514 iactae
673 3477 747 3524 suno.
758 3466 805 3530 qui
819 3471 912 3532 postea
922 3465 993 3520 inira
1004 3468 1099 3533 viginti
1110 3465 1161 3516 dies

145 3537 211 3577 essu
224 3527 307 3578 obiiti
318 3528 396 3586 tricet
405 3530 499 3596 piures
515 3532 645 3586 Doctores
658 3534 800 3601 affirment,
811 3538 876 3603 quis
889 3540 985 3605 regula
995 3539 1055 3592 iseo
1065 3537 1160 3591 aalma

433 3811 445 3849 i
