2410 4068
471 204 634 262 ..183-

54 315 92 384 ant
102 321 228 400 plunbus
245 323 362 385 idoneis
380 325 651 400 compromissariis
668 326 849 399 concedunt,
867 331 902 386 ut
918 323 993 404 ipse,
1008 328 1057 390 vol

52 411 95 487 ipsi
106 412 232 472 omnium
244 412 312 473 vice
326 413 507 490 Episcopum
519 413 629 489 eligant
651 419 700 488 (t).
719 415 970 492 compromissum
985 433 1057 478 vero

51 507 130 576 potest
152 519 217 562 esse
244 501 425 576 absolutum,
444 504 492 562 vol
511 502 687 564 limitatum.
701 500 813 564 Dicitur
834 503 1015 579 absolutum,
1031 504 1056 566 si

52 589 296 666 compromissariis
315 590 386 650 data
403 589 441 651 sit
454 591 580 651 facultas
593 607 814 667 quamcumque
833 591 973 652 idoneam
986 609 1057 668 per·

51 693 136 740 sonam
159 679 307 756 eligendi3
332 679 442 740 dicitur
458 679 631 754 limitatum,
651 679 677 739 si
702 679 968 756 compromissariis
987 679 1055 741 data

51 766 79 825 sit
95 768 212 828 facultas
237 766 366 843 eligendi
393 767 523 844 aliquem
550 767 588 828 de
612 767 809 828 determinato
834 767 979 843 capitulo,
1004 775 1056 828 aut

50 855 167 931 tollegm,
181 861 232 916 aut
241 855 331 917 etiam
340 855 469 932 eligendi
478 862 593 917 uotam
607 856 700 930 illum,
717 871 807 933 quom
819 857 917 932 maior
929 854 1055 932 Capituli

49 945 297 1020 approbaverit,
316 961 377 1023 quo
390 961 463 1007 casu
477 945 728 1022 compromissum
745 944 899 1006 evidenter
913 943 951 1004 de
969 960 1054 1004 soru-
1068 1023 1069 1030 ἵ

48 1031 105 1092 tinio
116 1033 279 1112 participat.

68 1206 98 1271 (q
110 1207 157 1262 aa.
170 1221 229 1276 op.
244 1208 275 1260 aa
290 1211 319 1261 aa
329 1221 391 1275 up.
404 1207 444 1274 aa,
459 1207 492 1261 aa
504 1221 559 1273 reg.
572 1177 629 1273 jur.
645 1206 673 1258 n
685 1207 708 1260 a.

71 1431 125 1489 tas.
137 1433 190 1490 Per
204 1427 382 1490 scrutinium
403 1429 532 1506 denique
549 1430 582 1489 tlt
600 1425 717 1500 electio,
739 1441 809 1487 cnm
823 1443 841 1486 a
861 1423 995 1501 capitulo
1009 1424 1053 1486 le·

45 1515 127 1589 atine
139 1524 303 1579 convocato
317 1525 379 1578 tros
393 1518 431 1578 ab
443 1518 510 1593 ipso
524 1517 659 1592 capitulo
675 1516 856 1592 deputantur
868 1519 1053 1575 scrutatores

45 1603 89 1663 fide
100 1605 185 1682 digni,
201 1607 252 1684 qui
266 1607 395 1681 primum
409 1623 426 1664 a
441 1622 473 1666 se
487 1604 626 1678 invicem,
642 1603 750 1664 deinde
762 1621 780 1664 a
794 1601 917 1678 singulis
931 1600 1051 1661 canoni-

46 1691 78 1750 cis
89 1701 207 1769 secreto,
222 1701 253 1754 et
266 1694 423 1770 diligenter
435 1700 505 1752 vota
524 1691 693 1769 exquirant,
710 1707 805 1768 eaque
818 1689 850 1749 in
863 1688 983 1765 scriptis
1002 1705 1050 1748 re-

46 1779 166 1856 [enatet
179 1781 342 1861 publicent.
358 1787 447 1843 Facta
460 1787 561 1842 autern
573 1780 783 1856 publicatione,
799 1778 961 1838 instituitur
972 1793 1052 1837 com-

46 1871 146 1944 paratio,
173 1878 206 1930 ut
235 1871 346 1945 dicunt,
369 1869 486 1930 numeri
509 1870 547 1929 ad
570 1884 738 1940 numerum,
758 1867 812 1926 zeli
830 1865 868 1926 ad
887 1867 993 1939 zelum,
1020 1872 1051 1926 et

45 1959 119 2018 nenti
129 1959 313 2020 admeritum
324 1959 402 2020 inter
416 1959 498 2035 ipsos
512 1959 690 2030 mactasti),
702 1955 869 2015 acdemum
883 1954 932 2014 ille
946 1955 1047 2013 ellicu-

46 2045 100 2106 citer
118 2046 313 2108 denunciatur
340 2047 370 2106 in
394 2048 575 2124 Episcopum
600 2046 723 2119 electus,
746 2045 775 2104 in
799 2059 889 2120 quem
909 2041 1005 2119 major
1019 2047 1050 2101 et

45 2136 122 2195 sanior
146 2153 218 2212 pars
245 2135 369 2212 Capituli
395 2123 591 2210 consenserit,
616 2135 657 2194 ite
683 2133 817 2193 utnulla
838 2131 1048 2192 deturabhac

45 2222 165 2285 electione
177 2241 249 2286 vcra
266 2223 438 2300 appellatio,
452 2225 522 2285 licet
536 2223 650 2284 admitti
665 2227 754 2298 queat
768 2221 942 2297 protestatio
954 2225 1005 2294 (3).
1019 2218 1048 2278 si

45 2312 194 2384 tero,1acta
212 2310 425 2388 publicatione,
446 2328 536 2372 nemo
557 2311 755 2387 majoritatem
777 2309 943 2369 absolutam
961 2313 1048 2368 voto·

44 2411 94 2458 mm
105 2400 244 2473 retulerit,
260 2399 437 2460 scrutinium
449 2399 536 2460 toties
555 2406 601 2459 est
615 2397 792 2480 iterandum,
813 2395 929 2472 quoties
942 2395 1048 2470 aliquis

45 2497 198 2559 agnoscatur
213 2488 358 2548 canonice
372 2489 497 2563 electae,
510 2489 558 2548 vel
571 2487 679 2548 electio
696 2485 726 2546 in
741 2483 990 2560 compromissum
1001 2485 1048 2541 est

45 2572 204 2651 deduoenda,
234 2577 305 2654 quia
336 2579 484 2637 electores
508 2593 569 2636 uon
595 2580 723 2652 possunt
744 2571 869 2644 variare,
896 2570 1047 2646 publicato

45 2667 171 2742 semtinio,
186 2672 218 2747 et
231 2666 310 2728 iuter
323 2681 376 2725 eos
389 2665 449 2724 hoc
463 2679 534 2724 casu
552 2681 613 2724 uon
628 2660 792 2724 admittitur
803 2674 944 2720 accessus
957 2659 1009 2730 (3).

64 2827 91 2893 (l)
100 2830 161 2883 Haec
173 2829 341 2895 comparatio
351 2826 466 2878 baberet
476 2824 573 2888 locum,
584 2824 607 2875 si
621 2826 683 2875 vota
693 2823 784 2874 essent
792 2819 912 2888 publica,
922 2819 986 2871 data
995 2831 1046 2885 per

43 2900 155 2963 scripturn,
166 2900 212 2952 vel
225 2901 288 2951 viva
304 2911 385 2958 voce,
398 2895 446 2948 sed
460 2910 521 2948 cum
536 2899 598 2945 rota
611 2893 667 2944 sint
676 2897 790 2952 secreta,
806 2892 834 2942 lit
850 2894 955 2944 tantum
969 2904 1043 2943 com-

42 2973 122 3030 paratio
134 2971 241 3024 numeri
256 2967 291 3022 ad
304 2981 455 3022 numerum.
469 2993 500 3004 -
511 2966 548 3030 (t)
562 2965 626 3028 Gap.
642 2963 681 3021 tt,
694 2962 728 3014 do
742 2961 819 3014 elect.
835 2989 862 3000 -
880 2961 916 3025 (3)
930 2961 1044 3014 Nomius

41 3049 141 3095 massus
158 3043 204 3093 bic
217 3040 377 3105 intelligitur
391 3041 478 3096 actus,
493 3049 547 3102 quo
571 3035 617 3101 qui
640 3035 718 3101 prius
738 3038 829 3086 votnm
847 3037 952 3086 secreto
969 3032 1045 3084 dedit

40 3110 145 3174 ani,inda
159 3112 278 3182 publice,
291 3115 394 3161 mnmta
403 3108 550 3166 voluntate,
566 3110 656 3157 votum
670 3105 717 3155 dat
730 3118 780 3168 pro
794 3105 856 3170 elio,
872 3105 913 3156 vel
928 3103 1043 3155 aliorum

40 3183 91 3231 rotis
102 3183 210 3242 accedit,
221 3187 251 3234 ut
263 3194 355 3234 eorum
377 3180 471 3230 electio
485 3176 649 3242 perficietur.
664 3175 716 3225 iiic
730 3187 864 3232 accessus.
879 3175 925 3240 qui
940 3175 968 3224 in
982 3172 1043 3224 aliis

41 3246 202 3312 electionibus,
216 3252 358 3317 inquibus
373 3250 435 3305 tluae
456 3249 543 3300 tertiae
565 3246 741 3312 requiruntur
762 3245 919 3310 eligentium
941 3248 1042 3308 portes,

43 3317 176 3387 mutatur,
186 3323 230 3374 hic
243 3321 411 3387 prohibetur,
425 3320 489 3384 quia
502 3317 562 3369 haec
581 3317 678 3369 electio
700 3319 841 3381 majorem,
863 3320 890 3365 at
907 3314 1042 3366 saniorem

43 3387 172 3454 eligentium
185 3400 289 3461 partam
305 3392 413 3444 ornniuo
429 3390 560 3454 deposcit,
578 3392 609 3439 ut
623 3387 712 3438 valida
727 3387 772 3438 sit.
787 3387 920 3436 Gestarum
933 3383 961 3430 in
981 3379 1042 3430 aliis

44 3463 210 3524 capitularibus
225 3462 404 3516 electionibus
423 3461 536 3512 minoris
555 3459 685 3512 momenti
703 3469 830 3510 accessus
843 3465 898 3504 nou
911 3449 1040 3515 reproba·

44 3531 314 3602 extenuataeque
328 3532 406 3586 elect.
418 3546 446 3586 n.
461 3531 506 3582 303
520 3531 545 3583 et
560 3542 636 3599 seqq.
