2426 4070
494 103 634 160 ..39-

68 223 286 301 comprehendit
297 229 415 286 tantum
424 227 552 304 primum
566 226 706 302 gradum:
722 225 834 286 idcirco
844 225 896 303 qui
906 224 1004 286 valida
1018 239 1088 288 eum

70 315 155 390 aliqua
170 314 324 373 contraxit
345 315 495 391 sponsalia
515 315 552 376 de
569 317 669 376 luturo
683 315 785 391 nequit
798 315 925 392 amplius
939 314 979 376 ob
993 331 1083 374 exor-

68 409 118 462 tam
138 403 293 480 publicam
312 404 500 464 honestatem
523 421 592 463 cum
612 405 677 480 ejus
694 410 799 476 matre,
815 403 887 476 fllia,
907 409 960 463 aut
981 419 1085 464 sorore

9 499 17 516 ·
66 491 281 552 matrimonium
289 491 363 552 inire
373 495 428 565 (t);
444 491 495 553 sed
505 492 644 553 cumaliis
658 492 867 552 remotioribus
879 493 943 567 eius
957 507 1083 552 eonsen-

66 581 244 656 guineisnon
253 581 438 656 prohibetur.
447 581 580 647 Diximus
589 581 639 658 qni
647 581 747 640 aalide
762 581 911 641 contraxit
923 581 1084 658 sponsalia;

69 686 174 740 namen
203 670 397 745 sponsalibus
420 671 518 742 nullis,
543 677 595 729 aut
621 668 755 730 invalidis
774 671 888 736 nullum
912 669 1086 746 producitur

68 757 179 832 publicae
194 757 364 818 honestatis
382 757 625 834 impedimentum
644 761 696 832 (i).
713 762 743 816 2⁰
761 758 791 818 si
806 758 918 818 oriatur
931 775 971 818 ex
983 757 1085 818 matri·

66 846 153 905 monio
174 852 245 905 rato
268 846 438 905 extenditur
457 847 610 922 usquead
633 854 772 922 quartum
786 847 910 924 gradum
928 846 1083 922 inclusive,

64 939 91 992 ut
102 933 235 992 definivit
248 937 278 992 S.
294 933 363 992 Pius
379 939 398 992 l’
413 937 463 1007 (3),
479 934 529 1010 qui
549 934 710 994 declaravit
725 935 844 996 concilii
857 934 1017 995 Tridentini
1029 935 1082 995 de-

64 1029 167 1081 cretum
190 1021 223 1082 in
249 1021 439 1098 sponsalibus
452 1029 566 1082 tantum
581 1022 731 1083 defuturo
746 1024 856 1083 habere
876 1024 984 1095 locum,
1000 1029 1031 1082 et
1045 1023 1084 1082 ad

62 1109 207 1184 sponsalia
225 1111 262 1169 de
277 1109 416 1186 prasenti
432 1127 494 1168 non
513 1111 643 1183 extendi,
668 1111 696 1170 in
713 1112 820 1187 qulbus
838 1111 971 1182 mandat,
988 1117 1021 1170 ut
1033 1109 1086 1168 ob·

61 1205 190 1260 servetur
207 1199 258 1274 jus
276 1198 441 1274 antiquum,
463 1216 518 1275 per
544 1201 624 1275 quod
638 1201 764 1274 publicae
783 1198 949 1261 honestatis
962 1197 1087 1274 impedi-

61 1295 187 1346 mentum
205 1304 245 1347 ex
267 1293 333 1346 rato
356 1289 545 1348 matrimonio
565 1289 745 1365 proveniens
769 1306 864 1366 usque
887 1289 925 1348 ad
950 1293 1088 1364 quartum

60 1372 197 1436 inclusive
209 1375 337 1451 gradum
352 1376 531 1437 extendatur
552 1380 563 1449 (
582 1382 604 1450 ).

87 1566 118 1630 (t)
132 1565 247 1628 Quidam
262 1565 360 1616 docent
373 1579 406 1617 ex
421 1567 596 1630 sponsalibus
611 1566 725 1618 occultis
739 1581 793 1618 non
814 1567 879 1618 oriri
899 1569 927 1618 in
941 1567 1000 1619 loro
1020 1579 1085 1617 eon·

62 1637 174 1686 scientiae
188 1637 308 1703 publicae
323 1636 470 1688 honestatis
484 1637 716 1702 impedimentum,
728 1641 754 1689 et
764 1639 798 1688 ad
808 1639 858 1690 hoe
869 1637 1085 1690 confirmandum

62 1707 190 1759 adducunt
205 1709 310 1772 praxim
323 1709 440 1759 Datariae
454 1709 627 1774 spostolicae,
640 1723 701 1774 quaa
713 1722 764 1761 non
775 1710 894 1760 admittit
906 1710 1086 1775 impedimen·

62 1783 111 1828 tum
123 1793 158 1830 ex
170 1780 345 1844 sponsalibus
360 1781 429 1831 clam
440 1781 593 1832 celebratis.
611 1781 773 1832 Benedictus
786 1781 858 1833 XIV.
875 1782 941 1834 Inst.
958 1782 998 1846 st,
1010 1797 1038 1833 n.
1050 1783 1065 1833 7
1078 1789 1085 1832 t

62 1855 85 1899 et
96 1851 232 1901 adducunt
252 1850 290 1901 ita
303 1850 388 1902 fuisse
400 1853 530 1902 statutum
545 1865 561 1902 a
576 1865 643 1903 novo
664 1851 763 1902 Rituali
784 1853 932 1904 parisiensi
947 1867 1009 1918 pag.
1027 1853 1082 1905 348.

62 1921 182 1986 laquem
196 1921 224 1971 in
242 1923 313 1972 Man.
332 1935 421 1986 comp.
432 1921 490 1973 lun.
500 1929 569 1973 can.
586 1937 613 1973 n.
629 1922 684 1974 848.
700 1923 751 1973 Sed
767 1923 902 1974 sententia
918 1924 1085 1989 probabilior

63 2005 167 2044 eaesae
190 1993 307 2055 videtur,
325 2007 387 2058 quae
408 1994 586 2044 communiter
609 2008 625 2045 a
647 1995 807 2045 Doctoribus
827 1994 990 2056 defenditur,
1005 1996 1084 2059 juxta

63 2076 137 2128 quam
150 2063 231 2114 etiam
245 2077 278 2114 ex
291 2063 465 2128 sponsalibus
481 2064 603 2126 occultis
620 2071 647 2116 et
661 2065 729 2116 clem
747 2065 891 2116 celebratis
905 2065 1084 2130 impedimen·

63 2139 113 2184 tum
127 2135 245 2200 publicae
266 2135 414 2186 honestatis
428 2137 522 2186 oritur.
538 2136 614 2187 Ratio
630 2136 759 2203 estquis
782 2137 940 2188 Bonilacius
955 2137 1019 2187 Vlll
1036 2137 1082 2188 de·

64 2207 147 2267 erevit,
158 2207 211 2256 tale
221 2206 443 2269 impedimentum
454 2206 518 2257 oriri
533 2206 686 2258 indistincte
701 2222 735 2258 ex
749 2209 875 2259 omnibus
889 2208 974 2275 puris,
990 2209 1082 2272 certis,

65 2283 88 2326 et
95 2277 188 2329 validis
202 2279 383 2344 sponsalibus.
397 2279 460 2341 Cap.
479 2278 503 2343 l,
516 2278 551 2330 de
566 2292 657 2342 spons.
672 2279 699 2330 in
712 2280 741 2340 6;
757 2283 785 2330 et
800 2281 865 2346 quia
880 2281 975 2344 majori
993 2280 1084 2332 Poeui-

65 2348 179 2399 tentione
193 2349 258 2398 data
275 2349 326 2398 luit
344 2362 359 2398 a
383 2349 456 2413 Papa
475 2356 593 2413 potestas
609 2351 636 2400 in
651 2352 827 2416 sponsalibus
842 2351 955 2402 occultis
972 2351 1083 2417 dispen-

66 2419 149 2478 sandi;
173 2433 256 2484 quam
278 2421 440 2471 senientiam
454 2421 561 2472 videtur
577 2422 702 2484 amplecti
726 2423 796 2472 idem
814 2421 974 2472 Benedictus
992 2421 1020 2471 in
1036 2423 1080 2474 cit.

67 2487 124 2539 last.
137 2517 167 2526 —
180 2490 215 2553 (i)
228 2489 303 2540 Trid.
320 2504 387 2541 sess.
403 2490 442 2550 tl,
458 2505 482 2542 c.
498 2493 521 2554 3,
536 2491 568 2543 de
586 2493 635 2542 rel.
654 2493 793 2542 metrobi
807 2493 866 2542 baec
881 2492 1021 2554 leguntur:
1034 2490 1081 2544 Ju-

67 2558 137 2611 stitia
152 2560 264 2626 publica
282 2561 428 2614 honestatis
440 2561 672 2628 impedimentum,
692 2563 738 2614 ubi
758 2561 895 2626 sponsalia
915 2575 1082 2628 qaaecumque

68 2633 161 2683 ratione
170 2631 264 2684 valida
278 2645 335 2684 uon
347 2637 435 2696 erunt,
450 2629 553 2685 Sancta
567 2630 689 2698 synodus
703 2647 811 2698 promus
824 2633 912 2697 lollit;
929 2632 975 2684 ubi
990 2635 1082 2686 autem
1175 2651 1176 2656 ¹

69 2701 148 2752 aalide
165 2703 281 2768 fuerint,
298 2703 420 2768 emotum
435 2704 552 2768 pradum
567 2719 622 2756 nou
638 2698 941 2770 ecccedautiquonium
961 2703 994 2755 in
1012 2704 1080 2756 utte-

70 2773 171 2826 rioribus
186 2775 388 2840 prodibusjam
404 2789 459 2827 non
474 2779 557 2839 potest
575 2775 731 2840 hujusmodi
745 2774 893 2842 probibitio
910 2774 1005 2841 absque
1024 2775 1081 2828 dis-

71 2845 152 2906 pade
168 2847 312 2898 obseruari.
325 2848 525 2912 consequenter
535 2849 644 2914 publiea
654 2847 781 2898 honestas
797 2861 849 2897 non
861 2847 947 2898 oritur
961 2862 994 2898 ex
1005 2861 1083 2912 spon-

71 2915 159 2968 salibus
171 2931 232 2968 cum
245 2931 362 2985 persona
377 2918 488 2977 ineerta,
506 2933 539 2970 aa
553 2919 727 2982 sponsalibus
743 2918 932 2970 conditionalis
943 2923 1004 2971 ante
1015 2933 1080 2970 con·

72 2983 165 3040 ditionis
175 2990 332 3050 adventum,
347 3003 380 3040 ex
392 2990 565 3056 sponsalibus
577 2989 657 3039 alicui
672 2989 1016 3054 impedimentodirimenti
1030 2991 1079 3042 ob-

71 3059 152 3119 noxiis,
165 3064 191 3112 et
208 3075 242 3112 ax
261 3061 435 3124 sponsalibus
450 3060 533 3111 nullis
550 3075 583 3110 ex
601 3061 708 3112 deletu
722 3075 879 3114 consensus.
894 3063 947 3114 Sed
966 3077 1027 3114 eum
1047 3077 1081 3114 ex

72 3132 227 3190 sponsalibus
236 3133 334 3183 validis
346 3131 452 3197 publica
462 3133 588 3183 honestas
600 3138 658 3183 orta
668 3137 718 3192 est,
730 3133 953 3197 impedimentum
966 3138 1008 3186 est
1017 3148 1079 3198 per·

73 3206 174 3265 petrum,
191 3205 256 3254 licet
269 3203 407 3268 sponsalia
420 3207 512 3254 mutuo
530 3217 671 3266 consensu,
687 3206 728 3254 vel
744 3205 797 3256 alia
812 3207 916 3258 rollone
931 3207 1078 3257 solvantur.

73 3267 119 3322 flue
130 3279 214 3326 umen
229 3275 454 3342 impedimentum
467 3289 520 3326 uon
535 3274 590 3338 cpit
605 3278 686 3338 retro,
697 3279 728 3326 ut
741 3276 833 3327 dicunt
847 3277 988 3336 Ductorem
1006 3276 1079 3327 ideo·

73 3353 113 3405 que
124 3348 165 3410 qni
182 3349 258 3413 prius
276 3347 411 3399 contraxit
425 3347 561 3413 sponsalia
573 3361 636 3397 cum
650 3361 716 3409 una,
732 3355 758 3398 et
772 3355 867 3412 postea
879 3362 938 3398 curn
953 3347 1006 3398 alia
1020 3348 1080 3411 ejus

74 3420 261 3481 comangninaa,
275 3419 357 3470 debet
370 3418 458 3483 prima
469 3417 606 3482 sponsalia
618 3418 771 3478 observare,
785 3433 845 3484 quae
855 3432 909 3470 non
924 3417 1077 3483 impediun-

73 3485 107 3535 iur
119 3494 223 3556 propter
235 3492 339 3543 iactum
352 3489 522 3557 sequentium
535 3489 711 3556 sponsalium.
727 3489 792 3556 Gap.
803 3491 874 3541 unic.
891 3490 924 3541 de
941 3501 1033 3553 spons.
1051 3486 1079 3538 in
