2494 4062
445 149 583 220 ..gp-

65 265 152 334 llpiscopo
164 269 304 336 specie-liter
315 271 434 337 delegari
448 271 480 322 ed
496 270 681 338 recipiendum
694 283 805 325 examen
816 271 934 335 laelium.
949 283 1027 330 excas

65 346 164 402 piotanen
178 356 235 393 casu
246 357 379 408 vagorum,
391 344 510 402 ,maxime
526 357 585 394 cum
608 341 732 396 diaecesis
753 343 804 394 late
822 347 921 407 pateat,
935 357 968 393 ne
984 349 1024 394 te·
1047 387 1051 399 .

63 413 332 476 stasproptereccessum
352 415 385 466 ad
406 415 508 464 curium
530 415 642 465 nimium
663 422 815 478 graventur.
841 413 892 464 Sed
913 415 1022 466 testium

61 479 188 543 depositiones
200 487 332 536 mittendae
345 491 409 536 sunt
424 485 459 542 ed
475 485 594 550 Curiam,
611 498 693 550 aquo
707 485 794 536 solum
816 487 949 536 attestatio
967 489 1022 544 ste·

59 552 150 604 tusliberi
162 556 276 622 Episcopi
291 559 332 608 vel
351 557 441 622 Curiae
456 557 553 620 sigilio,
569 561 595 606 et
609 555 744 620 legalitate
758 557 861 608 munita
879 556 1025 628 emittenda

60 624 194 688 est-(tlte
207 627 253 678 hoc
267 641 332 678 casu
352 627 486 678 attestatio
508 631 594 677 status
619 625 699 676 liberi
721 628 785 678 tunc
808 631 911 677 tanturn
932 632 1021 694 potest

60 694 196 757 mordicum
209 698 315 750 nullitos
328 699 491 748 matrimonii
506 697 588 750 luerit
601 711 649 763 per
660 696 740 748 hines
755 698 903 750 sententias
918 699 1024 750 coelor-

60 765 219 819 nesdeclarata.
237 771 312 821 Unde
324 768 409 834 juder
422 768 577 820 insecundo
591 771 724 818 sententia
734 768 867 819 nullitotis
878 769 946 820 solet
956 783 1027 835 prae·

59 832 121 898 cipere
138 844 161 888 ut
181 841 297 904 portibus
311 841 447 890 attestatio
469 843 556 892 statua
578 839 656 890 liberi
676 839 846 908 conceditur.
871 867 899 876 -
923 841 959 904 (3)
974 841 1026 892 Per

57 909 231 974 damnandam
242 912 364 976 conjugis
378 910 714 972 matrimoniumsoivitur;
729 910 778 961 sed
793 915 867 961 morsi
876 909 1025 964 debetesse

58 983 140 1038 cinae
159 981 315 1033 sufficienter
337 981 459 1046 probata.
478 981 556 1032 Unde
581 978 704 1032 Clemens
724 979 774 1038 ΙΙΙ,
790 980 912 1032 delinivit
930 995 1027 1034 uxorea

55 1058 88 1096 oon
97 1061 156 1112 posse
168 1054 276 1105 transire
291 1053 325 1103 ad
340 1053 472 1104 secundas
482 1050 602 1118 nuptias,
617 1051 670 1102 nisi
683 1056 823 1116 postquem
836 1053 938 1104 certum
951 1065 1024 1106 nen·

54 1117 217 1186 conrecipient
233 1123 264 1175 dc
289 1128 377 1178 morte
391 1117 521 1176 virorum.
541 1123 605 1188 Cep.
624 1123 660 1183 is,
678 1123 711 1174 de
734 1135 824 1185 spons.
841 1128 868 1174 et
887 1128 966 1174 matr.
981 1125 1025 1174 An

53 1199 92 1239 iero
102 1192 201 1255 sufficiat,
214 1201 243 1245 ut
257 1196 308 1246 hoc
329 1202 430 1246 certum
445 1197 574 1246 nuncium
602 1197 704 1244 constet
719 1193 844 1256 parocho,
859 1193 900 1243 vel
915 1206 1025 1250 necesse

52 1260 78 1315 sit,
88 1267 203 1317 utcoostet
216 1265 370 1330 Ordinario,
385 1267 523 1332 disputant
537 1266 672 1316 Doctores.
689 1264 740 1326 Qui
756 1270 827 1316 stent
843 1277 892 1330 pro
908 1264 1024 1328 parocho

52 1329 130 1394 dlegaot
140 1338 330 1400 regulamjuris
344 1353 350 1386 :
364 1335 414 1402 Qui
431 1341 516 1388 certes
532 1338 579 1395 cot,
590 1333 734 1388 certiorari
746 1333 860 1386 atterius
874 1347 929 1386 non
944 1347 1023 1402 opor·

52 1401 78 1451 let.
88 1405 134 1469 t'ap.
147 1407 181 1469 31,
194 1409 225 1458 de
240 1423 295 1472 reg.
308 1410 366 1472 jur.
382 1409 409 1458 in
422 1407 446 1457 d.
461 1407 512 1468 Qui
524 1419 587 1456 vero
602 1409 675 1456 stent
688 1419 736 1470 pro
752 1405 895 1458 Ordinario
906 1405 1025 1471 allegent
1070 1445 1073 1462 .

52 1471 131 1536 leudes,
143 1492 196 1542 quas
209 1480 236 1530 in
250 1480 301 1530 hac
317 1492 347 1530 re
360 1491 431 1542 saepe
446 1477 611 1541 contingunt,
628 1489 743 1542 quaeque
762 1477 857 1528 melius
877 1478 1023 1528 excludun-

52 1544 120 1607 turpar
128 1549 247 1612 judicium
262 1550 410 1610 Ordinerii,
428 1563 506 1614 quem
523 1547 646 1598 Perochi.
663 1548 719 1598 Nos
740 1561 812 1610 vero,
830 1547 892 1598 licet
908 1549 1023 1600 arbitra·

50 1623 94 1673 nur,
104 1631 167 1682 posse
182 1621 303 1672 sufficere
315 1619 447 1684 judicium
461 1619 581 1686 parochi,
593 1619 700 1684 quando
710 1620 799 1682 agitur
813 1617 846 1670 de
856 1618 948 1670 eadem
959 1619 1025 1672 dioe·

50 1685 89 1742 ossi,
100 1693 136 1738 aut
152 1692 261 1750 civitate,
276 1697 305 1742 et
324 1692 473 1742 certissime
489 1691 644 1756 agnoscitur
663 1697 777 1754 sequuta
797 1703 878 1753 mors,
899 1694 1024 1755 putamus

49 1761 184 1810 necessarium
197 1776 256 1814 essa
268 1761 402 1828 judicium
420 1761 553 1826 Episcopi,
572 1774 633 1810 cum
650 1761 720 1812 cirea
737 1767 859 1820 mortem,
874 1767 920 1812 aut
939 1763 1023 1814 docu-

17 1835 18 1838 ’
47 1835 127 1878 nenium
138 1834 222 1884 mortis
235 1837 326 1898 potest
340 1847 400 1884 esse
412 1833 521 1897 aliquod
535 1831 658 1894 dubium,
672 1831 743 1896 quod
754 1845 802 1896 per
817 1832 900 1884 curias
915 1846 1024 1896 proces·

48 1905 83 1944 son
94 1901 120 1949 sit
131 1903 330 1964 certioraudum,
344 1909 370 1954 et
389 1917 450 1954 cum
474 1916 546 1953 mors
563 1903 652 1952 evenit
666 1902 692 1952 in
708 1902 762 1952 elia
784 1901 905 1968 dioecesi,
920 1903 982 1954 licet
995 1903 1024 1957 id

46 1969 145 2032 contigerit
157 1975 181 2024 in
192 1975 308 2038 viciniis,
322 1982 347 2024 et
363 1978 523 2038 agnoscatur
534 1973 644 2038 parochi
660 1973 733 2024 illius
746 1973 795 2024 loci
807 1977 900 2025 mortis
913 1980 1022 2026 attesta-

46 2036 74 2094 tio,
85 2049 104 2090 et
114 2045 243 2110 scriptura,
255 2053 286 2095 ut
301 2045 448 2095 declaravit
461 2046 487 2095 S.
504 2045 681 2107 Congregutio
695 2057 765 2095 enno
780 2044 847 2095 1757.
862 2071 892 2082 -·
909 2045 944 2110 ll)
956 2045 1023 2098 Cum

47 2111 113 2167 quisin
124 2115 170 2164 alia
185 2117 294 2168 dioecesi
314 2116 346 2165 ad
363 2116 483 2167 notabile
501 2119 605 2180 tempus
619 2124 722 2165 morem
734 2115 823 2174 traxit,
839 2115 896 2166 sive
913 2116 976 2180 quie
990 2127 1023 2168 ex

46 2183 101 2231 erest
113 2185 239 2250 oriundus,
262 2188 321 2238 sive
335 2188 400 2252 quia
420 2186 537 2236 inillam
560 2199 590 2236 se
609 2185 756 2246 transtulit,
778 2187 912 2250 suspicari
927 2192 1023 2252 potest,

17 2255 18 2262 ¹
44 2255 195 2306 natrimooium
209 2260 237 2308 in
253 2273 287 2308 aa
302 2257 487 2314 contraxisse,
505 2261 531 2306 et
552 2256 611 2306 ideo
626 2264 713 2306 status
727 2257 796 2307 liber
813 2257 886 2308 illius
899 2258 1023 2313 dioecesis

17 2335 18 2340 ¹
45 2323 156 2388 apponitur,
171 2331 196 2379 et
211 2330 232 2378 si
245 2329 326 2391 duas,
340 2327 383 2378 vel
399 2327 491 2392 plures
506 2327 637 2377 dioeceses
650 2327 686 2376 its
701 2326 852 2390 incoluerit,
863 2327 954 2390 plures
969 2336 1022 2379 sta·

44 2389 221 2448 tuitiensem
240 2400 400 2460 necessarii,
416 2398 508 2462 excipe
526 2397 578 2447 nisi
596 2399 769 2449 commoratio
794 2398 820 2448 in
844 2398 897 2448 alia
914 2399 1024 2450 diaecesi

44 2465 142 2527 contigerit
159 2470 189 2520 ab
202 2470 333 2528 tensibile,
354 2484 401 2520 seu
416 2477 477 2520 anta
496 2481 581 2518 annos
594 2469 755 2532 pubertatis,
778 2471 843 2534 quia
866 2483 926 2519 cum
948 2483 980 2519 aa
996 2472 1024 2522 in

44 2535 146 2588 ateboon
158 2543 275 2604 potuerit
297 2541 498 2591 matrimonium
513 2541 680 2596 contrahere.
696 2537 768 2590 dicte
785 2541 902 2606 suspicio
926 2545 1023 2605 cessat,

44 2601 128 2658 strutus
139 2610 204 2662 liber
224 2627 280 2662 non
296 2618 338 2662 est
360 2613 539 2662 necessarius.
562 2610 589 2660 Si
604 2624 667 2660 vero
682 2611 773 2674 volens
793 2611 951 2662 contrahere
967 2625 1024 2668 mae

43 2671 152 2730 tribonium
165 2685 292 2734 perussit
306 2695 401 2748 vagus,
416 2681 462 2747 qui
477 2679 573 2730 nullibi
589 2681 753 2732 domicilium
768 2683 835 2741 lixit,
851 2684 877 2732 et
887 2681 954 2733 tides
971 2687 1022 2734 stu-

44 2743 185 2804 asiliensis
207 2754 397 2820 impossibilis,
417 2752 610 2804 recurrendum
631 2756 672 2804 est
685 2753 719 2802 ad
735 2753 762 2802 S.
784 2753 1023 2817 congregationem

42 2807 181 2876 inquisitionis
193 2840 256 2876 cum
275 2825 443 2890 expositione
458 2823 531 2882 facti,
547 2836 608 2886 quae
629 2824 697 2874 solet
711 2824 854 2875 ordinario
873 2825 1022 2880 rescribere

43 2890 166 2944 enodando
182 2897 339 2948 facultatem
351 2897 430 2959 juxte
444 2908 523 2946 casus
542 2895 767 2952 circumstantias,
785 2894 872 2946 eidem
885 2909 954 2961 vago
974 2898 1019 2949 de·

42 2948 294 3030 stendijurarnentum
309 2965 514 3031 suppletorium,
530 2979 584 3031 quo
602 2963 726 3024 testatur,
743 2967 821 3017 tactis
836 2966 882 3018 SS.
897 2967 1021 3034 Evange-

42 3018 73 3086 lii,
83 3044 105 3080 se
121 3035 228 3088 liberum
245 3052 308 3090 esse
327 3038 362 3088 ab
380 3041 449 3088 amni
463 3037 627 3087 matrimonii
640 3037 758 3088 vinculo.
776 3037 861 3088 Immo
875 3053 947 3090 nunc
960 3041 1022 3094 telis

40 3090 118 3172 leonites
134 3109 196 3160 solet
214 3125 230 3159 a
248 3111 277 3160 S.
299 3109 510 3173 congregatione
525 3108 679 3160 Ordinariis
698 3109 851 3173 petentibus
865 3112 974 3163 concedi
988 3113 1022 3164 ed

40 3165 152 3234 insontum,
166 3181 272 3243 quando
288 3181 462 3245 probationes
481 3179 515 3230 ed
530 3180 769 3231 demonstrandum
784 3185 882 3231 statum
906 3183 1023 3234 liberum

39 3245 80 3288 suot
87 3245 258 3310 impossibiles
275 3253 312 3302 At
325 3265 386 3302 cum
399 3251 460 3302 aliae
471 3252 642 3314 probationes
654 3251 798 3314 possibiles
813 3255 883 3306 sunt'.
903 3253 960 3304 lieri
977 3254 1021 3305 de·

39 3302 148 3384 bentjuria
156 3321 512 3385 dispositionemTridentini
524 3324 549 3372 in
561 3336 629 3373 sese.
639 3322 678 3384 24,
687 3337 710 3372 c.
722 3323 745 3382 i,
756 3323 846 3374 derel.
859 3328 947 3385 matr.;
958 3337 1019 3388 quae

38 3387 53 3423 ei
66 3381 190 3446 loctesint,
205 3402 231 3443 et
254 3393 395 3443 dubitetur
412 3407 445 3442 en
463 3394 516 3444 sint
541 3394 743 3458 concludentes,
761 3395 875 3444 maxime
893 3395 920 3445 in
939 3408 1020 3444 cause
1047 3431 1051 3438 .

38 3455 102 3526 nortis
113 3459 214 3513 alterius
228 3479 276 3516 con
276 3465 363 3530 pagis,
377 3469 436 3514 acta
453 3465 483 3516 S.
501 3465 708 3529 congregationi
721 3466 895 3529 proponenda
911 3468 982 3521 sunt,
993 3468 1021 3514 et

40 3527 78 3580 llis
88 3535 236 3595 expectanda
245 3537 384 3595 resolutio,
394 3549 455 3602 quae
467 3535 489 3588 si
503 3537 665 3604 respondeat
675 3556 682 3587 ι
692 3531 766 3589 Satis
776 3539 898 3588 constare
910 3533 942 3585 de
951 3544 1021 3585 mor·
