2524 4080
513 211 673 268 ...403-

84 337 317 402 episcopatusque
330 347 411 400 agere
420 334 496 396 velit,
504 334 532 385 S.
540 333 715 398 congregatio
734 346 787 386 nun
797 333 981 388 dioeeasmnr
988 335 1099 400 lipisco·

81 406 383 546 pussgseggcinioram
397 407 425 458 in
435 405 555 472 judicem
565 405 634 514 solet
646 405 784 472 deputare.
800 405 878 458 Anat.
889 407 945 472 jur.
956 407 1031 472 pont.
1042 420 1095 461 aer.

113 668 173 724 745.
191 662 300 724 iudicis
315 661 447 738 suspecti
464 661 612 722 recusatio
624 661 690 722 fieri
702 662 790 722 debet
807 669 876 723 ante
894 663 975 724 litem
990 670 1092 726 conm-

80 758 190 826 statam,
214 768 302 812 secus
318 750 413 826 judex
435 757 608 810 censeretur
629 750 772 825 probatus
785 751 909 824 (l),n‚isi
928 759 995 828 pust
1013 752 1095 814 litem

80 846 271 902 contestatam
289 856 379 898 causa
397 837 574 914 suspicionis
595 838 758 914 detegetur,
779 856 839 914 quo
857 857 929 900 casu
945 840 1093 900 recusatio

78 930 139 990 fleri
156 936 267 1006 potest,
288 944 359 988 cum
377 927 506 1004 primum
526 945 615 988 causa
638 927 816 1004 suspicionis
829 928 1009 1004 agnoscitur,
1023 930 1093 990 dato

74 1019 250 1094 juramento,
267 1017 348 1092 quod
368 1015 451 1091 prius
472 1033 532 1075 non
551 1015 711 1076 innotuerit
729 1022 779 1090 (t).
800 1022 843 1076 Ex
860 1020 928 1093 jure
947 1018 1093 1079 canonico

77 1123 162 1166 causa
178 1105 356 1181 suspicionis
369 1105 399 1164 in
415 1104 532 1180 scriptis
545 1105 740 1182 proponenda
751 1123 852 1164 coram
863 1106 963 1182 judice
974 1124 1092 1168 recusa·

78 1203 114 1270 to,
128 1203 157 1257 et
175 1197 254 1258 intra
268 1199 410 1257 statutum
424 1195 583 1254 terminum
596 1194 751 1269 probanda
767 1201 812 1254 est
826 1211 927 1254 coram
943 1194 1060 1256 arbitris
1074 1213 1092 1256 a

76 1285 203 1360 partibus
217 1284 336 1345 electis:
354 1283 405 1359 qni
422 1284 448 1342 si
459 1283 621 1356 declarent,
636 1300 702 1343 earn
715 1283 850 1344 frivolam
863 1301 940 1358 esse,
952 1284 1046 1358 judex
1059 1286 1091 1344 ln

75 1390 160 1434 causa
172 1372 323 1449 procedit,
340 1372 365 1430 si
377 1389 449 1431 vero
461 1373 571 1448 justam
583 1372 755 1445 decernant,
768 1372 861 1446 judex
875 1373 1049 1450 supersedet
1061 1373 1093 1432 in

74 1480 170 1536 causa,
183 1461 253 1539 quia
267 1461 391 1537 suspmt
404 1468 431 1520 et
447 1461 679 1537 iuimicijudices
694 1478 753 1521 asse
766 1470 963 1538 conpescunt
977 1469 988 1536 (
1007 1469 1028 1536 t.

99 1603 133 1668 (l)
147 1603 210 1672 Cep.
226 1604 266 1668 20,
282 1604 316 1656 de
331 1607 399 1654 sant.
416 1604 442 1653 et
463 1613 492 1651 ra
508 1598 593 1666 judic.
610 1626 641 1636 -
660 1599 696 1664 (2)
711 1600 776 1665 Gap.
789 1601 830 1663 25,
851 1601 884 1652 da
904 1600 973 1652 offic.
998 1601 1087 1667 delag.

73 1672 130 1738 Gap.
148 1675 171 1734 t,
186 1677 220 1729 de
234 1677 339 1741 except.
357 1699 387 1712 -·
404 1672 438 1736 (3)
451 1672 514 1737 Gap.
531 1671 584 1722 let
595 1670 635 1730 dl,
651 1671 684 1722 de
697 1671 764 1722 offic.
786 1671 873 1736 delag.
895 1673 996 1724 Electio
1010 1674 1085 1725 erbi-

72 1746 168 1796 trornm
181 1747 241 1799 iteri
250 1752 338 1811 potest
346 1745 396 1796 hoc
409 1744 497 1794 modo.
508 1743 577 1794 Data
587 1742 747 1806 allegatione
760 1743 878 1810 suspecti
886 1744 997 1809 judicis,
1007 1748 1034 1796 st
1043 1747 1087 1798 ad·

72 1815 146 1866 ducta
155 1815 612 1883 cause,jndicisjurisdictlomanet
622 1813 798 1878 insuspenso.
808 1815 903 1866 Partes
913 1815 1083 1876 intrabrevs,

72 1890 94 1936 et
107 1900 252 1952 congruum
259 1894 365 1952 tempus
375 1885 409 1937 ab
419 1885 476 1951 ipso
481 1885 573 1949 judica
582 1885 748 1948 assignatum
757 1884 857 1936 debent
866 1898 945 1937 suum
953 1886 1086 1937 arbitrum

71 1959 211 2024 respective
226 1959 325 2024 eligere
335 1957 368 2008 ad
383 1956 597 2021 cognoscendum
608 1956 641 2007 de
654 1955 770 2020 justitia,
785 1957 826 2006 vel
838 1956 969 2020 injustitia
979 1971 1086 2008 racusa-

72 2027 154 2080 tionis.
165 2029 193 2080 Si
208 2030 287 2082 electi
296 2028 391 2080 arbitri
401 2030 429 2078 tn
440 2028 572 2078 sententia
583 2026 741 2090 proterenda
751 2028 920 2088 conveniant,
934 2041 966 2078 ea
976 2042 1086 2080 servan-

71 2097 102 2150 da
112 2106 167 2162 ast3
177 2103 201 2154 si
211 2115 276 2153 varo
284 2115 338 2151 non
348 2099 516 2160 conveniant,
529 2099 638 2148 tertium
647 2097 779 2148 arbitrum
787 2096 887 2148 debant
896 2098 949 2150 sibi
958 2098 1086 2164 adjunge·

71 2182 106 2232 re,
115 2177 141 2222 et
150 2174 278 2226 resolutio
292 2173 406 2222 duorum
419 2185 452 2220 ex
464 2169 507 2220 his
520 2169 608 2219 tribus
623 2169 800 2234 questionem
810 2168 927 2220 resolvit.
940 2169 1003 2232 Cap.
1019 2169 1039 2232 l,
1053 2169 1087 2222 de

71 2241 143 2293 arbit.
154 2243 218 2311 Cap.
229 2244 254 2302 2,
266 2243 324 2295 eod.
337 2243 364 2293 in
376 2241 400 2298 6.
409 2246 503 2304 etcap.
515 2241 554 2300 cl,
565 2240 598 2290 da
608 2237 705 2304 appell.
715 2239 743 2289 Si
752 2253 833 2290 causa
843 2240 1005 2304 suspicionis
1011 2242 1086 2306 justa

70 2310 299 2372 declarataiusrit,
310 2313 342 2364 ad
359 2313 524 2380 superiorem
538 2323 664 2362 recursus
677 2309 735 2361 lteri
750 2310 839 2373 debet,
849 2319 879 2360 ut
889 2312 946 2376 ipse
960 2311 994 2362 de
1005 2325 1086 2364 causa

69 2390 214 2448 cognoscat,
229 2386 272 2437 vel
285 2385 368 2436 aliurn
377 2384 493 2446 iudicem
505 2382 627 2446 deputet3
642 2382 665 2432 sl
676 2395 739 2433 vero
750 2382 859 2446 injusta.
871 2383 913 2434 vel
922 2383 1018 2433 frivole
1027 2384 1084 2435 tue·

70 2453 103 2504 rit
111 2455 255 2519 declarata,
268 2455 463 2523 primusjndax
476 2454 598 2520 procedit
610 2452 780 2504 adulteriora
792 2454 821 2503 iu
831 2467 912 2505 cansa
921 2453 1015 2506 eodem
1026 2469 1083 2506 mo-

70 2523 101 2576 du
114 2531 179 2580 acsi
194 2528 327 2580 recusatio
341 2526 479 2592 proposita
499 2539 553 2576 non
572 2525 675 2576 luisset.
692 2523 778 2576 Garol.
793 2525 881 2590 Targa
900 2525 992 2576 direct.
1005 2538 1083 2589 prax.

70 2595 134 2649 civil.
150 2613 211 2665 cap.
228 2600 264 2650 13.
281 2597 393 2660 Quando
405 2601 470 2656 tras,
484 2603 532 2648 ant
546 2595 638 2663 plures
655 2599 718 2647 sunt
727 2595 841 2661 judices,
855 2601 882 2648 at
895 2610 966 2648 nnus
980 2600 1084 2650 tantum

70 2667 197 2734 allegatur
219 2673 369 2730 suspectus,
389 2667 486 2734 reliqui
503 2667 555 2719 dno
579 2665 709 2719 decanea
727 2667 888 2731 suspicionis
910 2672 1083 2734 cognoscunt,

70 2749 177 2806 eamque
194 2739 341 2791 resolvunt.
358 2738 435 2800 Quod
456 2739 480 2788 si
496 2751 589 2790 omnes
601 2737 754 2801 allegentur
768 2737 895 2802 suspecti,
912 2737 947 2788 ed
962 2739 1083 2792 medium

70 2810 229 2862 arbitrorum
245 2812 287 2861 est
299 2810 501 2870 recurrendum,
515 2813 543 2860 nt
557 2822 641 2874 supra
654 2809 755 2860 dictum
767 2809 827 2867 luit,
842 2809 885 2860 vel
898 2808 933 2860 ad
948 2809 1022 2862 aliud
1038 2825 1081 2864 re·

70 2881 184 2932 medium
198 2880 416 2945 confugiendum,
433 2880 545 2946 quadiu
561 2880 637 2944 praxi
651 2881 810 2930 observatur
824 2881 852 2930 in
865 2880 1003 2946 jndicibus
1020 2895 1081 2948 syn·

70 2949 197 3011 edulibus,
214 2951 260 3017 qui
281 2965 343 3002 cum
357 2951 411 3004 sint
424 2952 526 3018 plures,
537 2951 637 3016 qulbus
649 2950 807 3016 rescriptum
821 2966 910 3006 cnusae
924 2955 1084 3019 presentari

70 3025 159 3084 potest,
177 3023 201 3072 si
211 3035 292 3084 unus,
305 3023 348 3074 val
362 3022 456 3089 plures
475 3022 625 3087 allegentur
639 3023 766 3087 suspecti,
780 3027 961 3090 presentatur
972 3025 1042 3087 aliis,
1057 3033 1085 3078 et

71 3103 128 3143 reus
137 3092 255 3158 adigitur
274 3093 308 3145 ad
321 3093 440 3145 dandum
461 3087 644 3152 indicem,'vel
658 3094 809 3158 catalogum
823 3096 946 3159 jndicum
968 3096 1083 3162 synoda-

71 3158 129 3212 lium
143 3163 334 3215 confidentium
349 3169 376 3215 et
389 3178 445 3216 non
455 3171 651 3230 suspectorum,
662 3177 678 3215 a
690 3161 788 3228 quibus
806 3168 943 3231 negotium
958 3168 1085 3220 termina·

71 3231 119 3292 tur,
136 3234 214 3286 modo
229 3234 282 3286 alia
296 3248 361 3300 pers
370 3248 425 3287 non
437 3235 536 3288 habeut
549 3237 726 3288 recusationis
742 3247 860 3290 causam.

104 3420 166 3476 ltu.
186 3422 257 3479 cum
278 3435 376 3480 causae
393 3419 539 3496 delegatio
552 3420 686 3496 pluribus
700 3420 779 3480 facta
796 3420 964 3497 exhibetur,
978 3421 1081 3484 viden-

72 3500 147 3578 dutn,
162 3523 201 3566 an
213 3507 348 3583 pluribus
361 3507 399 3567 sit
411 3508 581 3584 simpliciter
595 3509 672 3569 facta
687 3525 726 3569 an
741 3504 810 3570 cunr
823 3510 966 3582 clausula,
982 3510 1083 3572 sinuo

72 3605 176 3669 uuum,
191 3594 258 3671 dun,
270 3595 316 3658 nal
325 3613 406 3659 mute
420 3597 598 3658 mundutunt
611 3605 782 3674 coequatur,
795 3615 832 3657 an
846 3613 916 3660 clun
930 3597 988 3659 alia
999 3599 1081 3660 clau·
