2524 4080
152 318 310 392 dranum
321 315 403 394 quod
414 314 527 392 absque
540 312 697 390 Principis,
708 313 758 374 vel
769 312 843 390 legis
855 311 1027 374 metoritete
1037 309 1094 371 deri
1103 326 1150 370 ne-
1252 309 1253 316 ’

152 406 225 484 quit.
241 411 284 466 lix
294 405 420 465 sdvmso
430 403 524 480 iudex
535 403 689 480 delegatis
701 419 763 462 non
775 408 874 479 potest
886 419 947 462 suae
956 398 1151 477 iurisdicionis

151 501 267 574 portem
285 491 491 568 subdelepare,
505 491 563 552 nisi
586 491 624 552 sit
646 491 799 568 delegatus
821 509 839 551 s
858 507 972 552 summo
990 486 1152 566 Principein
1252 539 1253 554 ,

151 601 234 659 omn,
246 584 276 644 in
285 583 448 659 quoelecte
459 581 604 642 industrie
616 597 755 658 personet
765 597 827 640 non
838 586 978 659 apparent
986 585 1040 654 (Ξ)
1053 577 1155 638 sienim

150 673 246 734 electo
258 677 339 734 esset
351 671 497 732 industria
509 687 656 748 persone,
673 687 772 747 neque
783 671 852 748 ipse
860 671 1012 746 delegatus
1023 687 1041 728 s
1052 681 1156 728 summo
1252 723 1253 730 ,

149 760 285 838 Principe
298 767 401 838 posset
413 760 618 837 subdelegato,
634 767 667 820 ut
681 777 789 822 omnes
802 765 943 820 Doctores
955 759 1073 820 nedum
1083 759 1129 828 (3).

178 908 215 974 (ι)
228 908 295 974 cap.
315 909 340 960 r.
355 907 389 961 ss
404 907 472 961 one.
493 908 553 974 jue.
568 908 624 960 ore.
641 907 670 960 in
689 909 713 960 s.
728 935 760 948 -
782 908 818 974 (e)
833 908 897 975 cap.
913 907 951 960 ea.
967 889 1002 960 ds
1021 904 1115 974 oppon.
1129 929 1156 943 -

147 981 183 1046 (i)
197 979 289 1033 Electa
298 993 362 1031 varo
372 983 497 1032 censetur
511 979 645 1032 industrie
658 993 781 1046 personae
798 980 847 1031 ubi
860 979 992 1044 delegatio
1006 977 1051 1029 fiet
1066 976 1157 1028 ratione

147 1051 323 1116 conlidentiae,
337 1065 418 1118 quem
430 1051 558 1116 delegans
571 1051 605 1102 de
624 1049 745 1116 delegato
759 1051 890 1117 concepit,
910 1050 958 1101 ubi
979 1047 1092 1114 delegati
1102 1059 1157 1112 pro·

146 1123 236 1188 prium
249 1123 391 1189 exponitur
399 1135 508 1180 nomen,
523 1121 571 1173 ubi
588 1123 648 1187 ejus
661 1127 752 1174 votum
761 1125 788 1174 et
799 1122 942 1174 consilium
955 1120 1108 1188 requiritur,
1116 1116 1159 1169 ubi

146 1207 228 1260 greve
248 1193 386 1257 negotium
409 1192 558 1256 delegetur,
580 1193 652 1260 quod
675 1192 791 1244 hominis
810 1192 935 1257 peritiam
953 1191 1074 1258 requirit,
1092 1192 1115 1240 et
1133 1189 1159 1238 iu

145 1263 324 1316 aliiseasibus
340 1262 483 1316 similibus.
507 1263 710 1330 Rescriptorum
726 1265 855 1315 clausulae
870 1264 920 1314 hoc
943 1277 1020 1329 saepe
1034 1273 1156 1314 common-

145 1338 241 1398 strant,
253 1337 285 1385 nt
297 1335 320 1386 sl
334 1334 439 1386 dicetur
458 1334 636 1398 personaliter
658 1347 805 1399 oopnorcar,
819 1347 869 1400 per
885 1337 910 1388 te
928 1333 1030 1402 iprum,
1044 1332 1084 1384 vel
1097 1331 1157 1384 solus

145 1418 291 1472 mosem,
302 1405 417 1458 arbitrio
427 1409 473 1460 tuo
483 1405 652 1472 delumine,
663 1411 715 1458 etc.
730 1407 794 1472 Arg.
807 1420 867 1472 cap.
880 1407 967 1458 ultim.
983 1405 1019 1458 de
1031 1403 1095 1458 offic.
1104 1402 1156 1468 jud.
1252 1455 1253 1468 ,

144 1475 232 1540 deleg.

179 1647 241 1702 744.
257 1647 386 1719 Uterque
393 1643 488 1718 iudex
500 1649 564 1704 tum
577 1644 755 1720 ordinmius,
772 1649 835 1705 tum
847 1644 1003 1719 delegatus
1016 1651 1157 1719 tamquam

143 1737 302 1808 suspectus
313 1738 411 1807 potest
424 1731 574 1792 interdum
586 1750 605 1791 e
617 1731 796 1808 litigantibus
811 1733 944 1792 recusari
956 1735 1016 1806 (l);
1039 1739 1159 1792 alumen

142 1819 267 1894 facilius,
284 1826 314 1880 et
328 1837 367 1880 ex
381 1821 484 1880 leviori
498 1837 588 1880 cause
601 1821 765 1896 delegatus,
782 1837 871 1896 quam
884 1821 1075 1895 ordinarius:
1098 1820 1160 1896 quie
1252 1889 1253 1900 χ

142 1907 191 1968 hic
211 1907 448 1984 iurisdictionem
466 1909 555 1969 babet
573 1909 664 1970 veluti
686 1909 742 1968 sibi
764 1912 999 1983 connaturalem,
1023 1912 1094 1970 dum
1116 1909 1161 1969 ille
1252 1943 1253 1976 ;

141 1996 381 2074 jurisdictionem
394 1997 483 2057 habet
504 2003 619 2058 tentum
638 1997 862 2058 accidentalem.
877 2002 966 2058 Justoe
990 1997 1160 2076 suspicionis
1252 1995 1253 2068 ζ

142 2103 244 2146 causae
258 2088 359 2162 plures
372 2104 390 2146 a
402 2087 578 2146 Doctoribus
592 2093 787 2146 numerentur
801 2091 851 2160 (a),
864 2103 992 2162 querum
1003 2087 1157 2164 praecipue
1252 2165 1253 2168 Ἴ

141 2181 210 2234 sunt
224 2181 397 2251 sequentes:
419 2181 449 2234 1·
469 2175 496 2235 si
514 2175 609 2251 judex
623 2175 661 2236 sit
676 2176 924 2251 consanguineus,
939 2177 988 2236 vel
1002 2177 1102 2236 affinis
1114 2176 1161 2236 uni

141 2279 181 2323 ex
193 2263 375 2339 ligitautibus
396 2268 455 2336 (3);
476 2263 567 2323 immo
580 2265 639 2324 hoc
658 2281 729 2324 casu
747 2281 786 2324 ex
803 2265 1000 2340 quarumdem
1015 2265 1164 2326 nationum
1252 2267 1253 2302 ³

140 2352 256 2428 legibus
270 2353 348 2412 intre
363 2351 562 2428 proximiores
573 2353 684 2428 gratim
697 2352 763 2429 ipso
775 2353 842 2429 jure
853 2359 1008 2413 recusatus
1019 2354 1161 2423 hebetum
1252 2347 1253 2392 ³

140 2443 170 2500 i·
185 2441 211 2502 si
222 2441 316 2516 judex
333 2441 416 2516 prius
430 2439 460 2500 in
474 2440 579 2501 eedem
590 2457 680 2500 cause
689 2440 777 2501 fuerit
791 2441 962 2516 advocatae,
976 2443 1025 2502 vel
1039 2439 1162 2517 petroci·
1252 2437 1253 2474 ³

140 2527 223 2588 nium
233 2528 264 2588 in
276 2529 381 2588 eadem
396 2527 568 2605 praestiterit
580 2529 644 2603 ejus
658 2530 747 2604 filius,
759 2536 811 2590 eut
823 2546 924 2606 gener,
940 2537 992 2590 aut
1004 2536 1102 2607 pater,
1117 2534 1163 2589 eut

140 2633 227 2678 socer
239 2621 294 2692 (4);
309 2621 338 2677 3·
351 2617 377 2676 si
388 2614 482 2693 judex
493 2617 531 2678 sit
543 2616 761 2691 commensalis,
778 2624 829 2678 aut
841 2617 991 2692 dominus,
1006 2625 1060 2680 aut
1075 2620 1162 2678 dona·

140 2705 243 2780 tsrius,
259 2713 310 2766 sut
328 2707 424 2766 haeres
443 2705 696 2782 presumptionis,
718 2713 769 2766 eut
783 2713 914 2782 curator,
930 2713 981 2766 eut
993 2714 1079 2768 tutor
1095 2709 1163 2767 elte-

138 2793 201 2852 rius
213 2811 254 2854 ex
266 2793 447 2870 litigantibus
461 2797 516 2868 (5);
532 2800 560 2855 4·
568 2794 595 2854 si
605 2795 701 2871 judex
714 2795 752 2855 sit
763 2795 899 2856 inimicus
906 2813 962 2872 per
975 2796 1061 2856 litem
1075 2797 1163 2856 decla·
1252 2813 1253 2822 ¹

138 2888 303 2956 remeent
323 2883 444 2944 intimus
464 2883 589 2956 emicas,
609 2885 658 2944 vel
677 2882 777 2943 socius
790 2883 960 2944 alterutrius
975 2902 1014 2944 ex
1026 2883 1163 2960 litiganti·
1252 2905 1253 2958 ,

138 2969 195 3030 bus
210 2974 268 3043 (6);
284 2976 311 3031 e·
323 2971 347 3032 si
358 2971 452 3047 judex
463 2971 564 3048 ejusve
578 2971 806 3046 descendentes,
820 2973 867 3032 vel
881 2973 1079 3035 ascendentes
1089 2971 1162 3049 judi-
1252 2971 1253 3014 i

138 3059 218 3121 cium
231 3068 320 3136 egent
334 3077 425 3138 super
441 3061 546 3120 eedem
560 3060 723 3138 questione
740 3059 829 3120 etiem
840 3061 870 3120 in
883 3061 941 3121 olio
951 3060 1104 3139 tribunali,
1117 3066 1164 3121 ent
1252 3085 1253 3100 κ

137 3149 197 3210 sint
211 3147 350 3224 litigantis
363 3147 536 3223 creditores,
552 3156 604 3209 eut
616 3147 766 3210 debitores
779 3153 831 3222 (7).
868 3160 871 3165 ·
980 3165 982 3169 “

167 3306 203 3369 (4)
216 3305 280 3370 Gap.
294 3305 318 3364 i,
333 3305 367 3357 de
376 3305 425 3355 lor.
442 3317 530 3370 comp.
539 3333 566 3342 -
576 3305 610 3371 (2)
620 3287 745 3357 Menenia
754 3305 782 3356 in
793 3318 869 3370 prex.
882 3307 951 3372 part.
961 3307 984 3359 6.
995 3309 1047 3358 cet.
1060 3305 1124 3358 in.
1133 3305 1161 3356 tc

137 3376 252 3439 etseqq,
279 3401 310 3412 -
336 3375 371 3438 (3)
393 3375 458 3438 tlep.
473 3375 503 3426 36
516 3375 549 3426 de
564 3376 652 3442 appel.
677 3380 705 3428 et
733 3381 847 3428 recuset.
861 3403 892 3416 —
908 3378 942 3443 (il
969 3378 1033 3446 Gap.
1063 3378 1110 3429 cit
1131 3399 1162 3414 ·-

136 3443 172 3506 (5)
185 3443 249 3508 Gap.
264 3444 287 3506 4,
301 3449 331 3494 ut
345 3445 382 3494 lit.
398 3458 452 3495 non
478 3449 591 3497 contest.
616 3447 680 3514 Cep.
695 3447 735 3512 25,
753 3447 787 3498 de
812 3447 879 3501 offic.
895 3449 954 3514 jud.
969 3448 1057 3514 deleg.
1078 3443 1112 3487 ’-
1128 3447 1161 3512 (6)
1252 3451 1253 3470 ¹

137 3510 202 3574 Gap·
218 3511 258 3573 ³5,
280 3513 337 3564 eod.
354 3539 385 3550 -
402 3513 434 3578 (i)
450 3513 513 3579 Cep.
530 3513 567 3575 t8,
582 3517 616 3568 de
634 3517 721 3582 judic.
735 3517 814 3570 Unde
831 3519 855 3572 si
866 3533 899 3570 ex
913 3519 1095 3572 diffamatione
1116 3521 1161 3570 eat

137 3581 305 3634 accusatione
328 3586 420 3638 contre
439 3585 576 3638 vicarium
603 3588 768 3650 generalem,
792 3594 839 3644 eut
859 3591 1050 3646 ceneslbrtum
1071 3589 1160 3642 (turin
