2560 4080
453 697 659 783 TITULUS
685 699 761 782 xv.

474 947 511 993 DE
524 945 740 994 iifflssssoiiss.

96 1151 259 1207 mame:
273 1147 328 1200 aot.
338 1145 464 1213 Appellatio
477 1145 531 1213 quid
544 1145 582 1210 sit,
596 1149 621 1198 et
633 1145 774 1212 quotuplex?
787 1174 814 1185 -
827 1146 884 1199 885.
895 1145 938 1206 Qui
947 1147 1040 1214 possint
1052 1147 1128 1214 appel

126 1221 199 1273 iares
211 1217 463 1272 muteutlssedniiiee?
476 1245 507 1254 -
518 1217 573 1270 868.
590 1217 686 1277 Quando
705 1217 826 1284 eppeiiedo
839 1218 1004 1292 interdicatur?
1020 1245 1053 1257 -
1071 1218 1127 1269 867.

128 1292 224 1352 deo
234 1290 300 1343 detur
312 1290 431 1356 appellatio
441 1289 470 1342 sie
483 1289 669 1342 interlocutoria?
680 1315 711 1326 -—
725 1289 781 1340 888.
796 1289 852 1349 Qua
862 1290 908 1342 siut
916 1290 1055 1342 differentia
1069 1289 1128 1341 inter

127 1363 300 1429 appeliationem
311 1374 326 1412 a
337 1361 459 1423 deduitim
474 1364 498 1412 et
515 1358 544 1411 aie
558 1360 742 1412 misriomioriei
762 1387 789 1398 -
815 1361 870 1413 869.
889 1362 924 1412 id
942 1375 1011 1426 quem
1025 1361 1129 1427 judicem

127 1433 251 1501 appellatio
261 1433 316 1485 iiett
330 1459 357 1470 -
369 1426 424 1484 uro.
438 1430 563 1498 Appellatio
575 1445 624 1484 uon
634 1431 699 1483 datur
710 1431 807 1497 ejudiee
816 1432 968 1484 eeclesiastico
981 1433 1013 1484 ed
1028 1433 1128 1490 ovilem.

128 1533 159 1544 -·-
173 1505 230 1557 Sit.
243 1507 262 1557 Α
276 1517 332 1570 quo,
346 1503 493 1568 etqnomodo
508 1503 655 1568 proponenda
670 1502 715 1554 sil?
725 1532 755 1540 -
771 1503 826 1554 ata.
842 1503 886 1563 Qui
898 1503 944 1555 sini
959 1505 1055 1556 termini
1068 1505 1128 1556 iata·

126 1576 161 1629 les
174 1573 350 1642 appellationis?
363 1601 394 1612 -
406 1573 460 1626 873.
472 1573 592 1633 Quomodo
603 1573 742 1640 appellentur
750 1573 818 1626 libelli
826 1575 959 1636 dimissorii,
970 1578 994 1626 et
1009 1575 1129 1642 quomodo

131 1647 182 1699 uui
198 1649 301 1712 queentt
310 1673 341 1685 -·
356 1645 411 1696 ati.
427 1643 539 1703 Quamdiu
550 1645 617 1696 duret
629 1645 740 1696 terminus
752 1645 782 1695 ad
794 1645 981 1697 introducendam
994 1645 1131 1712 appeliatio-

127 1717 198 1770 nem?
210 1745 240 1756 -
254 1717 308 1768 875.
327 1715 438 1775 Quamdiu
447 1713 557 1766 terminus
571 1715 601 1767 ed
614 1716 787 1781 appeliationem
800 1715 942 1767 finiendam?
954 1745 984 1773 n-
998 1717 1056 1768 816.
1071 1715 1131 1776 Quid

127 1788 216 1840 iniemit
226 1788 283 1838 inter
296 1787 492 1852 appeliationeme
504 1787 614 1838 renuntia
622 1787 683 1838 nulia
691 1788 855 1838 etaseutentiu
863 1787 1059 1852 injusta-8i'l.
1069 1789 1131 1846 Quo·

128 1859 241 1925 tupiexsit
249 1858 404 1924 appelationis
413 1857 620 1908 effecturi-sid.
629 1858 655 1908 in
668 1857 747 1922 quihus
756 1857 844 1909 mribus
850 1858 969 1923 appellatio
979 1858 1129 1910 admittetur?

129 1953 163 1968 -α
171 1929 224 1981 8ῖ9.
235 1929 289 1988 Qua
297 1927 438 1980 oisemeuda
445 1929 503 1978 circa
512 1927 683 1992 appeliationem
690 1942 704 1978 a
712 1927 859 1979 censurisi-
868 1929 924 1980 880.
934 1929 994 1988 Quid
1003 1929 1129 1994 egendum,

129 2005 155 2052 ut
165 2000 286 2066 appellatio
296 1998 443 2051 admittetur?
454 2025 485 2034 —
498 1999 552 2049 881.
566 1998 687 2057 Quomodo
696 2003 752 2063 posi
761 1998 884 2050 admissum
896 2001 1075 2066 appeliationem
1089 2011 1133 2050 uo·

89 2088 94 2102 ·
129 2087 172 2124 vus
186 2083 308 2138 processus
327 2069 462 2122 inchoetur?
478 2097 510 2108 -
525 2070 579 2122 aaa.
597 2069 669 2120 ludex
691 2069 850 2134 appellationis
867 2075 942 2136 potest
961 2085 1074 2124 revocare
1095 2077 1130 2122 at-

129 2147 224 2196 tentata.
237 2171 266 2180 —
279 2143 334 2194 883.
354 2141 472 2194 Sententia
484 2141 586 2206 reparari
600 2144 676 2206 potest
692 2155 732 2206 per
747 2141 913 2193 restitutionem
925 2142 950 2194 iu
958 2143 1084 2207 iutepmm.
1100 2169 1130 2179 -

130 2215 185 2268 ost.
200 2213 245 2266 Per
257 2213 443 2280 supplicationem
454 2211 484 2264 ed
493 2227 606 2265 summum
615 2213 758 2277 Pontificem,
773 2216 796 2265 et
804 2213 951 2266 sermionem.
966 2241 993 2250 —
1011 2214 1069 2266 885.
1085 2213 1132 2265 Per

129 2285 173 2338 iter
185 2289 299 2352 arreptum
312 2285 341 2338 ad
351 2285 377 2337 S.
393 2283 485 2336 Sedem.

135 2474 198 2531 86⁴.
215 2475 321 2530 Contra
334 2469 465 2548 iniquum
476 2469 584 2546 iudicis
597 2469 775 2532 seutentiam
788 2469 826 2530 ad
840 2469 908 2530 vieti
920 2469 1128 2530 defensionem

100 2563 187 2636 plura
200 2567 269 2620 sunt
282 2560 378 2636 ajuro
392 2558 552 2620 constitute
575 2558 721 2631 remedia3
743 2559 797 2619 sed
816 2559 923 2619 horum
937 2557 1127 2634 praeoipuum

101 2655 147 2708 est
165 2649 334 2724 appellatio,
350 2666 417 2725 quae
430 2648 578 2722 definitur,
589 2649 755 2725 provocatio
768 2646 804 2708 ob
817 2647 956 2724 interiore
975 2647 1016 2707 od
1037 2663 1125 2723 saepe·

100 2738 211 2798 riorum
218 2738 350 2814 judicem
364 2755 383 2798 o
395 2738 468 2798 uicto
484 2737 608 2814 lepidiores
627 2739 718 2812 socio,
738 2743 772 2796 oet
792 2735 875 2798 illios
893 2734 992 2806 mullo,
1015 2735 1061 2795 uei
1075 2735 1125 2794 im·

84 2825 182 2905 “iusto
196 2827 341 2886 sententio
360 2843 413 2904 per
430 2827 510 2887 hooc
531 2826 570 2886 od
589 2827 755 2904 aequitatem
778 2831 935 2885 reuocetur.
957 2823 1123 2901 Appellatio

102 2914 197 2990 primo
209 2920 255 2974 est
263 2915 438 2990 provocatio,
448 2915 479 2975 id
491 2922 536 2976 est
550 2931 661 2975 novmn
674 2922 825 2976 certamen
839 2931 857 2973 a
870 2913 950 2973 uicto
964 2913 993 2973 iu
1008 2913 1123 2990 judicio

102 3005 150 3064 vel
164 3008 259 3077 extra,
274 3002 379 3063 victori
399 3003 552 3078 indictum,
567 3005 597 3062 in
612 3020 671 3080 quo
690 3001 950 3080 comprehenditur
962 3001 1121 3078 appellatio

99 3090 259 3166 iudicialis,
274 3098 305 3152 ct
318 3093 562 3168 eotrojudlee'olto,
583 3093 659 3152 siout
679 3109 697 3151 a
715 3093 783 3170 jure
804 3090 951 3151 canonico
966 3091 1119 3167 probatur.

101 3178 263 3255 Appellatio
275 3188 320 3240 eoi
330 3179 487 3257 judicialis,
498 3197 565 3256 quae
579 3187 683 3241 eontra
695 3188 795 3240 actum
806 3180 986 3256 judicialem,
997 3185 1032 3239 ut
1047 3195 1121 3239 eon-

103 3275 148 3327 tra
160 3268 337 3330 senientiam
352 3270 544 3343 definitivam,
559 3271 605 3330 vei
626 3266 880 3330 interlocutoriam
897 3268 1074 3339 admittitur3
1090 3273 1121 3326 et

102 3359 341 3434 extrajudieiaiis‚
362 3377 429 3434 quae
452 3367 557 3420 curura
578 3367 688 3433 actum,
710 3361 758 3420 vei
779 3359 933 3419 decretum
955 3357 1118 3432 extrajudi-

102 3442 186 3516 ciale,
209 3453 242 3504 ut
263 3448 339 3507 toret
361 3447 514 3507 decretum
534 3464 625 3522 super
643 3447 881 3525 praesentatione,
897 3449 945 3508 vei
958 3447 1116 3506 collatione

100 3531 245 3606 beneficii,
260 3536 447 3610 proponitur,
469 3552 594 3612 quaeque
615 3537 711 3613 magis
728 3537 898 3616 specialiter
920 3536 1049 3613 querele,
1071 3535 1119 3595 uei
1153 3539 1156 3544 '
