<?xml version="1.0" encoding="UTF-8"?>
<!DOCTYPE html PUBLIC "-//W3C//DTD XHTML 1.0 Transitional//EN"
    "http://www.w3.org/TR/xhtml1/DTD/xhtml1-transitional.dtd">
<html xmlns="http://www.w3.org/1999/xhtml" xml:lang="en" lang="en">
 <head>
  <title>
</title>
<meta http-equiv="Content-Type" content="text/html;charset=utf-8" />
  <meta name='ocr-system' content='tesseract 3.04.00' />
  <meta name='ocr-capabilities' content='ocr_page ocr_carea ocr_par ocr_line ocrx_word'/>
</head>
<body>
  <div class='ocr_page' id='page_1' title='image "./summainstitutio01ferrgoog_0174.png"; bbox 0 0 2426 4070; ppageno 0'>
   <div class='ocr_carea' id='block_1_1' title="bbox 452 124 614 182">
    <p class='ocr_par' dir='ltr' id='par_1_1' title="bbox 452 124 614 182">
     <span class='ocr_line' id='line_1_1' title="bbox 452 124 614 182; baseline 0 0"><span class='ocrx_word' id='word_1_1' title='bbox 452 124 614 182; x_wconf 79' lang='lat' dir='ltr'><strong>-tee-</strong></span> 
     </span>
    </p>
   </div>
   <div class='ocr_carea' id='block_1_2' title="bbox 40 243 1047 1466">
    <p class='ocr_par' dir='ltr' id='par_1_2' title="bbox 40 243 1047 1466">
     <span class='ocr_line' id='line_1_2' title="bbox 41 243 1041 324; baseline 0.001 -18"><span class='ocrx_word' id='word_1_2' title='bbox 41 249 165 322; x_wconf 84' lang='lat' dir='ltr'><strong>nequeant</strong></span> <span class='ocrx_word' id='word_1_3' title='bbox 178 246 217 304; x_wconf 83' lang='lat' dir='ltr'><strong>ab</strong></span> <span class='ocrx_word' id='word_1_4' title='bbox 230 261 270 306; x_wconf 85' lang='lat' dir='ltr'><strong>ea</strong></span> <span class='ocrx_word' id='word_1_5' title='bbox 284 243 429 306; x_wconf 78' lang='lat' dir='ltr'><strong>violenter</strong></span> <span class='ocrx_word' id='word_1_6' title='bbox 443 245 571 320; x_wconf 76' lang='lat' dir='ltr'><strong>extrahi,</strong></span> <span class='ocrx_word' id='word_1_7' title='bbox 591 252 621 306; x_wconf 91' lang='lat' dir='ltr'><strong>et</strong></span> <span class='ocrx_word' id='word_1_8' title='bbox 634 246 665 308; x_wconf 87' lang='lat' dir='ltr'><strong>iu</strong></span> <span class='ocrx_word' id='word_1_9' title='bbox 679 245 750 321; x_wconf 80' lang='lat' dir='ltr'><strong>rito,</strong></span> <span class='ocrx_word' id='word_1_10' title='bbox 762 245 966 324; x_wconf 80' lang='lat' dir='ltr'>membrisque</span> <span class='ocrx_word' id='word_1_11' title='bbox 985 263 1041 323; x_wconf 93' lang='lat' dir='ltr'><strong>pu-</strong></span> 
     </span>
     <span class='ocr_line' id='line_1_3' title="bbox 44 333 1044 412; baseline 0 -16"><span class='ocrx_word' id='word_1_12' title='bbox 44 334 91 396; x_wconf 89' lang='lat' dir='ltr'><strong>niri.</strong></span> <span class='ocrx_word' id='word_1_13' title='bbox 104 337 192 406; x_wconf 83' lang='lat' dir='ltr'><strong>Quom</strong></span> <span class='ocrx_word' id='word_1_14' title='bbox 206 333 233 393; x_wconf 88' lang='lat' dir='ltr'><strong>si</strong></span> <span class='ocrx_word' id='word_1_15' title='bbox 246 333 365 412; x_wconf 84' lang='lat' dir='ltr'><strong>injuste,</strong></span> <span class='ocrx_word' id='word_1_16' title='bbox 380 341 474 412; x_wconf 86' lang='lat' dir='ltr'><strong>atpar</strong></span> <span class='ocrx_word' id='word_1_17' title='bbox 487 337 547 398; x_wconf 80' lang='lat' dir='ltr'><strong>rim</strong></span> <span class='ocrx_word' id='word_1_18' title='bbox 555 336 765 408; x_wconf 82' lang='lat' dir='ltr'><strong>extrahantur,</strong></span> <span class='ocrx_word' id='word_1_19' title='bbox 777 335 885 411; x_wconf 83' lang='lat' dir='ltr'><strong>injuria</strong></span> <span class='ocrx_word' id='word_1_20' title='bbox 895 335 1044 412; x_wconf 81' lang='lat' dir='ltr'><strong>irrogatur</strong></span> 
     </span>
     <span class='ocr_line' id='line_1_4' title="bbox 40 423 1042 498; baseline 0 -14"><span class='ocrx_word' id='word_1_21' title='bbox 40 423 163 497; x_wconf 50' lang='lat' dir='ltr'><strong>irath,</strong></span> <span class='ocrx_word' id='word_1_22' title='bbox 175 427 210 484; x_wconf 62' lang='grc' dir='ltr'><strong>Β</strong></span> <span class='ocrx_word' id='word_1_23' title='bbox 219 423 270 484; x_wconf 73' lang='lat' dir='ltr'><strong>n&#39;c</strong></span> <span class='ocrx_word' id='word_1_24' title='bbox 280 423 409 484; x_wconf 69' lang='lat' dir='ltr'><strong>mmcd</strong></span> <span class='ocrx_word' id='word_1_25' title='bbox 421 429 492 484; x_wconf 84' lang='lat' dir='ltr'><strong>sunt</strong></span> <span class='ocrx_word' id='word_1_26' title='bbox 504 423 590 486; x_wconf 89' lang='lat' dir='ltr'><strong>liberi</strong></span> <span class='ocrx_word' id='word_1_27' title='bbox 603 423 635 484; x_wconf 95' lang='lat' dir='ltr'><strong>in</strong></span> <span class='ocrx_word' id='word_1_28' title='bbox 648 426 718 484; x_wconf 90' lang='lat' dir='ltr'><strong>loco</strong></span> <span class='ocrx_word' id='word_1_29' title='bbox 731 423 856 484; x_wconf 87' lang='lat' dir='ltr'><strong>irumuni</strong></span> <span class='ocrx_word' id='word_1_30' title='bbox 867 424 1042 498; x_wconf 80' lang='lat' dir='ltr'><strong>reponendi.</strong></span> 
     </span>
     <span class='ocr_line' id='line_1_5' title="bbox 41 510 1043 588; baseline -0.001 -14"><span class='ocrx_word' id='word_1_31' title='bbox 41 518 86 574; x_wconf 88' lang='lat' dir='ltr'><strong>lloc</strong></span> <span class='ocrx_word' id='word_1_32' title='bbox 100 512 144 588; x_wconf 74' lang='lat' dir='ltr'><strong>lus</strong></span> <span class='ocrx_word' id='word_1_33' title='bbox 163 510 243 587; x_wconf 82' lang='lat' dir='ltr'><strong>asyli</strong></span> <span class='ocrx_word' id='word_1_34' title='bbox 268 511 307 570; x_wconf 88' lang='lat' dir='ltr'><strong>ab</strong></span> <span class='ocrx_word' id='word_1_35' title='bbox 330 511 471 585; x_wconf 78' lang='lat' dir='ltr'><strong>llaebreie,</strong></span> <span class='ocrx_word' id='word_1_36' title='bbox 495 522 526 572; x_wconf 87' lang='lat' dir='ltr'><strong>et</strong></span> <span class='ocrx_word' id='word_1_37' title='bbox 546 512 689 572; x_wconf 80' lang='lat' dir='ltr'><strong>Gentibus</strong></span> <span class='ocrx_word' id='word_1_38' title='bbox 711 511 795 586; x_wconf 89' lang='lat' dir='ltr'><strong>prius</strong></span> <span class='ocrx_word' id='word_1_39' title='bbox 816 511 981 585; x_wconf 80' lang='lat' dir='ltr'><strong>inventum,</strong></span> <span class='ocrx_word' id='word_1_40' title='bbox 1005 513 1043 572; x_wconf 89' lang='lat' dir='ltr'><strong>ab</strong></span> 
     </span>
     <span class='ocr_line' id='line_1_6' title="bbox 41 599 1044 676; baseline 0.002 -16"><span class='ocrx_word' id='word_1_41' title='bbox 41 599 306 660; x_wconf 68' lang='lat' dir='ltr'><strong>antonomatice</strong></span> <span class='ocrx_word' id='word_1_42' title='bbox 319 599 455 676; x_wconf 89' lang='lat' dir='ltr'><strong>apprime</strong></span> <span class='ocrx_word' id='word_1_43' title='bbox 469 600 710 672; x_wconf 84' lang='lat' dir='ltr'><strong>determinatum,</strong></span> <span class='ocrx_word' id='word_1_44' title='bbox 728 606 758 660; x_wconf 90' lang='lat' dir='ltr'><strong>et</strong></span> <span class='ocrx_word' id='word_1_45' title='bbox 772 600 810 660; x_wconf 85' lang='lat' dir='ltr'><strong>ab</strong></span> <span class='ocrx_word' id='word_1_46' title='bbox 828 601 967 660; x_wconf 88' lang='lat' dir='ltr'><strong>omnibus</strong></span> <span class='ocrx_word' id='word_1_47' title='bbox 980 601 1044 662; x_wconf 88' lang='lat' dir='ltr'><strong>fere</strong></span> 
     </span>
     <span class='ocr_line' id='line_1_7' title="bbox 41 687 1043 763; baseline 0.004 -17"><span class='ocrx_word' id='word_1_48' title='bbox 41 687 312 763; x_wconf 82' lang='lat' dir='ltr'><strong>reumpnnneorum</strong></span> <span class='ocrx_word' id='word_1_49' title='bbox 323 687 563 750; x_wconf 69' lang='lat' dir='ltr'>moderatoribus</span> <span class='ocrx_word' id='word_1_50' title='bbox 577 689 769 754; x_wconf 86' lang='lat' dir='ltr'><strong>observatum</strong></span> <span class='ocrx_word' id='word_1_51' title='bbox 782 688 837 748; x_wconf 86' lang='lat' dir='ltr'><strong>fuit</strong></span> <span class='ocrx_word' id='word_1_52' title='bbox 855 692 906 760; x_wconf 85' lang='lat' dir='ltr'><strong>(t).</strong></span> <span class='ocrx_word' id='word_1_53' title='bbox 928 693 980 748; x_wconf 83' lang='lat' dir='ltr'><strong>tus</strong></span> <span class='ocrx_word' id='word_1_54' title='bbox 993 707 1043 750; x_wconf 89' lang='lat' dir='ltr'><strong>ca·</strong></span> 
     </span>
     <span class='ocr_line' id='line_1_8' title="bbox 42 775 1046 854; baseline 0.005 -21"><span class='ocrx_word' id='word_1_55' title='bbox 42 775 156 836; x_wconf 85' lang='lat' dir='ltr'><strong>noricum</strong></span> <span class='ocrx_word' id='word_1_56' title='bbox 168 791 331 838; x_wconf 87' lang='lat' dir='ltr'><strong>commune</strong></span> <span class='ocrx_word' id='word_1_57' title='bbox 349 777 477 836; x_wconf 91' lang='lat' dir='ltr'><strong>multum</strong></span> <span class='ocrx_word' id='word_1_58' title='bbox 495 775 526 838; x_wconf 89' lang='lat' dir='ltr'><strong>in</strong></span> <span class='ocrx_word' id='word_1_59' title='bbox 539 776 597 838; x_wconf 89' lang='lat' dir='ltr'><strong>hac</strong></span> <span class='ocrx_word' id='word_1_60' title='bbox 619 776 744 838; x_wconf 83' lang='lat' dir='ltr'><strong>materia</strong></span> <span class='ocrx_word' id='word_1_61' title='bbox 757 781 903 839; x_wconf 86' lang='lat' dir='ltr'><strong>mutatum</strong></span> <span class='ocrx_word' id='word_1_62' title='bbox 925 776 980 838; x_wconf 88' lang='lat' dir='ltr'><strong>luit</strong></span> <span class='ocrx_word' id='word_1_63' title='bbox 991 793 1046 854; x_wconf 84' lang='lat' dir='ltr'><strong>per</strong></span> 
     </span>
     <span class='ocr_line' id='line_1_9' title="bbox 42 863 1046 940; baseline 0.004 -18"><span class='ocrx_word' id='word_1_64' title='bbox 42 865 199 924; x_wconf 76' lang='lat' dir='ltr'><strong>coneordata</strong></span> <span class='ocrx_word' id='word_1_65' title='bbox 211 864 287 924; x_wconf 87' lang='lat' dir='ltr'><strong>inita</strong></span> <span class='ocrx_word' id='word_1_66' title='bbox 306 863 384 926; x_wconf 84' lang='lat' dir='ltr'><strong>inter</strong></span> <span class='ocrx_word' id='word_1_67' title='bbox 397 869 427 924; x_wconf 90' lang='lat' dir='ltr'><strong>S.</strong></span> <span class='ocrx_word' id='word_1_68' title='bbox 443 864 560 938; x_wconf 86' lang='lat' dir='ltr'><strong>sedem,</strong></span> <span class='ocrx_word' id='word_1_69' title='bbox 579 871 610 926; x_wconf 90' lang='lat' dir='ltr'><strong>et</strong></span> <span class='ocrx_word' id='word_1_70' title='bbox 623 865 776 939; x_wconf 79' lang='lat' dir='ltr'><strong>Principes</strong></span> <span class='ocrx_word' id='word_1_71' title='bbox 796 868 959 940; x_wconf 78' lang='lat' dir='ltr'><strong>collegas:</strong></span> <span class='ocrx_word' id='word_1_72' title='bbox 975 881 1046 926; x_wconf 85' lang='lat' dir='ltr'><strong>nem</strong></span> 
     </span>
     <span class='ocr_line' id='line_1_10' title="bbox 41 951 1045 1028; baseline 0.003 -18"><span class='ocrx_word' id='word_1_73' title='bbox 41 952 84 1011; x_wconf 88' lang='lat' dir='ltr'><strong>loo</strong></span> <span class='ocrx_word' id='word_1_74' title='bbox 93 953 143 1027; x_wconf 79' lang='lat' dir='ltr'><strong>ius,</strong></span> <span class='ocrx_word' id='word_1_75' title='bbox 155 951 333 1028; x_wconf 84' lang='lat' dir='ltr'><strong>quodprius</strong></span> <span class='ocrx_word' id='word_1_76' title='bbox 345 953 403 1012; x_wconf 88' lang='lat' dir='ltr'><strong>late</strong></span> <span class='ocrx_word' id='word_1_77' title='bbox 416 952 579 1014; x_wconf 83' lang='lat' dir='ltr'><strong>admodum</strong></span> <span class='ocrx_word' id='word_1_78' title='bbox 590 953 720 1028; x_wconf 87' lang='lat' dir='ltr'><strong>patebat,</strong></span> <span class='ocrx_word' id='word_1_79' title='bbox 737 959 767 1012; x_wconf 93' lang='lat' dir='ltr'><strong>et</strong></span> <span class='ocrx_word' id='word_1_80' title='bbox 779 952 817 1011; x_wconf 91' lang='lat' dir='ltr'><strong>ad</strong></span> <span class='ocrx_word' id='word_1_81' title='bbox 828 969 934 1012; x_wconf 84' lang='lat' dir='ltr'><strong>omnes</strong></span> <span class='ocrx_word' id='word_1_82' title='bbox 944 954 1045 1014; x_wconf 81' lang='lat' dir='ltr'><strong>Eccle-</strong></span> 
     </span>
     <span class='ocr_line' id='line_1_11' title="bbox 42 1039 1046 1117; baseline 0.005 -21"><span class='ocrx_word' id='word_1_83' title='bbox 42 1039 93 1112; x_wconf 84' lang='lat' dir='ltr'><strong>siae,</strong></span> <span class='ocrx_word' id='word_1_84' title='bbox 112 1040 196 1101; x_wconf 85' lang='lat' dir='ltr'><strong>etiam</strong></span> <span class='ocrx_word' id='word_1_85' title='bbox 218 1046 388 1114; x_wconf 75' lang='lat' dir='ltr'>execratas,</span> <span class='ocrx_word' id='word_1_86' title='bbox 409 1042 457 1102; x_wconf 86' lang='lat' dir='ltr'><strong>vel</strong></span> <span class='ocrx_word' id='word_1_87' title='bbox 483 1041 624 1117; x_wconf 89' lang='lat' dir='ltr'><strong>pollutas,</strong></span> <span class='ocrx_word' id='word_1_88' title='bbox 644 1040 683 1100; x_wconf 89' lang='lat' dir='ltr'><strong>ad</strong></span> <span class='ocrx_word' id='word_1_89' title='bbox 706 1039 836 1102; x_wconf 84' lang='lat' dir='ltr'><strong>oratoria</strong></span> <span class='ocrx_word' id='word_1_90' title='bbox 855 1039 984 1116; x_wconf 89' lang='lat' dir='ltr'><strong>publica,</strong></span> <span class='ocrx_word' id='word_1_91' title='bbox 1007 1042 1046 1101; x_wconf 89' lang='lat' dir='ltr'><strong>ad</strong></span> 
     </span>
     <span class='ocr_line' id='line_1_12' title="bbox 42 1127 1047 1206; baseline 0.002 -20"><span class='ocrx_word' id='word_1_92' title='bbox 42 1129 196 1203; x_wconf 69' lang='lat' dir='ltr'><strong>cumenria,</strong></span> <span class='ocrx_word' id='word_1_93' title='bbox 225 1129 266 1188; x_wconf 90' lang='lat' dir='ltr'><strong>ad</strong></span> <span class='ocrx_word' id='word_1_94' title='bbox 278 1129 329 1204; x_wconf 90' lang='lat' dir='ltr'><strong>pia</strong></span> <span class='ocrx_word' id='word_1_95' title='bbox 344 1129 411 1188; x_wconf 88' lang='lat' dir='ltr'><strong>loca</strong></span> <span class='ocrx_word' id='word_1_96' title='bbox 424 1129 564 1206; x_wconf 83' lang='lat' dir='ltr'><strong>Episcopi</strong></span> <span class='ocrx_word' id='word_1_97' title='bbox 576 1128 751 1190; x_wconf 86' lang='lat' dir='ltr'><strong>auctoritate</strong></span> <span class='ocrx_word' id='word_1_98' title='bbox 764 1135 874 1203; x_wconf 88' lang='lat' dir='ltr'><strong>erecta,</strong></span> <span class='ocrx_word' id='word_1_99' title='bbox 886 1136 917 1188; x_wconf 90' lang='lat' dir='ltr'><strong>et</strong></span> <span class='ocrx_word' id='word_1_100' title='bbox 928 1127 966 1188; x_wconf 89' lang='lat' dir='ltr'><strong>ad</strong></span> <span class='ocrx_word' id='word_1_101' title='bbox 979 1129 1047 1188; x_wconf 89' lang='lat' dir='ltr'><strong>loca</strong></span> 
     </span>
     <span class='ocr_line' id='line_1_13' title="bbox 40 1215 1047 1293; baseline 0.003 -20"><span class='ocrx_word' id='word_1_102' title='bbox 40 1217 153 1277; x_wconf 80' lang='lat' dir='ltr'><strong>icelesiis</strong></span> <span class='ocrx_word' id='word_1_103' title='bbox 165 1217 335 1292; x_wconf 84' lang='lat' dir='ltr'><strong>adjacentia</strong></span> <span class='ocrx_word' id='word_1_104' title='bbox 349 1233 404 1293; x_wconf 88' lang='lat' dir='ltr'><strong>per</strong></span> <span class='ocrx_word' id='word_1_105' title='bbox 422 1217 551 1292; x_wconf 89' lang='lat' dir='ltr'><strong>spatium</strong></span> <span class='ocrx_word' id='word_1_106' title='bbox 572 1221 608 1276; x_wconf 79' lang='lat' dir='ltr'><strong>to</strong></span> <span class='ocrx_word' id='word_1_107' title='bbox 624 1231 768 1293; x_wconf 85' lang='lat' dir='ltr'><strong>passuum</strong></span> <span class='ocrx_word' id='word_1_108' title='bbox 785 1215 816 1274; x_wconf 92' lang='lat' dir='ltr'><strong>in</strong></span> <span class='ocrx_word' id='word_1_109' title='bbox 829 1215 1002 1292; x_wconf 88' lang='lat' dir='ltr'><strong>majoribus,</strong></span> <span class='ocrx_word' id='word_1_110' title='bbox 1017 1222 1047 1276; x_wconf 88' lang='lat' dir='ltr'><strong>et</strong></span> 
     </span>
     <span class='ocr_line' id='line_1_14' title="bbox 40 1303 1045 1380; baseline 0.001 -18"><span class='ocrx_word' id='word_1_111' title='bbox 40 1305 66 1362; x_wconf 83' lang='lat'><strong>30</strong></span> <span class='ocrx_word' id='word_1_112' title='bbox 76 1303 100 1363; x_wconf 90' lang='lat' dir='ltr'><strong>in</strong></span> <span class='ocrx_word' id='word_1_113' title='bbox 110 1305 276 1368; x_wconf 85' lang='lat' dir='ltr'><strong>minoribus</strong></span> <span class='ocrx_word' id='word_1_114' title='bbox 296 1303 437 1366; x_wconf 75' lang='lat' dir='ltr'><strong>Bedesis</strong></span> <span class='ocrx_word' id='word_1_115' title='bbox 450 1305 669 1374; x_wconf 84' lang='lat' dir='ltr'><strong>extendebatur</strong></span> <span class='ocrx_word' id='word_1_116' title='bbox 685 1308 737 1380; x_wconf 79' lang='lat'><strong>(2),</strong></span> <span class='ocrx_word' id='word_1_117' title='bbox 757 1304 788 1363; x_wconf 88' lang='lat' dir='ltr'><strong>iu</strong></span> <span class='ocrx_word' id='word_1_118' title='bbox 802 1303 862 1364; x_wconf 86' lang='lat' dir='ltr'><strong>vim</strong></span> <span class='ocrx_word' id='word_1_119' title='bbox 877 1304 1045 1369; x_wconf 80' lang='lat' dir='ltr'><strong>concorda-</strong></span> 
     </span>
     <span class='ocr_line' id='line_1_15' title="bbox 41 1393 431 1466; baseline 0.013 -17"><span class='ocrx_word' id='word_1_120' title='bbox 41 1397 117 1454; x_wconf 90' lang='lat' dir='ltr'><strong>torum</strong></span> <span class='ocrx_word' id='word_1_121' title='bbox 126 1394 300 1454; x_wconf 85' lang='lat' dir='ltr'><strong>restrictum</strong></span> <span class='ocrx_word' id='word_1_122' title='bbox 311 1393 367 1454; x_wconf 87' lang='lat' dir='ltr'><strong>luit</strong></span> <span class='ocrx_word' id='word_1_123' title='bbox 379 1398 431 1466; x_wconf 86' lang='lat'><strong>(3).</strong></span> 
     </span>
    </p>
   </div>
   <div class='ocr_carea' id='block_1_3' title="bbox 43 1548 1047 1966">
    <p class='ocr_par' dir='ltr' id='par_1_3' title="bbox 43 1548 1047 1966">
     <span class='ocr_line' id='line_1_16' title="bbox 62 1548 1047 1616; baseline 0.004 -18"><span class='ocrx_word' id='word_1_124' title='bbox 62 1549 90 1609; x_wconf 89' lang='grc'><strong>(1)</strong></span> <span class='ocrx_word' id='word_1_125' title='bbox 100 1549 151 1602; x_wconf 86' lang='lat' dir='ltr'><strong>Hoc</strong></span> <span class='ocrx_word' id='word_1_126' title='bbox 163 1551 218 1602; x_wconf 89' lang='lat' dir='ltr'><strong>late</strong></span> <span class='ocrx_word' id='word_1_127' title='bbox 235 1550 337 1616; x_wconf 89' lang='lat' dir='ltr'><strong>probat</strong></span> <span class='ocrx_word' id='word_1_128' title='bbox 350 1549 482 1602; x_wconf 82' lang='lat' dir='ltr'><strong>Gonzalez</strong></span> <span class='ocrx_word' id='word_1_129' title='bbox 502 1549 536 1602; x_wconf 85' lang='lat' dir='ltr'><strong>ad</strong></span> <span class='ocrx_word' id='word_1_130' title='bbox 555 1563 612 1616; x_wconf 90' lang='lat' dir='ltr'><strong>cap.</strong></span> <span class='ocrx_word' id='word_1_131' title='bbox 632 1548 710 1604; x_wconf 82' lang='lat' dir='ltr'><strong>Inter·</strong></span> <span class='ocrx_word' id='word_1_132' title='bbox 730 1548 789 1602; x_wconf 83' lang='lat' dir='ltr'><strong>alic</strong></span> <span class='ocrx_word' id='word_1_133' title='bbox 800 1549 833 1602; x_wconf 91' lang='lat' dir='ltr'><strong>de</strong></span> <span class='ocrx_word' id='word_1_134' title='bbox 848 1549 921 1602; x_wconf 90' lang='lat' dir='ltr'><strong>imm.</strong></span> <span class='ocrx_word' id='word_1_135' title='bbox 937 1551 1047 1603; x_wconf 80' lang='lat' dir='ltr'><strong>Euolat</strong></span> 
     </span>
     <span class='ocr_line' id='line_1_17' title="bbox 44 1617 1047 1688; baseline 0.007 -21"><span class='ocrx_word' id='word_1_136' title='bbox 44 1617 65 1667; x_wconf 86' lang='lat' dir='ltr'><strong>b.</strong></span> <span class='ocrx_word' id='word_1_137' title='bbox 77 1619 164 1672; x_wconf 85' lang='lat' dir='ltr'><strong>Gueleo</strong></span> <span class='ocrx_word' id='word_1_138' title='bbox 182 1623 211 1674; x_wconf 88' lang='lat' dir='ltr'><strong>in</strong></span> <span class='ocrx_word' id='word_1_139' title='bbox 230 1625 310 1674; x_wconf 84' lang='lat' dir='ltr'><strong>tract.</strong></span> <span class='ocrx_word' id='word_1_140' title='bbox 330 1621 364 1673; x_wconf 89' lang='lat' dir='ltr'><strong>de</strong></span> <span class='ocrx_word' id='word_1_141' title='bbox 384 1625 446 1688; x_wconf 84' lang='lat' dir='ltr'><strong>jure</strong></span> <span class='ocrx_word' id='word_1_142' title='bbox 466 1635 520 1674; x_wconf 89' lang='lat' dir='ltr'><strong>sac.</strong></span> <span class='ocrx_word' id='word_1_143' title='bbox 542 1622 610 1686; x_wconf 83' lang='lat' dir='ltr'><strong>asyl.</strong></span> <span class='ocrx_word' id='word_1_144' title='bbox 624 1649 656 1660; x_wconf 90' lang='lat'>-</span> <span class='ocrx_word' id='word_1_145' title='bbox 673 1621 709 1686; x_wconf 76' lang='lat' dir='ltr'><strong>(i)</strong></span> <span class='ocrx_word' id='word_1_146' title='bbox 726 1623 791 1673; x_wconf 89' lang='lat' dir='ltr'><strong>Can.</strong></span> <span class='ocrx_word' id='word_1_147' title='bbox 812 1621 837 1684; x_wconf 85' lang='lat'><strong>6,</strong></span> <span class='ocrx_word' id='word_1_148' title='bbox 853 1636 875 1674; x_wconf 90' lang='lat' dir='ltr'><strong>c.</strong></span> <span class='ocrx_word' id='word_1_149' title='bbox 892 1623 920 1674; x_wconf 82' lang='lat'><strong>17</strong></span> <span class='ocrx_word' id='word_1_150' title='bbox 934 1637 961 1688; x_wconf 89' lang='lat' dir='ltr'><strong>q.</strong></span> <span class='ocrx_word' id='word_1_151' title='bbox 977 1623 1000 1674; x_wconf 82' lang='lat' dir='ltr'><strong>l.</strong></span> <span class='ocrx_word' id='word_1_152' title='bbox 1016 1651 1047 1660; x_wconf 90' lang='lat'>-</span> 
     </span>
     <span class='ocr_line' id='line_1_18' title="bbox 43 1687 1046 1758; baseline 0.006 -20"><span class='ocrx_word' id='word_1_153' title='bbox 43 1687 150 1752; x_wconf 74' lang='lat' dir='ltr'><strong>(tilltiam</strong></span> <span class='ocrx_word' id='word_1_154' title='bbox 169 1693 314 1758; x_wconf 85' lang='lat' dir='ltr'><strong>processio</strong></span> <span class='ocrx_word' id='word_1_155' title='bbox 334 1694 363 1743; x_wconf 91' lang='lat' dir='ltr'><strong>in</strong></span> <span class='ocrx_word' id='word_1_156' title='bbox 380 1707 435 1758; x_wconf 87' lang='lat' dir='ltr'><strong>qua</strong></span> <span class='ocrx_word' id='word_1_157' title='bbox 453 1691 575 1744; x_wconf 73' lang='lat' dir='ltr'><strong>defertur</strong></span> <span class='ocrx_word' id='word_1_158' title='bbox 594 1692 796 1743; x_wconf 84' lang='lat' dir='ltr'><strong>sanctissimum</strong></span> <span class='ocrx_word' id='word_1_159' title='bbox 810 1691 989 1744; x_wconf 83' lang='lat' dir='ltr'><strong>Eucharistlae</strong></span> <span class='ocrx_word' id='word_1_160' title='bbox 1003 1706 1046 1744; x_wconf 89' lang='lat' dir='ltr'><strong>sa·</strong></span> 
     </span>
     <span class='ocr_line' id='line_1_19' title="bbox 46 1761 1047 1828; baseline 0.006 -20"><span class='ocrx_word' id='word_1_161' title='bbox 46 1765 185 1812; x_wconf 82' lang='lat' dir='ltr'><strong>rumentum</strong></span> <span class='ocrx_word' id='word_1_162' title='bbox 196 1765 264 1827; x_wconf 88' lang='lat' dir='ltr'><strong>jure</strong></span> <span class='ocrx_word' id='word_1_163' title='bbox 285 1763 355 1814; x_wconf 87' lang='lat' dir='ltr'><strong>sacri</strong></span> <span class='ocrx_word' id='word_1_164' title='bbox 377 1763 445 1828; x_wconf 79' lang='lat' dir='ltr'><strong>asyli</strong></span> <span class='ocrx_word' id='word_1_165' title='bbox 461 1763 569 1821; x_wconf 83' lang='lat' dir='ltr'><strong>fruitur,</strong></span> <span class='ocrx_word' id='word_1_166' title='bbox 591 1762 743 1826; x_wconf 85' lang='lat' dir='ltr'><strong>etquidem</strong></span> <span class='ocrx_word' id='word_1_167' title='bbox 761 1761 874 1814; x_wconf 85' lang='lat' dir='ltr'><strong>merito:</strong></span> <span class='ocrx_word' id='word_1_168' title='bbox 888 1777 952 1813; x_wconf 87' lang='lat' dir='ltr'><strong>nam</strong></span> <span class='ocrx_word' id='word_1_169' title='bbox 975 1764 1047 1814; x_wconf 88' lang='lat' dir='ltr'><strong>dicta</strong></span> 
     </span>
     <span class='ocr_line' id='line_1_20' title="bbox 44 1832 1047 1898; baseline 0.004 -18"><span class='ocrx_word' id='word_1_170' title='bbox 44 1832 152 1888; x_wconf 68' lang='lat' dir='ltr'><strong>insessio</strong></span> <span class='ocrx_word' id='word_1_171' title='bbox 169 1833 319 1898; x_wconf 85' lang='lat' dir='ltr'><strong>quamdam</strong></span> <span class='ocrx_word' id='word_1_172' title='bbox 336 1834 454 1885; x_wconf 87' lang='lat' dir='ltr'><strong>continet</strong></span> <span class='ocrx_word' id='word_1_173' title='bbox 469 1833 599 1884; x_wconf 80' lang='lat' dir='ltr'><strong>Ecclesiae</strong></span> <span class='ocrx_word' id='word_1_174' title='bbox 613 1834 805 1895; x_wconf 84' lang='lat' dir='ltr'><strong>extensionem,</strong></span> <span class='ocrx_word' id='word_1_175' title='bbox 820 1839 848 1884; x_wconf 86' lang='lat' dir='ltr'><strong>st</strong></span> <span class='ocrx_word' id='word_1_176' title='bbox 859 1833 961 1885; x_wconf 82' lang='lat' dir='ltr'><strong>Christi</strong></span> <span class='ocrx_word' id='word_1_177' title='bbox 975 1847 1047 1897; x_wconf 69' lang='lat' dir='ltr'><strong>pres·</strong></span> 
     </span>
     <span class='ocr_line' id='line_1_21' title="bbox 45 1902 1046 1966; baseline 0.005 -17"><span class='ocrx_word' id='word_1_178' title='bbox 45 1902 108 1952; x_wconf 80' lang='lat' dir='ltr'><strong>unta</strong></span> <span class='ocrx_word' id='word_1_179' title='bbox 118 1903 203 1956; x_wconf 86' lang='lat' dir='ltr'><strong>locum</strong></span> <span class='ocrx_word' id='word_1_180' title='bbox 220 1918 332 1956; x_wconf 86' lang='lat' dir='ltr'><strong>sacrum</strong></span> <span class='ocrx_word' id='word_1_181' title='bbox 347 1905 429 1965; x_wconf 84' lang='lat' dir='ltr'><strong>faoit;</strong></span> <span class='ocrx_word' id='word_1_182' title='bbox 445 1904 469 1956; x_wconf 87' lang='lat' dir='ltr'><strong>si</strong></span> <span class='ocrx_word' id='word_1_183' title='bbox 488 1905 560 1956; x_wconf 88' lang='lat' dir='ltr'><strong>enim</strong></span> <span class='ocrx_word' id='word_1_184' title='bbox 575 1910 648 1956; x_wconf 87' lang='lat' dir='ltr'><strong>recte</strong></span> <span class='ocrx_word' id='word_1_185' title='bbox 664 1902 763 1956; x_wconf 86' lang='lat' dir='ltr'><strong>dicitur</strong></span> <span class='ocrx_word' id='word_1_186' title='bbox 783 1904 823 1954; x_wconf 89' lang='lat' dir='ltr'><strong>ibi</strong></span> <span class='ocrx_word' id='word_1_187' title='bbox 847 1917 907 1956; x_wconf 86' lang='lat' dir='ltr'><strong>essa</strong></span> <span class='ocrx_word' id='word_1_188' title='bbox 923 1903 1046 1966; x_wconf 84' lang='lat' dir='ltr'><strong>Romam,</strong></span> 
     </span>
    </p>
   </div>
   <div class='ocr_carea' id='block_1_4' title="bbox 44 1969 1048 2098">
    <p class='ocr_par' dir='ltr' id='par_1_4' title="bbox 44 1969 1048 2098">
     <span class='ocr_line' id='line_1_22' title="bbox 44 1969 1048 2098; baseline 0.001 -74"><span class='ocrx_word' id='word_1_189' title='bbox 44 1969 216 2098; x_wconf 22' lang='lat' dir='ltr'><strong>Effusaspape,</strong></span> <span class='ocrx_word' id='word_1_190' title='bbox 242 1976 381 2030; x_wconf 77' lang='lat' dir='ltr'><strong>cremori</strong></span> <span class='ocrx_word' id='word_1_191' title='bbox 402 1977 456 2030; x_wconf 87' lang='lat' dir='ltr'><strong>dici</strong></span> <span class='ocrx_word' id='word_1_192' title='bbox 478 1976 588 2042; x_wconf 88' lang='lat' dir='ltr'><strong>poterit,</strong></span> <span class='ocrx_word' id='word_1_193' title='bbox 610 1975 658 2027; x_wconf 91' lang='lat' dir='ltr'><strong>ubi</strong></span> <span class='ocrx_word' id='word_1_194' title='bbox 681 1988 742 2028; x_wconf 87' lang='lat' dir='ltr'><strong>esse</strong></span> <span class='ocrx_word' id='word_1_195' title='bbox 760 1973 918 2038; x_wconf 81' lang='lat' dir='ltr'><strong>Ecclesiam,</strong></span> <span class='ocrx_word' id='word_1_196' title='bbox 936 1975 985 2026; x_wconf 90' lang='lat' dir='ltr'><strong>ubi</strong></span> <span class='ocrx_word' id='word_1_197' title='bbox 1006 1979 1048 2027; x_wconf 89' lang='lat' dir='ltr'><strong>est</strong></span> 
     </span>
     <span class='ocr_line' id='line_1_23' title="bbox 83 2057 148 2097; baseline 0.031 -2"><span class='ocrx_word' id='word_1_198' title='bbox 83 2057 100 2095; x_wconf 82' lang='lat' dir='ltr'><strong>rs</strong></span> <span class='ocrx_word' id='word_1_199' title='bbox 142 2086 148 2097; x_wconf 95' lang='lat'><strong>.</strong></span> 
     </span>
    </p>
   </div>
   <div class='ocr_carea' id='block_1_5' title="bbox 45 2203 1075 3430">
    <p class='ocr_par' dir='ltr' id='par_1_5' title="bbox 45 2203 1075 3430">
     <span class='ocr_line' id='line_1_24' title="bbox 69 2203 1048 2280; baseline 0.001 -19"><span class='ocrx_word' id='word_1_200' title='bbox 69 2204 118 2262; x_wconf 83' lang='lat' dir='ltr'><strong>itt.</strong></span> <span class='ocrx_word' id='word_1_201' title='bbox 135 2208 199 2264; x_wconf 82' lang='lat' dir='ltr'><strong>tlon</strong></span> <span class='ocrx_word' id='word_1_202' title='bbox 217 2206 330 2265; x_wconf 85' lang='lat' dir='ltr'><strong>desunt</strong></span> <span class='ocrx_word' id='word_1_203' title='bbox 347 2210 502 2278; x_wconf 68' lang='lat' dir='ltr'><strong>suctores,</strong></span> <span class='ocrx_word' id='word_1_204' title='bbox 523 2204 574 2280; x_wconf 87' lang='lat' dir='ltr'><strong>qui</strong></span> <span class='ocrx_word' id='word_1_205' title='bbox 588 2203 698 2278; x_wconf 87' lang='lat' dir='ltr'><strong>dicant,</strong></span> <span class='ocrx_word' id='word_1_206' title='bbox 718 2204 747 2264; x_wconf 89' lang='lat' dir='ltr'><strong>in</strong></span> <span class='ocrx_word' id='word_1_207' title='bbox 764 2203 912 2278; x_wconf 81' lang='lat' dir='ltr'><strong>aliquibus</strong></span> <span class='ocrx_word' id='word_1_208' title='bbox 929 2203 1005 2264; x_wconf 89' lang='lat' dir='ltr'><strong>locis</strong></span> <span class='ocrx_word' id='word_1_209' title='bbox 1018 2205 1048 2262; x_wconf 85' lang='lat' dir='ltr'><strong>vi</strong></span> 
     </span>
     <span class='ocr_line' id='line_1_25' title="bbox 45 2291 1049 2370; baseline 0.005 -24"><span class='ocrx_word' id='word_1_210' title='bbox 45 2295 270 2354; x_wconf 69' lang='lat' dir='ltr'><strong>consuetudinum</strong></span> <span class='ocrx_word' id='word_1_211' title='bbox 283 2294 324 2353; x_wconf 93' lang='lat' dir='ltr'><strong>ita</strong></span> <span class='ocrx_word' id='word_1_212' title='bbox 334 2295 385 2370; x_wconf 83' lang='lat' dir='ltr'><strong>jus</strong></span> <span class='ocrx_word' id='word_1_213' title='bbox 400 2293 475 2370; x_wconf 83' lang='lat' dir='ltr'><strong>asyli</strong></span> <span class='ocrx_word' id='word_1_214' title='bbox 489 2293 567 2353; x_wconf 88' lang='lat' dir='ltr'><strong>sacri</strong></span> <span class='ocrx_word' id='word_1_215' title='bbox 584 2292 756 2352; x_wconf 86' lang='lat' dir='ltr'><strong>restrictum</strong></span> <span class='ocrx_word' id='word_1_216' title='bbox 769 2293 871 2366; x_wconf 84' lang='lat' dir='ltr'><strong>fuisse,</strong></span> <span class='ocrx_word' id='word_1_217' title='bbox 884 2298 919 2351; x_wconf 89' lang='lat' dir='ltr'><strong>ut</strong></span> <span class='ocrx_word' id='word_1_218' title='bbox 930 2291 1049 2368; x_wconf 85' lang='lat' dir='ltr'><strong>penitus</strong></span> 
     </span>
     <span class='ocr_line' id='line_1_26' title="bbox 46 2381 1049 2458; baseline 0.007 -25"><span class='ocrx_word' id='word_1_219' title='bbox 46 2383 179 2443; x_wconf 78' lang='lat' dir='ltr'><strong>errauerit.</strong></span> <span class='ocrx_word' id='word_1_220' title='bbox 191 2382 392 2444; x_wconf 83' lang='lat' dir='ltr'><strong>concedimus</strong></span> <span class='ocrx_word' id='word_1_221' title='bbox 405 2381 436 2441; x_wconf 94' lang='lat' dir='ltr'><strong>in</strong></span> <span class='ocrx_word' id='word_1_222' title='bbox 449 2383 538 2458; x_wconf 86' lang='lat' dir='ltr'><strong>iacto,</strong></span> <span class='ocrx_word' id='word_1_223' title='bbox 552 2383 591 2440; x_wconf 92' lang='lat' dir='ltr'><strong>ob</strong></span> <span class='ocrx_word' id='word_1_224' title='bbox 606 2382 832 2457; x_wconf 82' lang='lat' dir='ltr'><strong>persecutiones</strong></span> <span class='ocrx_word' id='word_1_225' title='bbox 841 2381 871 2438; x_wconf 93' lang='lat' dir='ltr'><strong>in</strong></span> <span class='ocrx_word' id='word_1_226' title='bbox 883 2381 1049 2440; x_wconf 78' lang='lat' dir='ltr'><strong>Ecclesiam</strong></span> 
     </span>
     <span class='ocr_line' id='line_1_27' title="bbox 47 2463 1050 2547; baseline 0.001 -21"><span class='ocrx_word' id='word_1_227' title='bbox 47 2463 144 2530; x_wconf 84' lang='lat' dir='ltr'><strong>dirersis</strong></span> <span class='ocrx_word' id='word_1_228' title='bbox 171 2471 361 2547; x_wconf 69' lang='lat' dir='ltr'><strong>temporibus</strong></span> <span class='ocrx_word' id='word_1_229' title='bbox 381 2470 535 2544; x_wconf 80' lang='lat' dir='ltr'><strong>excitatas,</strong></span> <span class='ocrx_word' id='word_1_230' title='bbox 559 2469 590 2530; x_wconf 92' lang='lat' dir='ltr'><strong>id</strong></span> <span class='ocrx_word' id='word_1_231' title='bbox 616 2469 796 2545; x_wconf 76' lang='lat' dir='ltr'><strong>contigiss03</strong></span> <span class='ocrx_word' id='word_1_232' title='bbox 821 2469 876 2528; x_wconf 89' lang='lat' dir='ltr'><strong>sed</strong></span> <span class='ocrx_word' id='word_1_233' title='bbox 902 2483 1050 2542; x_wconf 79' lang='lat' dir='ltr'><strong>negamus</strong></span> 
     </span>
     <span class='ocr_line' id='line_1_28' title="bbox 47 2548 1049 2636; baseline -0.003 -20"><span class='ocrx_word' id='word_1_234' title='bbox 47 2548 105 2616; x_wconf 75' lang='lat' dir='ltr'><strong>idem</strong></span> <span class='ocrx_word' id='word_1_235' title='bbox 118 2557 146 2616; x_wconf 93' lang='lat' dir='ltr'><strong>in</strong></span> <span class='ocrx_word' id='word_1_236' title='bbox 162 2561 233 2636; x_wconf 86' lang='lat' dir='ltr'><strong>jure</strong></span> <span class='ocrx_word' id='word_1_237' title='bbox 247 2559 393 2633; x_wconf 85' lang='lat' dir='ltr'><strong>evenisse,</strong></span> <span class='ocrx_word' id='word_1_238' title='bbox 411 2565 463 2619; x_wconf 90' lang='lat' dir='ltr'><strong>aut</strong></span> <span class='ocrx_word' id='word_1_239' title='bbox 477 2558 597 2618; x_wconf 86' lang='lat' dir='ltr'><strong>evenire</strong></span> <span class='ocrx_word' id='word_1_240' title='bbox 611 2558 753 2634; x_wconf 85' lang='lat' dir='ltr'><strong>potuisse.</strong></span> <span class='ocrx_word' id='word_1_241' title='bbox 773 2562 846 2616; x_wconf 83' lang='lat' dir='ltr'><strong>llam</strong></span> <span class='ocrx_word' id='word_1_242' title='bbox 864 2555 983 2630; x_wconf 88' lang='lat' dir='ltr'><strong>asylum</strong></span> <span class='ocrx_word' id='word_1_243' title='bbox 1001 2572 1049 2614; x_wconf 87' lang='lat' dir='ltr'><strong>sa-</strong></span> 
     </span>
     <span class='ocr_line' id='line_1_29' title="bbox 49 2643 1051 2724; baseline -0.003 -20"><span class='ocrx_word' id='word_1_244' title='bbox 49 2654 111 2704; x_wconf 82' lang='lat' dir='ltr'><strong>tum</strong></span> <span class='ocrx_word' id='word_1_245' title='bbox 122 2661 159 2706; x_wconf 82' lang='lat' dir='ltr'><strong>ex</strong></span> <span class='ocrx_word' id='word_1_246' title='bbox 167 2649 238 2724; x_wconf 72' lang='lat' dir='ltr'><strong>iure</strong></span> <span class='ocrx_word' id='word_1_247' title='bbox 249 2648 387 2721; x_wconf 88' lang='lat' dir='ltr'><strong>naturali,</strong></span> <span class='ocrx_word' id='word_1_248' title='bbox 404 2653 434 2707; x_wconf 89' lang='lat' dir='ltr'><strong>et</strong></span> <span class='ocrx_word' id='word_1_249' title='bbox 445 2646 545 2707; x_wconf 85' lang='lat' dir='ltr'><strong>divino</strong></span> <span class='ocrx_word' id='word_1_250' title='bbox 560 2651 727 2722; x_wconf 88' lang='lat' dir='ltr'><strong>promanat,</strong></span> <span class='ocrx_word' id='word_1_251' title='bbox 742 2659 811 2705; x_wconf 88' lang='lat' dir='ltr'><strong>oum</strong></span> <span class='ocrx_word' id='word_1_252' title='bbox 820 2643 967 2704; x_wconf 82' lang='lat' dir='ltr'><strong>universae</strong></span> <span class='ocrx_word' id='word_1_253' title='bbox 977 2659 1051 2718; x_wconf 83' lang='lat' dir='ltr'><strong>gen·</strong></span> 
     </span>
     <span class='ocr_line' id='line_1_30' title="bbox 47 2731 1049 2812; baseline -0.001 -19"><span class='ocrx_word' id='word_1_254' title='bbox 47 2733 78 2787; x_wconf 75' lang='lat' dir='ltr'><strong>let</strong></span> <span class='ocrx_word' id='word_1_255' title='bbox 92 2731 155 2794; x_wconf 90' lang='lat' dir='ltr'><strong>illud</strong></span> <span class='ocrx_word' id='word_1_256' title='bbox 172 2736 370 2797; x_wconf 86' lang='lat' dir='ltr'><strong>admiserint:</strong></span> <span class='ocrx_word' id='word_1_257' title='bbox 389 2733 459 2812; x_wconf 89' lang='lat' dir='ltr'><strong>quia</strong></span> <span class='ocrx_word' id='word_1_258' title='bbox 482 2736 563 2812; x_wconf 89' lang='lat' dir='ltr'><strong>quod</strong></span> <span class='ocrx_word' id='word_1_259' title='bbox 585 2735 616 2794; x_wconf 91' lang='lat' dir='ltr'><strong>in</strong></span> <span class='ocrx_word' id='word_1_260' title='bbox 634 2735 808 2795; x_wconf 89' lang='lat' dir='ltr'><strong>universum</strong></span> <span class='ocrx_word' id='word_1_261' title='bbox 822 2751 840 2792; x_wconf 90' lang='lat' dir='ltr'><strong>a</strong></span> <span class='ocrx_word' id='word_1_262' title='bbox 854 2731 992 2808; x_wconf 85' lang='lat' dir='ltr'><strong>gentibus</strong></span> <span class='ocrx_word' id='word_1_263' title='bbox 1006 2733 1049 2804; x_wconf 85' lang='lat' dir='ltr'><strong>fit,</strong></span> 
     </span>
     <span class='ocr_line' id='line_1_31' title="bbox 47 2816 1051 2900; baseline 0.003 -25"><span class='ocrx_word' id='word_1_264' title='bbox 47 2816 111 2878; x_wconf 79' lang='lat' dir='ltr'><strong>alam</strong></span> <span class='ocrx_word' id='word_1_265' title='bbox 124 2838 183 2882; x_wconf 91' lang='lat' dir='ltr'><strong>non</strong></span> <span class='ocrx_word' id='word_1_266' title='bbox 205 2830 307 2900; x_wconf 84' lang='lat' dir='ltr'><strong>potest</strong></span> <span class='ocrx_word' id='word_1_267' title='bbox 328 2824 439 2883; x_wconf 89' lang='lat' dir='ltr'><strong>habere</strong></span> <span class='ocrx_word' id='word_1_268' title='bbox 460 2838 592 2896; x_wconf 85' lang='lat' dir='ltr'><strong>causam,</strong></span> <span class='ocrx_word' id='word_1_269' title='bbox 616 2838 706 2897; x_wconf 91' lang='lat' dir='ltr'><strong>quam</strong></span> <span class='ocrx_word' id='word_1_270' title='bbox 729 2821 824 2897; x_wconf 88' lang='lat' dir='ltr'><strong>ipsam</strong></span> <span class='ocrx_word' id='word_1_271' title='bbox 844 2826 991 2880; x_wconf 90' lang='lat' dir='ltr'><strong>naturam.</strong></span> <span class='ocrx_word' id='word_1_272' title='bbox 1013 2825 1051 2879; x_wconf 84' lang='lat' dir='ltr'><strong>nt</strong></span> 
     </span>
     <span class='ocr_line' id='line_1_32' title="bbox 48 2908 1075 2988; baseline 0.001 -21"><span class='ocrx_word' id='word_1_273' title='bbox 48 2913 208 2971; x_wconf 79' lang='lat' dir='ltr'><strong>mmetudo</strong></span> <span class='ocrx_word' id='word_1_274' title='bbox 222 2912 388 2988; x_wconf 74' lang='lat' dir='ltr'><strong>contraius</strong></span> <span class='ocrx_word' id='word_1_275' title='bbox 401 2911 548 2982; x_wconf 86' lang='lat' dir='ltr'><strong>naturale,</strong></span> <span class='ocrx_word' id='word_1_276' title='bbox 562 2917 668 2969; x_wconf 91' lang='lat' dir='ltr'><strong>contra</strong></span> <span class='ocrx_word' id='word_1_277' title='bbox 685 2910 824 2969; x_wconf 81' lang='lat' dir='ltr'><strong>Ecclesiae</strong></span> <span class='ocrx_word' id='word_1_278' title='bbox 834 2908 1010 2984; x_wconf 88' lang='lat' dir='ltr'><strong>libertatem,</strong></span> <span class='ocrx_word' id='word_1_279' title='bbox 1021 2914 1052 2968; x_wconf 90' lang='lat' dir='ltr'><strong>ct</strong></span> <span class='ocrx_word' id='word_1_280' title='bbox 1073 2957 1075 2961; x_wconf 92' lang='lat'>.</span> 
     </span>
     <span class='ocr_line' id='line_1_33' title="bbox 48 2989 1053 3076; baseline 0.003 -23"><span class='ocrx_word' id='word_1_281' title='bbox 48 2989 240 3062; x_wconf 81' lang='lat' dir='ltr'><strong>immunitatem</strong></span> <span class='ocrx_word' id='word_1_282' title='bbox 260 3017 320 3060; x_wconf 95' lang='lat' dir='ltr'><strong>non</strong></span> <span class='ocrx_word' id='word_1_283' title='bbox 334 3005 434 3076; x_wconf 90' lang='lat' dir='ltr'><strong>potest</strong></span> <span class='ocrx_word' id='word_1_284' title='bbox 447 2997 608 3071; x_wconf 91' lang='lat' dir='ltr'><strong>introduci,</strong></span> <span class='ocrx_word' id='word_1_285' title='bbox 623 3006 693 3058; x_wconf 90' lang='lat' dir='ltr'><strong>cum</strong></span> <span class='ocrx_word' id='word_1_286' title='bbox 706 2999 772 3057; x_wconf 82' lang='lat' dir='ltr'><strong>talis</strong></span> <span class='ocrx_word' id='word_1_287' title='bbox 786 2997 972 3058; x_wconf 88' lang='lat' dir='ltr'><strong>consuetudo</strong></span> <span class='ocrx_word' id='word_1_288' title='bbox 986 3013 1053 3057; x_wconf 89' lang='lat' dir='ltr'><strong>cam</strong></span> 
     </span>
     <span class='ocr_line' id='line_1_34' title="bbox 48 3077 1053 3165; baseline 0 -21"><span class='ocrx_word' id='word_1_289' title='bbox 48 3077 131 3146; x_wconf 76' lang='lat' dir='ltr'><strong>haten</strong></span> <span class='ocrx_word' id='word_1_290' title='bbox 143 3089 316 3164; x_wconf 72' lang='lat' dir='ltr'><strong>adiunctam</strong></span> <span class='ocrx_word' id='word_1_291' title='bbox 329 3087 517 3165; x_wconf 86' lang='lat' dir='ltr'><strong>pravitatem,</strong></span> <span class='ocrx_word' id='word_1_292' title='bbox 537 3103 604 3163; x_wconf 84' lang='lat' dir='ltr'><strong>quae</strong></span> <span class='ocrx_word' id='word_1_293' title='bbox 617 3103 782 3162; x_wconf 85' lang='lat' dir='ltr'><strong>numquam</strong></span> <span class='ocrx_word' id='word_1_294' title='bbox 799 3091 899 3162; x_wconf 91' lang='lat' dir='ltr'><strong>potest</strong></span> <span class='ocrx_word' id='word_1_295' title='bbox 921 3087 1053 3148; x_wconf 88' lang='lat' dir='ltr'><strong>cohone-</strong></span> 
     </span>
     <span class='ocr_line' id='line_1_35' title="bbox 49 3172 1052 3252; baseline 0.008 -28"><span class='ocrx_word' id='word_1_296' title='bbox 49 3172 160 3246; x_wconf 72' lang='lat' dir='ltr'><strong>attriti).</strong></span> <span class='ocrx_word' id='word_1_297' title='bbox 176 3183 248 3252; x_wconf 83' lang='lat' dir='ltr'><strong>Quae</strong></span> <span class='ocrx_word' id='word_1_298' title='bbox 264 3193 337 3236; x_wconf 88' lang='lat' dir='ltr'><strong>sane</strong></span> <span class='ocrx_word' id='word_1_299' title='bbox 351 3175 407 3236; x_wconf 88' lang='lat' dir='ltr'><strong>erit</strong></span> <span class='ocrx_word' id='word_1_300' title='bbox 420 3175 597 3249; x_wconf 85' lang='lat' dir='ltr'><strong>reverentia,</strong></span> <span class='ocrx_word' id='word_1_301' title='bbox 612 3175 743 3248; x_wconf 87' lang='lat' dir='ltr'><strong>libertas,</strong></span> <span class='ocrx_word' id='word_1_302' title='bbox 760 3181 790 3235; x_wconf 91' lang='lat' dir='ltr'><strong>et</strong></span> <span class='ocrx_word' id='word_1_303' title='bbox 811 3175 982 3236; x_wconf 90' lang='lat' dir='ltr'><strong>immunitas</strong></span> <span class='ocrx_word' id='word_1_304' title='bbox 995 3179 1052 3237; x_wconf 83' lang='lat' dir='ltr'><strong>llo-</strong></span> 
     </span>
     <span class='ocr_line' id='line_1_36' title="bbox 51 3257 1053 3342; baseline 0 -21"><span class='ocrx_word' id='word_1_305' title='bbox 51 3257 126 3321; x_wconf 82' lang='lat' dir='ltr'><strong>tlesie</strong></span> <span class='ocrx_word' id='word_1_306' title='bbox 141 3263 249 3340; x_wconf 89' lang='lat' dir='ltr'><strong>debita,</strong></span> <span class='ocrx_word' id='word_1_307' title='bbox 264 3266 289 3326; x_wconf 91' lang='lat' dir='ltr'><strong>si</strong></span> <span class='ocrx_word' id='word_1_308' title='bbox 308 3281 363 3342; x_wconf 90' lang='lat' dir='ltr'><strong>per</strong></span> <span class='ocrx_word' id='word_1_309' title='bbox 377 3264 625 3324; x_wconf 87' lang='lat' dir='ltr'><strong>consuetudinem</strong></span> <span class='ocrx_word' id='word_1_310' title='bbox 641 3263 755 3324; x_wconf 87' lang='lat' dir='ltr'><strong>licitum</strong></span> <span class='ocrx_word' id='word_1_311' title='bbox 768 3265 832 3326; x_wconf 89' lang='lat' dir='ltr'><strong>fieri</strong></span> <span class='ocrx_word' id='word_1_312' title='bbox 847 3271 946 3342; x_wconf 86' lang='lat' dir='ltr'><strong>queat,</strong></span> <span class='ocrx_word' id='word_1_313' title='bbox 967 3278 1053 3324; x_wconf 86' lang='lat' dir='ltr'><strong>reum</strong></span> 
     </span>
     <span class='ocr_line' id='line_1_37' title="bbox 51 3353 705 3430; baseline 0.011 -24"><span class='ocrx_word' id='word_1_314' title='bbox 51 3359 145 3412; x_wconf 82' lang='lat' dir='ltr'><strong>tsacro</strong></span> <span class='ocrx_word' id='word_1_315' title='bbox 156 3353 239 3416; x_wconf 84' lang='lat' dir='ltr'><strong>altari</strong></span> <span class='ocrx_word' id='word_1_316' title='bbox 254 3354 356 3430; x_wconf 87' lang='lat' dir='ltr'><strong>armis,</strong></span> <span class='ocrx_word' id='word_1_317' title='bbox 366 3358 396 3413; x_wconf 91' lang='lat' dir='ltr'><strong>et</strong></span> <span class='ocrx_word' id='word_1_318' title='bbox 410 3353 537 3429; x_wconf 90' lang='lat' dir='ltr'><strong>strepitu</strong></span> <span class='ocrx_word' id='word_1_319' title='bbox 551 3353 705 3413; x_wconf 82' lang='lat' dir='ltr'><strong>avellere?</strong></span> 
     </span>
    </p>
   </div>
   <div class='ocr_carea' id='block_1_6' title="bbox 75 3473 834 3562">
    <p class='ocr_par' dir='ltr' id='par_1_6' title="bbox 75 3473 834 3562">
     <span class='ocr_line' id='line_1_38' title="bbox 75 3473 834 3562; baseline -0.009 -22"><span class='ocrx_word' id='word_1_320' title='bbox 75 3473 171 3558; x_wconf 61' lang='grc' dir='ltr'><strong>(θὼρ.</strong></span> <span class='ocrx_word' id='word_1_321' title='bbox 185 3484 216 3537; x_wconf 85' lang='lat' dir='ltr'><strong>ts</strong></span> <span class='ocrx_word' id='word_1_322' title='bbox 229 3482 263 3537; x_wconf 89' lang='lat' dir='ltr'><strong>de</strong></span> <span class='ocrx_word' id='word_1_323' title='bbox 277 3485 347 3558; x_wconf 82' lang='lat' dir='ltr'><strong>seut.</strong></span> <span class='ocrx_word' id='word_1_324' title='bbox 362 3496 464 3544; x_wconf 84' lang='lat' dir='ltr'><strong>excom.</strong></span> <span class='ocrx_word' id='word_1_325' title='bbox 481 3486 508 3536; x_wconf 89' lang='lat' dir='ltr'><strong>et</strong></span> <span class='ocrx_word' id='word_1_326' title='bbox 524 3495 583 3558; x_wconf 88' lang='lat' dir='ltr'><strong>cap.</strong></span> <span class='ocrx_word' id='word_1_327' title='bbox 600 3482 630 3536; x_wconf 83' lang='lat' dir='ltr'><strong>tt</strong></span> <span class='ocrx_word' id='word_1_328' title='bbox 641 3481 719 3540; x_wconf 75' lang='lat' dir='ltr'><strong>elect,</strong></span> <span class='ocrx_word' id='word_1_329' title='bbox 830 3556 834 3562; x_wconf 25' lang='grc' dir='ltr'><strong><em>Ι</em></strong></span> 
     </span>
    </p>
   </div>
   <div class='ocr_carea' id='block_1_7' title="bbox 0 0 1232 4070">
    <p class='ocr_par' dir='ltr' id='par_1_7' title="bbox 0 0 1232 4070">
     <span class='ocr_line' id='line_1_39' title="bbox 0 0 1232 4070; baseline 0 0"><span class='ocrx_word' id='word_1_330' title='bbox 0 0 1232 4070; x_wconf 95' lang='lat' dir='ltr'><strong> </strong></span> 
     </span>
    </p>
   </div>
  </div>
 </body>
</html>
