2592 4018
529 137 673 194 ..qq-

95 278 129 322 m
147 264 208 322 teo
232 259 322 320 offert
345 255 548 336 principaliter
569 258 634 336 ipse
655 257 786 320 Christus
807 257 948 324 sacerdos
963 273 1116 334 summus;

90 353 213 413 odemnt
227 349 404 410 sacerdotes
418 349 448 409 in
465 351 530 426 ejus
544 347 664 410 nomine
678 366 715 410 ac
731 365 869 425 persona,
886 349 926 408 ob
940 355 1119 425 potestatem

86 442 115 502 in
135 439 317 502 eorumdem
340 438 527 499 ordinatione
552 445 728 516 acceptam
747 447 777 498 et
796 437 896 513 aliquo
913 437 1005 499 modo
1020 437 1119 499 minus

87 529 207 609 proprie
227 529 360 589 offerunt
373 527 430 604 ipsi
444 527 558 602 fideles,
575 535 721 604 quatenus
735 527 832 587 eidem
848 533 999 603 tamquam
1013 528 1118 588 Christi

86 620 223 681 membra
247 617 357 677 devote
379 615 533 689 assistunt,
553 623 583 676 et
603 615 633 676 in
658 617 839 676 oblationem
853 615 1042 676 conueniunt.
1059 616 1120 678 Soli

92 715 186 768 emen
202 705 380 767 sacerdotes
395 712 481 779 sunt,
493 705 543 783 qui
558 707 616 766 lroo
629 705 812 766 Sacmfldum
829 713 941 782 queunt
955 705 1117 780 celebrare,

91 813 159 860 oum
171 796 233 857 soli
247 801 329 870 sunt,
346 793 397 871 qui
411 802 522 871 queant
535 794 565 855 in
580 794 666 856 llissa
680 811 857 856 consecrare
872 799 923 869 (l).

120 953 158 1020 (i)
170 953 236 1006 Bul.
249 947 381 1006 Sacerdos
395 951 427 1004 in
439 956 570 1005 aternum
584 951 725 1006 Benedicti
738 951 811 1004 xlv.

125 1151 190 1208 eal.
213 1149 401 1223 Quamquam
425 1145 575 1222 expedint,
601 1145 772 1206 sacerdotes
794 1161 899 1206 omnes
914 1144 1043 1222 legitime
1058 1162 1117 1206 nou

92 1234 254 1312 impeditos
277 1235 419 1311 quotidie,
445 1241 573 1312 excepto
596 1233 693 1294 biduo
713 1235 818 1295 mortis
836 1233 950 1309 Christi,
972 1235 1031 1295 hoc
1049 1235 1122 1296 ado·

92 1324 224 1384 randum
241 1323 426 1384 Sacrificium
439 1324 555 1398 offerre,
571 1341 609 1384 ne
623 1327 671 1383 SS.
687 1322 856 1384 Trinitatem
869 1323 957 1385 laude
972 1332 1002 1384 et
1016 1324 1121 1400 gloria,

91 1414 225 1490 Angelos
243 1411 355 1486 letitia,
380 1419 553 1489 peccatores
576 1411 674 1485 venia,
695 1414 793 1488 justos
816 1411 947 1474 subsidio
966 1418 996 1474 et
1016 1412 1120 1490 gratia,

93 1501 124 1562 in
140 1501 324 1576 Purgatorio
337 1499 499 1560 existentes
509 1500 671 1577 reingerio,
684 1501 846 1562 Ecclesiam
862 1501 1005 1578 spirituali
1020 1500 1125 1562 Christi

92 1589 257 1661 beneflcio,
274 1596 304 1649 et
318 1589 433 1665 seipsos
446 1588 593 1648 medicina
607 1596 638 1649 et
652 1589 794 1662 subsidio,
801 1593 885 1664 juxta
897 1589 1124 1650 memorandum

93 1684 171 1739 len.
186 1677 274 1738 Bedae
287 1676 433 1737 monitum
448 1677 580 1753 privent:
598 1685 696 1738 mmen
710 1677 760 1737 ubi
775 1678 812 1737 de
827 1675 1010 1752 simplicibus
1024 1695 1123 1738 sacer·

94 1765 220 1828 dotibus
233 1773 349 1842 agnum
365 1766 500 1826 absolute
514 1782 575 1826 non
587 1773 735 1841 tenentur,
751 1766 807 1826 nisi
821 1767 976 1844 aliquoties
989 1766 1018 1826 in
1033 1783 1123 1841 suno,

91 1856 155 1916 boc
176 1861 225 1916 est
246 1855 353 1914 saltem
368 1861 424 1928 ter,
441 1855 489 1916 vel
503 1862 608 1931 quater
622 1855 651 1913 in
666 1854 823 1931 praecipuis
843 1853 913 1922 anni
932 1853 1125 1914 solemnitati·

92 1945 222 2015 busti).
238 1943 297 2004 Sed
308 1942 510 2004 Tridentiuum
525 1943 678 2020 Episcopis
688 1945 773 2020 jubet
782 1943 912 2020 vigilanti
927 1940 1125 2002 sollicitudine

96 2033 142 2092 ita
157 2033 275 2105 facere3
290 2037 325 2092 ut
341 2033 513 2092 sacerdotes
528 2033 632 2091 saltem
647 2031 752 2092 diebus
767 2031 960 2104 solemnibus,
976 2037 1006 2091 et
1026 2026 1125 2090 bomi-

95 2121 176 2181 nieis
186 2120 349 2195 celebrent,
360 2127 400 2195 et,
410 2121 436 2180 si
444 2120 602 2182 habuerint
615 2137 717 2180 cruram
731 2119 897 2180 animarum
910 2125 972 2180 tam
985 2120 1126 2195 frequen.-

96 2218 153 2284 ter‚
171 2217 206 2270 ut
220 2225 277 2270 suo
289 2209 406 2269 muneri
421 2209 601 2270 satisfaciant
616 2212 666 2282 (2).
692 2209 795 2269 Plures
817 2217 917 2270 tamen
930 2209 1032 2268 llisses
1047 2207 1127 2267 cele-

95 2297 186 2358 brare
199 2297 309 2357 ffldem
322 2296 380 2370 die,
396 2304 526 2373 excepto
539 2296 588 2357 die
602 2297 707 2356 natalis
721 2302 754 2356 l).
765 2301 799 2356 N.
811 2301 836 2356 J.
853 2301 883 2356 G.
900 2295 1047 2357 Sacerdos
1062 2293 1128 2362 sine

99 2385 224 2463 speciali
247 2384 401 2462 priuilegio
425 2391 456 2446 et
478 2386 654 2446 necessitate
679 2385 853 2462 prohibetur
883 2404 889 2444 :
920 2401 991 2445 natu
1021 2383 1127 2460 suffieit

99 2474 256 2547 medati,
283 2479 317 2534 ut
338 2473 379 2532 ait
402 2473 592 2536 Innocentius
607 2479 654 2549 lll,
675 2473 765 2536 semet
786 2475 820 2534 in
842 2473 994 2534 dicentum
1007 2473 1128 2533 libram

99 2562 288 2625 solummodo
312 2561 454 2624 celebrare
470 2567 521 2636 (3),
548 2563 628 2639 quod
646 2564 804 2624 confirmat
821 2561 999 2624 Benedictus
1012 2565 1082 2636 xlv,
1097 2560 1128 2622 in

98 2651 300 2730 responsione
312 2651 350 2711 ad
364 2650 544 2729 Episcopum
565 2655 727 2714 oscensem
741 2655 792 2725 (l).

130 2817 167 2883 (l)
182 2815 249 2880 Cap.
264 2813 281 2866 9
294 2813 327 2866 ds
340 2813 389 2866 cel.
403 2813 478 2868 bliss.
488 2839 520 2852 -
535 2813 570 2880 (2)
584 2814 655 2868 Sese.
668 2815 709 2876 2³,
726 2829 751 2866 c.
774 2814 811 2880 lt,
822 2815 856 2868 da
870 2815 919 2872 rel.
930 2843 961 2854 -
973 2815 1009 2882 (3)
1022 2815 1086 2883 Gap.
1103 2816 1127 2876 3,

100 2888 134 2939 tle
156 2887 245 2940 celeb.
259 2885 335 2936 bliss.
354 2913 385 2922 —
401 2887 436 2950 (l)
452 2886 514 2937 Litt.
537 2885 688 2940 declarasti
706 2887 788 2940 nobis.
813 2887 936 2952 Speciale
959 2888 994 2939 ab
1018 2888 1129 2953 antiquo

100 2957 278 3024 privilegium
291 2959 364 3008 extat
378 2956 406 3007 in
419 2958 511 3022 regnis
526 2956 662 3018 Castallae.
679 2959 817 3016 Valentia,
833 2961 860 3010 et
881 2959 909 3010 iu
930 2958 1028 3010 ducatu
1049 2959 1129 3011 Gata-

101 3031 213 3092 laumas,
226 3028 356 3095 perquod
373 3028 487 3093 quilibet
502 3028 629 3081 sacerdos
643 3029 784 3082 secularis
795 3039 837 3082 tar
848 3035 937 3095 potest
950 3030 1089 3082 celebrare
1103 3030 1132 3080 in

101 3101 147 3152 die
161 3099 429 3152 commemorationis
450 3099 647 3151 defunctorum.
669 3101 823 3153 Necessitas
848 3101 968 3154 creditur
988 3101 1093 3159 adesse.
1109 3099 1134 3152 sl

101 3185 176 3223 unus
191 3171 331 3222 Parochus
345 3170 412 3222 duas
428 3184 520 3236 regare
534 3170 632 3223 debeat
645 3172 796 3238 parochias,
815 3178 861 3223 sut
878 3173 945 3224 duos
959 3171 1073 3240 populos
1089 3184 1134 3222 se·

102 3245 225 3308 paratus.
240 3245 267 3293 et
288 3243 455 3294 abinvicem
477 3241 554 3294 valde
574 3244 716 3306 distantes,
731 3244 769 3295 ita
791 3248 822 3294 ut
844 3243 936 3296 lideles
950 3245 1085 3309 nequeant
1098 3241 1133 3293 ad

104 3313 231 3366 eamdem
244 3313 385 3366 eeclesiam
398 3315 539 3366 conuenire
553 3315 588 3366 ad
602 3315 765 3367 audiendum
781 3327 886 3366 sacrum
903 3314 998 3367 diebus
1014 3313 1089 3364 lestis
1101 3311 1136 3363 de

105 3389 251 3450 praecepto,
269 3389 296 3436 et
313 3385 405 3437 nullus
419 3384 454 3434 sit
467 3387 575 3437 omniuo
593 3387 728 3449 sacerdos,
743 3386 832 3451 quiin
853 3387 939 3438 altera
961 3383 1076 3438 ecclesis
1088 3395 1134 3432 ss·

107 3469 184 3508 crum
197 3455 288 3508 lacere
301 3459 389 3522 queat.
408 3455 461 3508 Sed
476 3457 622 3509 necessitas
635 3456 730 3508 adesse
744 3470 798 3507 non
812 3457 940 3520 creditur,
956 3456 980 3506 si
994 3457 1089 3520 agatur
1101 3452 1136 3504 da

106 3527 209 3580 diebm
221 3526 372 3588 latialibus.
391 3532 438 3580 aut
450 3527 484 3582 de
501 3529 578 3582 testis
599 3541 634 3582 ex
653 3527 795 3582 deuotione
812 3527 969 3590 assumptis,
983 3526 1012 3576 in
1033 3521 1135 3586 quihus
