2560 4080
538 167 697 228 ..51)-

106 289 255 368 poralibus
268 291 480 354 detrimentum
492 290 643 369 patiantur
657 295 755 366 (1);1·
767 308 865 354 causa
876 291 915 354 de
926 291 1049 354 decimis
1060 295 1128 372 iure

107 379 256 442 communi
269 379 375 442 debitis
384 385 424 455 (i)
434 399 441 460 ς
453 386 483 442 3⁰
495 398 593 444 causae
605 381 854 530 1111111111Ἵ111,ι
863 381 895 442 in
909 381 1017 458 quibus
1029 382 1127 458 agitur

106 469 143 530 ad
155 468 386 546 impediendum,
402 472 451 532 vel
471 470 671 532 dirimendum
693 470 844 532 vineuum
865 470 1056 542 matrimonii
1069 475 1127 546 (3),

105 565 135 619 4⁰
148 576 245 619 causae
260 576 428 633 usurarum,
442 577 511 620 curn
524 566 709 635 repetuntur,
722 561 770 620 vel
784 560 903 637 petitur,
920 566 953 621 ut
964 559 1029 621 illas
1043 571 1127 622 com-

104 654 210 724 penset
224 649 387 722 usurarius,
403 650 451 709 vel
463 649 540 708 illius
554 650 650 709 haeres
667 653 708 722 (1)
719 667 726 722 ;
737 654 769 708 50
783 666 881 709 causae
896 651 1124 725 monachorum,

104 743 133 798 et
144 738 351 814 religiosorum
365 743 424 813 (5l3
441 743 471 799 6ο
491 755 588 822 causae
605 738 634 797 in
647 739 760 815 judicio
772 738 933 800 summario
946 739 1124 816 incidentes,

101 826 150 886 vel
162 834 349 904 emergentes
363 831 421 904 (6);
441 832 471 886 7⁰
484 837 582 888 causae
594 827 714 888 demum
728 827 928 904 hospitalium,
944 835 974 890 et
987 830 1124 890 xenodo-

102 914 262 992 chiorum(
281 922 302 992 ).

129 1073 164 1138 (1)
178 1074 257 1127 Ratio
271 1043 353 1142 hujus
376 1075 511 1144 privilegii
528 1089 545 1127 a
563 1077 701 1129 Clemente
715 1075 739 1128 V
763 1087 891 1142 expresse
913 1075 1082 1142 significatur
1096 1078 1125 1130 11

101 1143 271 1210 01111111
288 1147 373 1213 jndic.
392 1148 440 1200 ubi
460 1147 667 1212 dispendiosam,
681 1147 760 1199 idest
772 1146 941 1207 damnosam,
958 1153 989 1198 ut
1007 1148 1125 1213 explicat

100 1215 204 1281 Glossa,
218 1217 338 1270 declarat
352 1233 411 1270 ossa
422 1219 558 1271 interdum
570 1219 658 1270 lilium
672 1221 898 1283 prorogationem,
912 1233 973 1284 quae
982 1233 1014 1270 11
1029 1220 1124 1272 subtili

3 1347 4 1362 χ
99 1287 202 1339 ordinis
209 1289 349 1354 judiciarii
366 1290 554 1342 observatione
568 1290 696 1341 obvenire
710 1289 787 1341 solet,
803 1290 975 1356 Quapropter
987 1291 1035 1342 ubl
1049 1291 1122 1346 dam·

98 1370 163 1408 num
179 1361 283 1412 nonsit
303 1360 459 1420 timendum,
475 1362 624 1412 consultius
644 1360 705 1424 erit,
724 1361 805 1412 etiam
824 1361 852 1412 in
873 1362 962 1413 causis
981 1361 1126 1414 beneficia·

98 1430 146 1482 riis
159 1431 328 1484 ordinarium
340 1447 449 1486 servare
459 1433 602 1499 judicium.
614 1433 1124 1499 1111111111Ρ11111111111111111111-
1168 1458 1172 1462 ·

97 1502 153 1554 tino
166 1506 345 1556 summarium
350 1505 485 1569 judicium
497 1505 637 1570 permittit,
648 1517 701 1555 111
712 1504 843 1569 praecipit.
855 1505 926 1556 Hinc
937 1518 971 1556 ex
979 1505 1123 1557 Curiarirm

95 1576 291 1631 consuetudine
314 1577 413 1628 iactum
427 1580 521 1636 estut
534 1576 562 1627 11
581 1575 693 1641 judiciis
707 1575 789 1628 etiam
803 1576 996 1628 beneficiorum
1009 1577 1118 1629 ordina·

96 1650 270 1702 riaservetur
283 1649 377 1707 forma,
393 1649 462 1700 sicut
476 1647 653 1700 communiter
663 1651 796 1700 testantur
806 1648 944 1710 Doctores,
955 1661 1120 1715 quamquem
1203 1675 1209 1682 ·

94 1723 181 1775 forma
193 1721 343 1774 summaria
357 1720 443 1786 possit
457 1721 537 1771 etiam
551 1719 699 1771 observari.
717 1719 787 1770 Hinc
801 1719 874 1770 card.
891 1719 931 1770 De
945 1719 1018 1771 Luca
1028 1719 1117 1786 docet,

94 1794 263 1846 ordinarium
279 1792 393 1843 iormarn
407 1790 604 1842 observandam
616 1803 676 1842 esse
689 1791 717 1840 11
731 1790 870 1842 beneficiis
879 1790 1120 1856 jnris'patronatus,

94 1849 203 1933 quoddo
214 1863 333 1930 'quaestio
347 1867 388 1914 est
399 1861 506 1927 dejure
520 1861 680 1926 prestandi,
696 1864 723 1912 et
743 1861 776 1913 do
792 1863 945 1927 majoritate
957 1876 1064 1915 vocum.
1082 1864 1122 1915 De

89 1937 176 2003 jndic.
190 1951 217 1989 1.
236 1934 293 1996 193;
304 1940 330 1985 et
339 1933 385 1985 alii
396 1934 492 1985 docent
504 1932 575 1984 idem
590 1932 752 1984 servendum
763 1945 833 1996 esse,
845 1933 953 1998 quando
965 1933 1122 1986 111111111-

92 2009 183 2060 1111111
196 2006 276 2058 111111
289 2005 429 2072 quaeritur,
445 2004 492 2056 sed
509 2005 542 2056 do
558 2004 681 2056 ecclesiae
702 2004 878 2068 proprietate.
893 2003 1016 2068 Pirbing.
1032 2004 1065 2056 de
1077 2007 1124 2072 ju·

93 2079 146 2131 dic.
160 2093 188 2131 n.
206 2078 266 2139 1043
282 2083 309 2128 et
322 2075 428 2141 quando
448 2075 482 2126 de
491 2075 616 2126 beneficii
631 2075 782 2139 privatione
801 2075 899 2140 egitur.
919 2074 1007 2126 Gloss.
1028 2078 1056 2126 in
1078 2076 1122 2129 eit.

92 2151 212 2210 (1111111,
228 2147 451 2214 deportaveris
476 2145 618 2208 beneficiis.
632 2173 663 2182 -
676 2145 711 2210 (1)
731 2145 819 2197 Aliter
838 2159 902 2197 vero
925 2145 1071 2198 dicendum
1090 2149 1124 2200 dc

92 2223 207 2275 decimis
221 2235 255 2272 111
269 2223 357 2286 pecto,
368 2217 570 2285 pollicitatione,
591 2221 618 2269 et
630 2220 693 2268 voto
707 2216 813 2280 debitis,
830 2231 891 2282 quae
905 2216 1042 2269 ordinario
1051 2217 1123 2284 judi·

93 2295 133 2347 cio
147 2295 275 2346 subsunt.
290 2291 379 2344 Gloss.
394 2289 460 2342 ibid.
475 2290 557 2342 verbo
572 2287 691 2342 decimis.
705 2315 736 2329 -
748 2289 783 2354 (3)
797 2289 856 2341 Hoc
869 2292 960 2340 tamen
973 2289 1126 2342 nonhabet

91 2367 192 2430 locum,
207 2377 270 2418 cum
283 2364 317 2416 ob
331 2363 457 2414 adulterii
470 2361 573 2413 crimen
584 2361 655 2413 thori
669 2364 803 2426 separatio
818 2362 958 2427 quaritur.
970 2361 1045 2414 Glos.
1055 2361 1123 2414 ibid.

89 2439 175 2492 verbo
189 2433 387 2490 matrimoniis.
401 2459 432 2472 -
444 2433 481 2498 (l)
495 2434 545 2486 cit.
560 2432 642 2487 clem.
661 2433 733 2492 2,(11
750 2431 835 2498 judic.
855 2457 883 2470 ·-
899 2432 1015 2498 (5)(111.
1034 2432 1074 2498 26,
1089 2434 1124 2488 de

89 2512 212 2564 accusat.
229 2511 256 2559 et
269 2507 378 2558 Extrav.
389 2503 546 2571 frequentes
557 2504 683 2569 11111111.
696 2503 743 2556 int.
756 2501 823 2555 com.
836 2530 864 2541 -
879 2503 1122 2572 (6)(1111111111.

90 2583 140 2634 ult.
155 2584 187 2633 nt
200 2579 243 2630 lit.
254 2591 309 2629 non
321 2579 444 2640 contest,
456 2580 506 2628 etc,
522 2577 605 2628 verbo
619 2573 823 2640 procedendum.
842 2602 873 2616 -
886 2575 922 2642 (7)
940 2575 1015 2629 mos.
1034 2576 1063 2628 in
1076 2577 1123 2630 cit.

91 2654 178 2706 (ilem.
193 2653 219 2717 2,
234 2651 268 2703 de
278 2649 362 2716 jndic.
377 2649 460 2702 verbo
474 2646 614 2714 beneficiis.

125 2861 191 2920 908.
213 2861 288 2917 Sunt
302 2861 332 2918 et
344 2855 409 2917 alia
420 2855 522 2928 plures
536 2871 634 2916 causae
648 2853 755 2916 eodem
768 2853 861 2914 modo
874 2852 1067 2931 privilegiatae
1082 2872 1122 2935 111Ι

85 2949 156 3024 jure
178 2945 276 3021 civili,
296 2963 363 3023 quae
385 2947 423 3006 ab
445 2945 517 3023 ipsis
540 2944 702 3005 canonistis
722 2942 923 3005 communiter
948 2937 1116 3030 prolientur

87 3035 261 3115 cujusmodi
274 3043 343 3097 aunt
356 3051 454 3096 causae
468 3035 686 3107 alimentorum,
703 3033 893 3110 tributorum,
909 3049 965 3094 scu
979 3034 1117 3094 collecta·

86 3142 168 3199 rum,
184 3141 363 3202 pauperum,
377 3131 408 3186 et
429 3122 641 3185 miserabilium
661 3138 869 3200 personarum,
895 3124 1071 3184 mercedum
1090 3128 1121 3183 ct

88 3209 291 3288 11111111111;
308 3215 378 3275 item
393 3229 490 3275 causae
503 3211 677 3286 executivae,
694 3228 761 3289 quae
775 3218 912 3289 paratam
922 3212 1033 3273 habent
1049 3227 1122 3272 exe·

87 3305 255 3380 cntionem,
266 3311 298 3364 ut
309 3305 334 3364 si
345 3309 541 3381 praesentetur
555 3301 787 3362 instrumentum
800 3300 893 3361 facilis
907 3299 1119 3377 liquidationis,

88 3401 143 3455 aut
161 3399 282 3471 petatur
294 3392 448 3453 sententiae
462 3389 609 3465 executio,
625 3408 692 3467 quae
714 3390 744 3450 in
759 3406 823 3450 rem
834 3389 999 3466 judicatam
1024 3395 1121 3449 trans-

88 3481 142 3543 ivit
158 3500 166 3557 3
184 3482 257 3543 item
272 3499 370 3543 causae
384 3483 476 3556 leves,
500 3486 531 3540 et
553 3479 662 3541 modici
684 3478 805 3554 valoris,
821 3494 888 3555 quae
910 3495 949 3538 111
968 3478 1120 3539 communi

69 3575 72 3582 '
88 3576 258 3650 Doctorum
271 3571 416 3632 sententia
428 3585 489 3632 non
503 3570 651 3632 excedunt
662 3568 877 3646 quinquaginta
890 3583 1008 3630 aureos.
1020 3568 1079 3630 Sed
1090 3567 1122 3628 in
