<?xml version="1.0" encoding="UTF-8"?>
<!DOCTYPE html PUBLIC "-//W3C//DTD XHTML 1.0 Transitional//EN"
    "http://www.w3.org/TR/xhtml1/DTD/xhtml1-transitional.dtd">
<html xmlns="http://www.w3.org/1999/xhtml" xml:lang="en" lang="en">
 <head>
  <title>
</title>
<meta http-equiv="Content-Type" content="text/html;charset=utf-8" />
  <meta name='ocr-system' content='tesseract 3.04.00' />
  <meta name='ocr-capabilities' content='ocr_page ocr_carea ocr_par ocr_line ocrx_word'/>
</head>
<body>
  <div class='ocr_page' id='page_1' title='image "./summainstitutio01ferrgoog_0506.png"; bbox 0 0 2560 4080; ppageno 0'>
   <div class='ocr_carea' id='block_1_1' title="bbox 510 201 671 260">
    <p class='ocr_par' dir='ltr' id='par_1_1' title="bbox 510 201 671 260">
     <span class='ocr_line' id='line_1_1' title="bbox 510 201 671 260; baseline -0.012 0"><span class='ocrx_word' id='word_1_1' title='bbox 510 229 547 242; x_wconf 83' lang='lat'>-</span> <span class='ocrx_word' id='word_1_2' title='bbox 564 201 618 260; x_wconf 79' lang='lat' dir='ltr'>tet</span> <span class='ocrx_word' id='word_1_3' title='bbox 635 231 671 244; x_wconf 96' lang='lat'>-</span> 
     </span>
    </p>
   </div>
   <div class='ocr_carea' id='block_1_2' title="bbox 85 323 1133 586">
    <p class='ocr_par' dir='ltr' id='par_1_2' title="bbox 85 323 1133 586">
     <span class='ocr_line' id='line_1_2' title="bbox 85 323 1133 408; baseline 0.01 -25"><span class='ocrx_word' id='word_1_4' title='bbox 85 323 293 384; x_wconf 74' lang='lat' dir='ltr'>coactoribus</span> <span class='ocrx_word' id='word_1_5' title='bbox 314 326 354 398; x_wconf 86' lang='lat'>(3)</span> <span class='ocrx_word' id='word_1_6' title='bbox 370 324 499 385; x_wconf 79' lang='lat' dir='ltr'>citantur</span> <span class='ocrx_word' id='word_1_7' title='bbox 512 341 611 386; x_wconf 86' lang='lat' dir='ltr'>causae</span> <span class='ocrx_word' id='word_1_8' title='bbox 624 326 664 386; x_wconf 91' lang='lat' dir='ltr'>ad</span> <span class='ocrx_word' id='word_1_9' title='bbox 681 325 899 389; x_wconf 87' lang='lat' dir='ltr'>restitutionem</span> <span class='ocrx_word' id='word_1_10' title='bbox 911 328 943 388; x_wconf 93' lang='lat' dir='ltr'>in</span> <span class='ocrx_word' id='word_1_11' title='bbox 957 329 1107 408; x_wconf 82' lang='lat' dir='ltr'>integrum</span> <span class='ocrx_word' id='word_1_12' title='bbox 1121 381 1133 402; x_wconf 84' lang='grc'><strong>.</strong></span> 
     </span>
     <span class='ocr_line' id='line_1_3' title="bbox 85 412 1110 497; baseline 0.009 -25"><span class='ocrx_word' id='word_1_13' title='bbox 85 412 255 488; x_wconf 89' lang='lat' dir='ltr'>petendam,</span> <span class='ocrx_word' id='word_1_14' title='bbox 268 419 298 471; x_wconf 90' lang='lat' dir='ltr'>et</span> <span class='ocrx_word' id='word_1_15' title='bbox 307 413 549 487; x_wconf 66' lang='lat' dir='ltr'>concedendam</span> <span class='ocrx_word' id='word_1_16' title='bbox 570 415 623 475; x_wconf 84' lang='lat' dir='ltr'>sed</span> <span class='ocrx_word' id='word_1_17' title='bbox 635 414 769 475; x_wconf 84' lang='lat' dir='ltr'>moribus</span> <span class='ocrx_word' id='word_1_18' title='bbox 781 417 875 478; x_wconf 89' lang='lat' dir='ltr'>notris</span> <span class='ocrx_word' id='word_1_19' title='bbox 888 418 965 479; x_wconf 89' lang='lat' dir='ltr'>solet</span> <span class='ocrx_word' id='word_1_20' title='bbox 980 419 1009 478; x_wconf 94' lang='lat' dir='ltr'>in</span> <span class='ocrx_word' id='word_1_21' title='bbox 1028 421 1110 497; x_wconf 87' lang='lat' dir='ltr'>judi·</span> 
     </span>
     <span class='ocr_line' id='line_1_4' title="bbox 86 501 1110 586; baseline 0.011 -26"><span class='ocrx_word' id='word_1_22' title='bbox 86 501 132 561; x_wconf 91' lang='lat' dir='ltr'>cio</span> <span class='ocrx_word' id='word_1_23' title='bbox 146 507 262 562; x_wconf 86' lang='lat' dir='ltr'>tantum</span> <span class='ocrx_word' id='word_1_24' title='bbox 275 501 399 562; x_wconf 89' lang='lat' dir='ltr'>concedi</span> <span class='ocrx_word' id='word_1_25' title='bbox 413 518 555 564; x_wconf 84' lang='lat' dir='ltr'>excausa</span> <span class='ocrx_word' id='word_1_26' title='bbox 569 503 834 568; x_wconf 82' lang='lat' dir='ltr'><strong>instrumentorum</strong></span> <span class='ocrx_word' id='word_1_27' title='bbox 856 514 961 583; x_wconf 86' lang='lat' dir='ltr'>postea</span> <span class='ocrx_word' id='word_1_28' title='bbox 974 518 1110 586; x_wconf 89' lang='lat' dir='ltr'>reperto·</span> 
     </span>
    </p>
   </div>
   <div class='ocr_carea' id='block_1_3' title="bbox 85 598 218 667">
    <p class='ocr_par' dir='ltr' id='par_1_3' title="bbox 85 598 218 667">
     <span class='ocr_line' id='line_1_5' title="bbox 85 598 218 667; baseline -0.03 -11"><span class='ocrx_word' id='word_1_29' title='bbox 85 610 153 656; x_wconf 84' lang='lat' dir='ltr'>rum</span> <span class='ocrx_word' id='word_1_30' title='bbox 167 598 218 667; x_wconf 74' lang='grc'>(4).</span> 
     </span>
    </p>
   </div>
   <div class='ocr_carea' id='block_1_4' title="bbox 83 738 1114 1454">
    <p class='ocr_par' dir='ltr' id='par_1_4' title="bbox 83 738 1114 1454">
     <span class='ocr_line' id='line_1_6' title="bbox 116 738 1108 812; baseline 0.006 -19"><span class='ocrx_word' id='word_1_31' title='bbox 116 743 151 807; x_wconf 91' lang='grc'>(1)</span> <span class='ocrx_word' id='word_1_32' title='bbox 166 741 230 806; x_wconf 84' lang='lat' dir='ltr'>Gap.</span> <span class='ocrx_word' id='word_1_33' title='bbox 245 740 267 799; x_wconf 91' lang='grc'>1,</span> <span class='ocrx_word' id='word_1_34' title='bbox 282 738 315 793; x_wconf 90' lang='grc'>16</span> <span class='ocrx_word' id='word_1_35' title='bbox 334 739 361 791; x_wconf 88' lang='lat' dir='ltr'>in</span> <span class='ocrx_word' id='word_1_36' title='bbox 375 739 457 806; x_wconf 76' lang='lat' dir='ltr'>integ.</span> <span class='ocrx_word' id='word_1_37' title='bbox 472 743 557 799; x_wconf 83' lang='lat' dir='ltr'>restit.</span> <span class='ocrx_word' id='word_1_38' title='bbox 573 743 601 793; x_wconf 93' lang='lat' dir='ltr'>ln</span> <span class='ocrx_word' id='word_1_39' title='bbox 617 743 641 795; x_wconf 83' lang='lat' dir='ltr'>o.</span> <span class='ocrx_word' id='word_1_40' title='bbox 663 770 694 780; x_wconf 94' lang='lat'>-</span> <span class='ocrx_word' id='word_1_41' title='bbox 707 742 744 807; x_wconf 75' lang='grc'>(1)</span> <span class='ocrx_word' id='word_1_42' title='bbox 758 742 822 808; x_wconf 87' lang='lat' dir='ltr'>tlap.</span> <span class='ocrx_word' id='word_1_43' title='bbox 839 743 863 803; x_wconf 84' lang='lat'>6.</span> <span class='ocrx_word' id='word_1_44' title='bbox 876 745 910 795; x_wconf 92' lang='lat' dir='ltr'>de</span> <span class='ocrx_word' id='word_1_45' title='bbox 925 744 954 795; x_wconf 92' lang='lat' dir='ltr'>in</span> <span class='ocrx_word' id='word_1_46' title='bbox 964 745 1049 812; x_wconf 77' lang='lat' dir='ltr'>integ.</span> <span class='ocrx_word' id='word_1_47' title='bbox 1065 742 1108 800; x_wconf 87' lang='lat' dir='ltr'>re·</span> 
     </span>
     <span class='ocr_line' id='line_1_7' title="bbox 84 811 1107 878; baseline 0.005 -12"><span class='ocrx_word' id='word_1_48' title='bbox 84 815 139 867; x_wconf 88' lang='lat' dir='ltr'>stit.</span> <span class='ocrx_word' id='word_1_49' title='bbox 151 841 182 852; x_wconf 89' lang='lat'>-</span> <span class='ocrx_word' id='word_1_50' title='bbox 198 813 233 878; x_wconf 90' lang='grc'>(3)</span> <span class='ocrx_word' id='word_1_51' title='bbox 246 811 314 864; x_wconf 83' lang='lat' dir='ltr'>Vide</span> <span class='ocrx_word' id='word_1_52' title='bbox 328 811 456 865; x_wconf 81' lang='lat' dir='ltr'>Doctores</span> <span class='ocrx_word' id='word_1_53' title='bbox 471 813 505 866; x_wconf 85' lang='lat' dir='ltr'>ad</span> <span class='ocrx_word' id='word_1_54' title='bbox 519 815 559 866; x_wconf 92' lang='lat' dir='ltr'>tit.</span> <span class='ocrx_word' id='word_1_55' title='bbox 575 814 609 866; x_wconf 92' lang='lat' dir='ltr'>de</span> <span class='ocrx_word' id='word_1_56' title='bbox 630 814 658 865; x_wconf 91' lang='lat' dir='ltr'>in</span> <span class='ocrx_word' id='word_1_57' title='bbox 672 815 754 878; x_wconf 80' lang='lat' dir='ltr'>integ.</span> <span class='ocrx_word' id='word_1_58' title='bbox 769 815 855 867; x_wconf 89' lang='lat' dir='ltr'>restit.</span> <span class='ocrx_word' id='word_1_59' title='bbox 870 816 1002 868; x_wconf 77' lang='lat' dir='ltr'>Nolumus</span> <span class='ocrx_word' id='word_1_60' title='bbox 1018 821 1107 871; x_wconf 87' lang='lat' dir='ltr'>temen</span> 
     </span>
     <span class='ocr_line' id='line_1_8' title="bbox 84 883 1106 956; baseline 0.004 -19"><span class='ocrx_word' id='word_1_61' title='bbox 84 885 234 954; x_wconf 81' lang='lat' dir='ltr'>graviorem</span> <span class='ocrx_word' id='word_1_62' title='bbox 246 883 346 948; x_wconf 87' lang='lat' dir='ltr'>requiri</span> <span class='ocrx_word' id='word_1_63' title='bbox 361 887 512 936; x_wconf 82' lang='lat' dir='ltr'>caussmad</span> <span class='ocrx_word' id='word_1_64' title='bbox 528 887 722 939; x_wconf 89' lang='lat' dir='ltr'>restitutionem</span> <span class='ocrx_word' id='word_1_65' title='bbox 737 889 766 937; x_wconf 94' lang='lat' dir='ltr'>in</span> <span class='ocrx_word' id='word_1_66' title='bbox 779 886 914 952; x_wconf 82' lang='lat' dir='ltr'>integrum</span> <span class='ocrx_word' id='word_1_67' title='bbox 927 892 1006 941; x_wconf 80' lang='grc'>661616</span> <span class='ocrx_word' id='word_1_68' title='bbox 1019 891 1106 956; x_wconf 90' lang='lat' dir='ltr'>majo·</span> 
     </span>
     <span class='ocr_line' id='line_1_9' title="bbox 84 955 1107 1026; baseline 0.003 -17"><span class='ocrx_word' id='word_1_69' title='bbox 84 959 161 1010; x_wconf 87' lang='lat' dir='ltr'>ribus</span> <span class='ocrx_word' id='word_1_70' title='bbox 174 955 381 1016; x_wconf 80' lang='lat' dir='ltr'>concedendam,</span> <span class='ocrx_word' id='word_1_71' title='bbox 396 970 477 1021; x_wconf 87' lang='lat' dir='ltr'>qnam</span> <span class='ocrx_word' id='word_1_72' title='bbox 503 958 662 1009; x_wconf 85' lang='lat' dir='ltr'>minoribns.</span> <span class='ocrx_word' id='word_1_73' title='bbox 679 958 765 1022; x_wconf 81' lang='lat' dir='ltr'>Leges</span> <span class='ocrx_word' id='word_1_74' title='bbox 788 958 860 1009; x_wconf 90' lang='lat' dir='ltr'>enim</span> <span class='ocrx_word' id='word_1_75' title='bbox 876 958 1028 1011; x_wconf 87' lang='lat' dir='ltr'>minoribns</span> <span class='ocrx_word' id='word_1_76' title='bbox 1042 974 1107 1026; x_wconf 91' lang='lat' dir='ltr'>pro·</span> 
     </span>
     <span class='ocr_line' id='line_1_10' title="bbox 84 1027 1107 1096; baseline 0.002 -16"><span class='ocrx_word' id='word_1_77' title='bbox 84 1034 145 1096; x_wconf 87' lang='lat' dir='ltr'>pter</span> <span class='ocrx_word' id='word_1_78' title='bbox 157 1027 345 1095; x_wconf 82' lang='lat' dir='ltr'>imperfectum</span> <span class='ocrx_word' id='word_1_79' title='bbox 359 1028 446 1079; x_wconf 80' lang='lat' dir='ltr'>aetntis</span> <span class='ocrx_word' id='word_1_80' title='bbox 456 1028 561 1080; x_wconf 85' lang='lat' dir='ltr'>facilins</span> <span class='ocrx_word' id='word_1_81' title='bbox 575 1033 750 1090; x_wconf 72' lang='lat' dir='ltr'>succurrunt,</span> <span class='ocrx_word' id='word_1_82' title='bbox 767 1029 917 1082; x_wconf 85' lang='lat' dir='ltr'>minoribus</span> <span class='ocrx_word' id='word_1_83' title='bbox 933 1034 1023 1082; x_wconf 89' lang='lat' dir='ltr'>autem</span> <span class='ocrx_word' id='word_1_84' title='bbox 1038 1032 1107 1084; x_wconf 78' lang='lat' dir='ltr'>assi·</span> 
     </span>
     <span class='ocr_line' id='line_1_11' title="bbox 83 1096 1106 1166; baseline 0.002 -14"><span class='ocrx_word' id='word_1_85' title='bbox 83 1097 195 1152; x_wconf 81' lang='lat' dir='ltr'>mitetur</span> <span class='ocrx_word' id='word_1_86' title='bbox 207 1096 337 1155; x_wconf 78' lang='lat' dir='ltr'>Ecclesia.</span> <span class='ocrx_word' id='word_1_87' title='bbox 351 1111 412 1162; x_wconf 80' lang='lat' dir='ltr'>quae</span> <span class='ocrx_word' id='word_1_88' title='bbox 425 1105 567 1166; x_wconf 86' lang='lat' dir='ltr'>propterea</span> <span class='ocrx_word' id='word_1_89' title='bbox 578 1113 610 1150; x_wconf 85' lang='lat' dir='ltr'>ex</span> <span class='ocrx_word' id='word_1_90' title='bbox 625 1099 709 1151; x_wconf 87' lang='lat' dir='ltr'>sacris</span> <span class='ocrx_word' id='word_1_91' title='bbox 722 1100 870 1152; x_wconf 86' lang='lat' dir='ltr'>canonibus</span> <span class='ocrx_word' id='word_1_92' title='bbox 883 1103 972 1165; x_wconf 85' lang='lat' dir='ltr'>potest</span> <span class='ocrx_word' id='word_1_93' title='bbox 983 1103 1106 1154; x_wconf 72' lang='grc'>1661111111</span> 
     </span>
     <span class='ocr_line' id='line_1_12' title="bbox 85 1170 1114 1238; baseline 0.002 -14"><span class='ocrx_word' id='word_1_94' title='bbox 85 1174 179 1224; x_wconf 87' lang='lat' dir='ltr'>contra</span> <span class='ocrx_word' id='word_1_95' title='bbox 192 1172 296 1236; x_wconf 89' lang='lat' dir='ltr'>lapsum</span> <span class='ocrx_word' id='word_1_96' title='bbox 309 1172 439 1225; x_wconf 85' lang='lat' dir='ltr'>fatalium.</span> <span class='ocrx_word' id='word_1_97' title='bbox 455 1173 520 1238; x_wconf 87' lang='lat' dir='ltr'>Cap.</span> <span class='ocrx_word' id='word_1_98' title='bbox 531 1173 555 1236; x_wconf 87' lang='grc'>3,</span> <span class='ocrx_word' id='word_1_99' title='bbox 570 1171 604 1222; x_wconf 89' lang='grc'>16</span> <span class='ocrx_word' id='word_1_100' title='bbox 614 1170 641 1221; x_wconf 90' lang='lat' dir='ltr'>in</span> <span class='ocrx_word' id='word_1_101' title='bbox 657 1172 739 1236; x_wconf 74' lang='lat' dir='ltr'>integ.</span> <span class='ocrx_word' id='word_1_102' title='bbox 755 1171 849 1233; x_wconf 85' lang='lat' dir='ltr'>restit.;</span> <span class='ocrx_word' id='word_1_103' title='bbox 860 1176 954 1224; x_wconf 87' lang='grc'>6611116</span> <span class='ocrx_word' id='word_1_104' title='bbox 964 1174 1114 1226; x_wconf 78' lang='lat' dir='ltr'>consessio-⁶</span> 
     </span>
     <span class='ocr_line' id='line_1_13' title="bbox 83 1242 1108 1310; baseline 0.002 -15"><span class='ocrx_word' id='word_1_105' title='bbox 83 1256 147 1295; x_wconf 87' lang='lat' dir='ltr'>nem</span> <span class='ocrx_word' id='word_1_106' title='bbox 162 1243 215 1296; x_wconf 90' lang='lat' dir='ltr'>sibi</span> <span class='ocrx_word' id='word_1_107' title='bbox 229 1246 399 1298; x_wconf 85' lang='lat' dir='ltr'>contrariam.</span> <span class='ocrx_word' id='word_1_108' title='bbox 416 1244 479 1310; x_wconf 84' lang='lat' dir='ltr'>Gap.</span> <span class='ocrx_word' id='word_1_109' title='bbox 493 1243 518 1301; x_wconf 78' lang='grc'>1,</span> <span class='ocrx_word' id='word_1_110' title='bbox 533 1242 592 1294; x_wconf 90' lang='lat' dir='ltr'>eod.</span> <span class='ocrx_word' id='word_1_111' title='bbox 607 1242 635 1292; x_wconf 93' lang='lat' dir='ltr'>in</span> <span class='ocrx_word' id='word_1_112' title='bbox 649 1243 681 1304; x_wconf 74' lang='grc' dir='ltr'>ὃς</span> <span class='ocrx_word' id='word_1_113' title='bbox 697 1245 790 1294; x_wconf 87' lang='grc'>666116</span> <span class='ocrx_word' id='word_1_114' title='bbox 807 1243 907 1295; x_wconf 85' lang='lat' dir='ltr'>tactum</span> <span class='ocrx_word' id='word_1_115' title='bbox 921 1243 964 1294; x_wconf 89' lang='lat' dir='ltr'>snt</span> <span class='ocrx_word' id='word_1_116' title='bbox 980 1257 1108 1308; x_wconf 87' lang='lat' dir='ltr'>procura·</span> 
     </span>
     <span class='ocr_line' id='line_1_14' title="bbox 84 1313 1108 1380; baseline -0.002 -12"><span class='ocrx_word' id='word_1_117' title='bbox 84 1315 160 1368; x_wconf 89' lang='lat' dir='ltr'>teris.</span> <span class='ocrx_word' id='word_1_118' title='bbox 179 1315 243 1380; x_wconf 85' lang='lat' dir='ltr'>Gap.</span> <span class='ocrx_word' id='word_1_119' title='bbox 259 1316 284 1378; x_wconf 77' lang='grc'>1,</span> <span class='ocrx_word' id='word_1_120' title='bbox 301 1316 376 1368; x_wconf 91' lang='lat' dir='ltr'>dein</span> <span class='ocrx_word' id='word_1_121' title='bbox 390 1316 472 1379; x_wconf 80' lang='lat' dir='ltr'>integ.</span> <span class='ocrx_word' id='word_1_122' title='bbox 494 1314 589 1375; x_wconf 88' lang='lat' dir='ltr'>restit.;</span> <span class='ocrx_word' id='word_1_123' title='bbox 604 1316 631 1365; x_wconf 88' lang='lat' dir='ltr'>et</span> <span class='ocrx_word' id='word_1_124' title='bbox 650 1313 874 1380; x_wconf 77' lang='lat' dir='ltr'>quandocumque</span> <span class='ocrx_word' id='word_1_125' title='bbox 894 1315 960 1367; x_wconf 83' lang='lat' dir='ltr'>laess</span> <span class='ocrx_word' id='word_1_126' title='bbox 973 1315 1063 1368; x_wconf 85' lang='lat' dir='ltr'>inerit.</span> <span class='ocrx_word' id='word_1_127' title='bbox 1080 1343 1108 1354; x_wconf 95' lang='lat'><em>-</em></span> 
     </span>
     <span class='ocr_line' id='line_1_15' title="bbox 83 1386 551 1454; baseline -0.004 -15"><span class='ocrx_word' id='word_1_128' title='bbox 83 1387 120 1454; x_wconf 84' lang='lat' dir='ltr'>(l)</span> <span class='ocrx_word' id='word_1_129' title='bbox 135 1386 271 1454; x_wconf 83' lang='lat' dir='ltr'>Zallinger</span> <span class='ocrx_word' id='word_1_130' title='bbox 285 1388 319 1442; x_wconf 89' lang='lat' dir='ltr'>de</span> <span class='ocrx_word' id='word_1_131' title='bbox 333 1386 445 1454; x_wconf 57' lang='lat' dir='ltr'>appeti</span> <span class='ocrx_word' id='word_1_132' title='bbox 460 1387 516 1438; x_wconf 85' lang='grc'>113.</span> <span class='ocrx_word' id='word_1_133' title='bbox 546 1437 551 1448; x_wconf 80' lang='grc'>,</span> 
     </span>
    </p>
   </div>
   <div class='ocr_carea' id='block_1_5' title="bbox 6 1563 1109 2444">
    <p class='ocr_par' dir='ltr' id='par_1_5' title="bbox 6 1563 1109 2444">
     <span class='ocr_line' id='line_1_16' title="bbox 120 1563 1109 1642; baseline 0 -16"><span class='ocrx_word' id='word_1_134' title='bbox 120 1570 182 1626; x_wconf 77' lang='grc'>881.</span> <span class='ocrx_word' id='word_1_135' title='bbox 198 1564 379 1642; x_wconf 85' lang='lat' dir='ltr'>supplicatio</span> <span class='ocrx_word' id='word_1_136' title='bbox 402 1570 448 1624; x_wconf 88' lang='lat' dir='ltr'>est</span> <span class='ocrx_word' id='word_1_137' title='bbox 466 1563 568 1639; x_wconf 90' lang='lat' dir='ltr'>petitio</span> <span class='ocrx_word' id='word_1_138' title='bbox 591 1579 708 1624; x_wconf 89' lang='lat' dir='ltr'>summo</span> <span class='ocrx_word' id='word_1_139' title='bbox 731 1565 864 1623; x_wconf 84' lang='lat' dir='ltr'>Pontifici</span> <span class='ocrx_word' id='word_1_140' title='bbox 889 1564 999 1639; x_wconf 87' lang='lat' dir='ltr'>oblata,</span> <span class='ocrx_word' id='word_1_141' title='bbox 1014 1571 1047 1625; x_wconf 91' lang='lat' dir='ltr'>nt</span> <span class='ocrx_word' id='word_1_142' title='bbox 1069 1583 1109 1626; x_wconf 80' lang='lat' dir='ltr'>ex</span> 
     </span>
     <span class='ocr_line' id='line_1_17' title="bbox 81 1652 1108 1732; baseline 0 -18"><span class='ocrx_word' id='word_1_143' title='bbox 81 1655 279 1732; x_wconf 68' lang='grc'>3161616616</span> <span class='ocrx_word' id='word_1_144' title='bbox 295 1659 491 1715; x_wconf 84' lang='lat' dir='ltr'>concurrente</span> <span class='ocrx_word' id='word_1_145' title='bbox 515 1669 615 1727; x_wconf 87' lang='lat' dir='ltr'>causa,</span> <span class='ocrx_word' id='word_1_146' title='bbox 631 1659 725 1712; x_wconf 86' lang='lat' dir='ltr'>totam</span> <span class='ocrx_word' id='word_1_147' title='bbox 740 1652 916 1714; x_wconf 87' lang='lat' dir='ltr'>sententiam</span> <span class='ocrx_word' id='word_1_148' title='bbox 938 1671 1018 1714; x_wconf 89' lang='lat' dir='ltr'>novo</span> <span class='ocrx_word' id='word_1_149' title='bbox 1036 1655 1108 1714; x_wconf 90' lang='lat' dir='ltr'>sub·</span> 
     </span>
     <span class='ocr_line' id='line_1_18' title="bbox 79 1741 1107 1822; baseline 0 -18"><span class='ocrx_word' id='word_1_150' title='bbox 79 1745 162 1822; x_wconf 78' lang='lat' dir='ltr'>Jiciat</span> <span class='ocrx_word' id='word_1_151' title='bbox 176 1742 304 1804; x_wconf 83' lang='lat' dir='ltr'>examini</span> <span class='ocrx_word' id='word_1_152' title='bbox 331 1749 361 1803; x_wconf 86' lang='lat' dir='ltr'>et</span> <span class='ocrx_word' id='word_1_153' title='bbox 382 1741 493 1817; x_wconf 85' lang='lat' dir='ltr'>jndicio</span> <span class='ocrx_word' id='word_1_154' title='bbox 508 1746 560 1817; x_wconf 88' lang='grc'>(1),</span> <span class='ocrx_word' id='word_1_155' title='bbox 580 1742 659 1804; x_wconf 88' lang='lat' dir='ltr'>unde</span> <span class='ocrx_word' id='word_1_156' title='bbox 682 1741 740 1802; x_wconf 92' lang='lat' dir='ltr'>dici</span> <span class='ocrx_word' id='word_1_157' title='bbox 757 1742 847 1804; x_wconf 85' lang='lat' dir='ltr'>etiam</span> <span class='ocrx_word' id='word_1_158' title='bbox 870 1750 969 1819; x_wconf 90' lang='lat' dir='ltr'>potest</span> <span class='ocrx_word' id='word_1_159' title='bbox 988 1750 1107 1806; x_wconf 89' lang='lat' dir='ltr'>senten·</span> 
     </span>
     <span class='ocr_line' id='line_1_19' title="bbox 82 1830 1108 1910; baseline 0.001 -18"><span class='ocrx_word' id='word_1_160' title='bbox 82 1833 132 1893; x_wconf 86' lang='lat' dir='ltr'>tiae</span> <span class='ocrx_word' id='word_1_161' title='bbox 145 1832 263 1892; x_wconf 84' lang='grc'>1611616.</span> <span class='ocrx_word' id='word_1_162' title='bbox 279 1832 337 1892; x_wconf 88' lang='lat' dir='ltr'>Sed</span> <span class='ocrx_word' id='word_1_163' title='bbox 362 1830 537 1908; x_wconf 83' lang='lat' dir='ltr'>supplicatio</span> <span class='ocrx_word' id='word_1_164' title='bbox 551 1831 730 1892; x_wconf 80' lang='grc'>6161161666</span> <span class='ocrx_word' id='word_1_165' title='bbox 755 1832 874 1893; x_wconf 87' lang='lat' dir='ltr'>differre</span> <span class='ocrx_word' id='word_1_166' title='bbox 889 1833 1015 1905; x_wconf 87' lang='lat' dir='ltr'>videtur,</span> <span class='ocrx_word' id='word_1_167' title='bbox 1038 1833 1108 1910; x_wconf 87' lang='lat' dir='ltr'>quia</span> 
     </span>
     <span class='ocr_line' id='line_1_20' title="bbox 81 1919 1106 1997; baseline 0.001 -16"><span class='ocrx_word' id='word_1_168' title='bbox 81 1921 121 1981; x_wconf 90' lang='grc'>16</span> <span class='ocrx_word' id='word_1_169' title='bbox 134 1920 184 1981; x_wconf 87' lang='grc'>1116</span> <span class='ocrx_word' id='word_1_170' title='bbox 197 1922 278 1981; x_wconf 91' lang='lat' dir='ltr'>solus</span> <span class='ocrx_word' id='word_1_171' title='bbox 290 1920 431 1996; x_wconf 87' lang='lat' dir='ltr'>Princeps</span> <span class='ocrx_word' id='word_1_172' title='bbox 443 1919 612 1995; x_wconf 55' lang='lat' dir='ltr'>cognoscin</span> <span class='ocrx_word' id='word_1_173' title='bbox 628 1920 665 1980; x_wconf 91' lang='grc'>16</span> <span class='ocrx_word' id='word_1_174' title='bbox 679 1922 737 1980; x_wconf 86' lang='lat' dir='ltr'>hac</span> <span class='ocrx_word' id='word_1_175' title='bbox 750 1937 822 1980; x_wconf 86' lang='lat' dir='ltr'>vero</span> <span class='ocrx_word' id='word_1_176' title='bbox 838 1937 1022 1997; x_wconf 82' lang='lat' dir='ltr'>cognoscere</span> <span class='ocrx_word' id='word_1_177' title='bbox 1039 1928 1106 1997; x_wconf 94' lang='lat' dir='ltr'>pot·</span> 
     </span>
     <span class='ocr_line' id='line_1_21' title="bbox 6 2007 1106 2086; baseline 0 -15"><span class='ocrx_word' id='word_1_178' title='bbox 6 2035 8 2046; x_wconf 60' lang='lat'><em>2</em></span> <span class='ocrx_word' id='word_1_179' title='bbox 81 2015 129 2072; x_wconf 89' lang='lat' dir='ltr'>est</span> <span class='ocrx_word' id='word_1_180' title='bbox 142 2009 231 2070; x_wconf 82' lang='lat' dir='ltr'>etiem</span> <span class='ocrx_word' id='word_1_181' title='bbox 250 2010 344 2086; x_wconf 83' lang='lat' dir='ltr'>judex</span> <span class='ocrx_word' id='word_1_182' title='bbox 368 2007 545 2083; x_wconf 82' lang='lat' dir='ltr'>ordinarius,</span> <span class='ocrx_word' id='word_1_183' title='bbox 561 2025 631 2069; x_wconf 90' lang='lat' dir='ltr'>cum</span> <span class='ocrx_word' id='word_1_184' title='bbox 650 2027 698 2068; x_wconf 85' lang='lat' dir='ltr'>ex.</span> <span class='ocrx_word' id='word_1_185' title='bbox 713 2027 758 2086; x_wconf 83' lang='lat' dir='ltr'>gr.</span> <span class='ocrx_word' id='word_1_186' title='bbox 775 2008 899 2086; x_wconf 88' lang='lat' dir='ltr'>quaestio</span> <span class='ocrx_word' id='word_1_187' title='bbox 918 2017 1056 2071; x_wconf 88' lang='lat' dir='ltr'>movetur</span> <span class='ocrx_word' id='word_1_188' title='bbox 1068 2011 1106 2071; x_wconf 92' lang='lat' dir='ltr'>de</span> 
     </span>
     <span class='ocr_line' id='line_1_22' title="bbox 82 2097 1107 2176; baseline -0.002 -14"><span class='ocrx_word' id='word_1_189' title='bbox 82 2115 186 2162; x_wconf 81' lang='lat' dir='ltr'>errore</span> <span class='ocrx_word' id='word_1_190' title='bbox 199 2099 229 2159; x_wconf 93' lang='lat' dir='ltr'>in</span> <span class='ocrx_word' id='word_1_191' title='bbox 243 2099 318 2161; x_wconf 85' lang='lat' dir='ltr'>actis</span> <span class='ocrx_word' id='word_1_192' title='bbox 331 2098 513 2172; x_wconf 88' lang='lat' dir='ltr'>introducto,</span> <span class='ocrx_word' id='word_1_193' title='bbox 525 2105 576 2157; x_wconf 89' lang='lat' dir='ltr'>aut</span> <span class='ocrx_word' id='word_1_194' title='bbox 598 2098 636 2158; x_wconf 90' lang='lat' dir='ltr'>de</span> <span class='ocrx_word' id='word_1_195' title='bbox 650 2097 782 2159; x_wconf 82' lang='lat' dir='ltr'>nullitate</span> <span class='ocrx_word' id='word_1_196' title='bbox 796 2097 949 2159; x_wconf 73' lang='lat' dir='ltr'>sententiar</span> <span class='ocrx_word' id='word_1_197' title='bbox 963 2102 1014 2170; x_wconf 79' lang='grc'>(1).</span> <span class='ocrx_word' id='word_1_198' title='bbox 1031 2104 1107 2176; x_wconf 90' lang='lat' dir='ltr'>Sup-</span> 
     </span>
     <span class='ocr_line' id='line_1_23' title="bbox 80 2187 1107 2267; baseline 0.001 -17"><span class='ocrx_word' id='word_1_199' title='bbox 80 2190 200 2267; x_wconf 88' lang='lat' dir='ltr'>plicatio</span> <span class='ocrx_word' id='word_1_200' title='bbox 216 2189 368 2267; x_wconf 85' lang='lat' dir='ltr'>proposita</span> <span class='ocrx_word' id='word_1_201' title='bbox 382 2187 460 2248; x_wconf 86' lang='lat' dir='ltr'>intra</span> <span class='ocrx_word' id='word_1_202' title='bbox 473 2187 579 2251; x_wconf 86' lang='lat' dir='ltr'>decem</span> <span class='ocrx_word' id='word_1_203' title='bbox 593 2187 656 2248; x_wconf 87' lang='lat' dir='ltr'>dics</span> <span class='ocrx_word' id='word_1_204' title='bbox 670 2207 688 2248; x_wconf 90' lang='grc'>6</span> <span class='ocrx_word' id='word_1_205' title='bbox 711 2189 772 2250; x_wconf 90' lang='grc'>1616</span> <span class='ocrx_word' id='word_1_206' title='bbox 785 2188 942 2264; x_wconf 86' lang='lat' dir='ltr'>sententia,</span> <span class='ocrx_word' id='word_1_207' title='bbox 957 2190 1022 2266; x_wconf 86' lang='lat' dir='ltr'>ejus</span> <span class='ocrx_word' id='word_1_208' title='bbox 1036 2206 1107 2252; x_wconf 80' lang='lat' dir='ltr'>exe·</span> 
     </span>
     <span class='ocr_line' id='line_1_24' title="bbox 80 2277 1102 2355; baseline -0.001 -15"><span class='ocrx_word' id='word_1_209' title='bbox 80 2279 232 2340; x_wconf 89' lang='lat' dir='ltr'>cntionem</span> <span class='ocrx_word' id='word_1_210' title='bbox 249 2277 421 2354; x_wconf 82' lang='lat' dir='ltr'>suspendlt3</span> <span class='ocrx_word' id='word_1_211' title='bbox 437 2283 468 2337; x_wconf 91' lang='grc'>61</span> <span class='ocrx_word' id='word_1_212' title='bbox 489 2277 557 2337; x_wconf 88' lang='grc'>1166</span> <span class='ocrx_word' id='word_1_213' title='bbox 571 2277 702 2352; x_wconf 89' lang='lat' dir='ltr'>speciem</span> <span class='ocrx_word' id='word_1_214' title='bbox 727 2278 934 2355; x_wconf 88' lang='lat' dir='ltr'>appellationis</span> <span class='ocrx_word' id='word_1_215' title='bbox 956 2279 1102 2339; x_wconf 89' lang='lat' dir='ltr'>continet.</span> 
     </span>
     <span class='ocr_line' id='line_1_25' title="bbox 80 2366 1103 2444; baseline -0.003 -13"><span class='ocrx_word' id='word_1_216' title='bbox 80 2375 124 2431; x_wconf 83' lang='lat' dir='ltr'>Eo</span> <span class='ocrx_word' id='word_1_217' title='bbox 143 2386 214 2431; x_wconf 82' lang='grc'>1616</span> <span class='ocrx_word' id='word_1_218' title='bbox 228 2375 363 2444; x_wconf 88' lang='lat' dir='ltr'>tempore</span> <span class='ocrx_word' id='word_1_219' title='bbox 386 2367 499 2442; x_wconf 80' lang='lat' dir='ltr'>alapae,</span> <span class='ocrx_word' id='word_1_220' title='bbox 520 2372 618 2443; x_wconf 87' lang='lat' dir='ltr'>potest</span> <span class='ocrx_word' id='word_1_221' title='bbox 634 2367 732 2426; x_wconf 89' lang='lat' dir='ltr'>adhuc</span> <span class='ocrx_word' id='word_1_222' title='bbox 753 2367 830 2427; x_wconf 89' lang='lat' dir='ltr'>intra</span> <span class='ocrx_word' id='word_1_223' title='bbox 846 2366 998 2428; x_wconf 91' lang='lat' dir='ltr'>biennium</span> <span class='ocrx_word' id='word_1_224' title='bbox 1012 2369 1103 2428; x_wconf 88' lang='grc'>61616</span> 
     </span>
    </p>
   </div>
   <div class='ocr_carea' id='block_1_6' title="bbox 79 2454 1068 2534">
    <p class='ocr_par' dir='ltr' id='par_1_6' title="bbox 79 2454 1068 2534">
     <span class='ocr_line' id='line_1_26' title="bbox 79 2454 1068 2534; baseline -0.003 -15"><span class='ocrx_word' id='word_1_225' title='bbox 79 2459 230 2521; x_wconf 85' lang='lat' dir='ltr'>sententia</span> <span class='ocrx_word' id='word_1_226' title='bbox 240 2455 388 2534; x_wconf 77' lang='lat' dir='ltr'>proponi3</span> <span class='ocrx_word' id='word_1_227' title='bbox 408 2456 462 2516; x_wconf 86' lang='lat' dir='ltr'>sed</span> <span class='ocrx_word' id='word_1_228' title='bbox 475 2454 644 2517; x_wconf 81' lang='lat' dir='ltr'>executioni</span> <span class='ocrx_word' id='word_1_229' title='bbox 657 2456 811 2516; x_wconf 84' lang='lat' dir='ltr'>sententiae</span> <span class='ocrx_word' id='word_1_230' title='bbox 825 2473 885 2516; x_wconf 91' lang='lat' dir='ltr'>non</span> <span class='ocrx_word' id='word_1_231' title='bbox 905 2457 1002 2518; x_wconf 86' lang='lat' dir='ltr'>obstat</span> <span class='ocrx_word' id='word_1_232' title='bbox 1017 2461 1068 2531; x_wconf 90' lang='grc'>(3).</span> 
     </span>
    </p>
   </div>
   <div class='ocr_carea' id='block_1_7' title="bbox 72 2603 1107 3670">
    <p class='ocr_par' dir='ltr' id='par_1_7' title="bbox 72 2603 1107 3670">
     <span class='ocr_line' id='line_1_27' title="bbox 111 2603 1102 2672; baseline 0.001 -16"><span class='ocrx_word' id='word_1_233' title='bbox 111 2605 150 2671; x_wconf 89' lang='grc'>(1)</span> <span class='ocrx_word' id='word_1_234' title='bbox 162 2603 327 2672; x_wconf 78' lang='lat' dir='ltr'>snpplicatio</span> <span class='ocrx_word' id='word_1_235' title='bbox 340 2603 430 2656; x_wconf 89' lang='lat' dir='ltr'>locum</span> <span class='ocrx_word' id='word_1_236' title='bbox 442 2603 544 2655; x_wconf 86' lang='lat' dir='ltr'>habere</span> <span class='ocrx_word' id='word_1_237' title='bbox 557 2605 645 2671; x_wconf 87' lang='lat' dir='ltr'>potest</span> <span class='ocrx_word' id='word_1_238' title='bbox 657 2607 715 2656; x_wconf 89' lang='lat' dir='ltr'>tum</span> <span class='ocrx_word' id='word_1_239' title='bbox 729 2603 757 2655; x_wconf 88' lang='lat' dir='ltr'>in</span> <span class='ocrx_word' id='word_1_240' title='bbox 772 2605 907 2656; x_wconf 84' lang='lat' dir='ltr'>sententia</span> <span class='ocrx_word' id='word_1_241' title='bbox 918 2604 1019 2672; x_wconf 77' lang='lat' dir='ltr'>judicis</span> <span class='ocrx_word' id='word_1_242' title='bbox 1033 2604 1102 2657; x_wconf 88' lang='lat' dir='ltr'>inie-</span> 
     </span>
     <span class='ocr_line' id='line_1_28' title="bbox 81 2675 1106 2742; baseline -0.001 -13"><span class='ocrx_word' id='word_1_243' title='bbox 81 2678 171 2740; x_wconf 89' lang='lat' dir='ltr'>rioris,</span> <span class='ocrx_word' id='word_1_244' title='bbox 188 2689 269 2741; x_wconf 87' lang='lat' dir='ltr'>quam</span> <span class='ocrx_word' id='word_1_245' title='bbox 287 2675 388 2742; x_wconf 88' lang='lat' dir='ltr'>judicis</span> <span class='ocrx_word' id='word_1_246' title='bbox 406 2677 565 2741; x_wconf 86' lang='lat' dir='ltr'>superioris,</span> <span class='ocrx_word' id='word_1_247' title='bbox 582 2679 609 2727; x_wconf 91' lang='lat' dir='ltr'>et</span> <span class='ocrx_word' id='word_1_248' title='bbox 624 2677 752 2741; x_wconf 83' lang='lat' dir='ltr'>supremi,</span> <span class='ocrx_word' id='word_1_249' title='bbox 769 2676 796 2727; x_wconf 92' lang='lat' dir='ltr'>id</span> <span class='ocrx_word' id='word_1_250' title='bbox 809 2680 852 2728; x_wconf 87' lang='lat' dir='ltr'>est</span> <span class='ocrx_word' id='word_1_251' title='bbox 863 2682 964 2728; x_wconf 83' lang='lat' dir='ltr'>sanctae</span> <span class='ocrx_word' id='word_1_252' title='bbox 986 2675 1074 2737; x_wconf 84' lang='lat' dir='ltr'>Sedis,</span> <span class='ocrx_word' id='word_1_253' title='bbox 1090 2691 1106 2728; x_wconf 94' lang='grc'>6</span> 
     </span>
     <span class='ocr_line' id='line_1_29' title="bbox 80 2746 1104 2828; baseline 0.001 -29"><span class='ocrx_word' id='word_1_254' title='bbox 80 2761 136 2814; x_wconf 91' lang='lat' dir='ltr'>qua</span> <span class='ocrx_word' id='word_1_255' title='bbox 151 2761 206 2800; x_wconf 90' lang='lat' dir='ltr'>non</span> <span class='ocrx_word' id='word_1_256' title='bbox 215 2747 296 2809; x_wconf 83' lang='lat' dir='ltr'>datur</span> <span class='ocrx_word' id='word_1_257' title='bbox 308 2746 480 2828; x_wconf 64' lang='lat' dir='ltr'>pppellati03</span> <span class='ocrx_word' id='word_1_258' title='bbox 495 2747 543 2799; x_wconf 83' lang='lat' dir='ltr'>sed</span> <span class='ocrx_word' id='word_1_259' title='bbox 559 2748 588 2798; x_wconf 94' lang='lat' dir='ltr'>in</span> <span class='ocrx_word' id='word_1_260' title='bbox 603 2747 655 2798; x_wconf 92' lang='lat' dir='ltr'>hoc</span> <span class='ocrx_word' id='word_1_261' title='bbox 672 2749 808 2813; x_wconf 87' lang='lat' dir='ltr'>postremo</span> <span class='ocrx_word' id='word_1_262' title='bbox 831 2761 896 2800; x_wconf 87' lang='lat' dir='ltr'>casn</span> <span class='ocrx_word' id='word_1_263' title='bbox 922 2748 956 2801; x_wconf 86' lang='lat' dir='ltr'>ob</span> <span class='ocrx_word' id='word_1_264' title='bbox 972 2748 1104 2801; x_wconf 83' lang='lat' dir='ltr'>excellen-</span> 
     </span>
     <span class='ocr_line' id='line_1_30' title="bbox 79 2818 1105 2885; baseline -0.001 -14"><span class='ocrx_word' id='word_1_265' title='bbox 79 2821 147 2872; x_wconf 87' lang='lat' dir='ltr'>tiam</span> <span class='ocrx_word' id='word_1_266' title='bbox 158 2819 259 2885; x_wconf 83' lang='lat' dir='ltr'>jndicio</span> <span class='ocrx_word' id='word_1_267' title='bbox 274 2819 401 2884; x_wconf 88' lang='lat' dir='ltr'>supremi,</span> <span class='ocrx_word' id='word_1_268' title='bbox 413 2818 459 2884; x_wconf 89' lang='lat' dir='ltr'>qul</span> <span class='ocrx_word' id='word_1_269' title='bbox 475 2823 567 2870; x_wconf 82' lang='lat' dir='ltr'>contre</span> <span class='ocrx_word' id='word_1_270' title='bbox 581 2819 753 2883; x_wconf 84' lang='lat' dir='ltr'>sententium,</span> <span class='ocrx_word' id='word_1_271' title='bbox 765 2819 931 2880; x_wconf 85' lang='lat' dir='ltr'>mandatum¹</span> <span class='ocrx_word' id='word_1_272' title='bbox 948 2822 995 2871; x_wconf 85' lang='lat' dir='ltr'>aut</span> <span class='ocrx_word' id='word_1_273' title='bbox 1009 2819 1105 2871; x_wconf 84' lang='lat' dir='ltr'>condr-</span> 
     </span>
     <span class='ocr_line' id='line_1_31' title="bbox 78 2890 1106 2958; baseline 0.001 -15"><span class='ocrx_word' id='word_1_274' title='bbox 78 2893 228 2943; x_wconf 88' lang='lat' dir='ltr'>mationem</span> <span class='ocrx_word' id='word_1_275' title='bbox 240 2891 300 2956; x_wconf 86' lang='lat' dir='ltr'>ejus</span> <span class='ocrx_word' id='word_1_276' title='bbox 316 2893 389 2954; x_wconf 84' lang='lat' dir='ltr'>optat</span> <span class='ocrx_word' id='word_1_277' title='bbox 402 2890 564 2956; x_wconf 88' lang='lat' dir='ltr'>supplicare.</span> <span class='ocrx_word' id='word_1_278' title='bbox 577 2891 654 2958; x_wconf 86' lang='lat' dir='ltr'>priua</span> <span class='ocrx_word' id='word_1_279' title='bbox 665 2890 720 2943; x_wconf 81' lang='lat' dir='ltr'>oris</span> <span class='ocrx_word' id='word_1_280' title='bbox 740 2890 928 2957; x_wconf 81' lang='lat' dir='ltr'>aperitionem,</span> <span class='ocrx_word' id='word_1_281' title='bbox 950 2895 980 2944; x_wconf 90' lang='lat' dir='ltr'>ut</span> <span class='ocrx_word' id='word_1_282' title='bbox 1002 2891 1106 2950; x_wconf 88' lang='lat' dir='ltr'>dicunt,</span> 
     </span>
     <span class='ocr_line' id='line_1_32' title="bbox 77 2961 1105 3028; baseline 0.001 -13"><span class='ocrx_word' id='word_1_283' title='bbox 77 2964 114 3015; x_wconf 86' lang='lat' dir='ltr'>ab</span> <span class='ocrx_word' id='word_1_284' title='bbox 126 2961 187 3028; x_wconf 90' lang='lat' dir='ltr'>ipso</span> <span class='ocrx_word' id='word_1_285' title='bbox 201 2961 331 3013; x_wconf 88' lang='lat' dir='ltr'>Pontillce</span> <span class='ocrx_word' id='word_1_286' title='bbox 344 2962 412 3013; x_wconf 87' lang='grc'>66161</span> <span class='ocrx_word' id='word_1_287' title='bbox 426 2961 571 3026; x_wconf 87' lang='lat' dir='ltr'>postulare.</span> <span class='ocrx_word' id='word_1_288' title='bbox 588 2962 682 3013; x_wconf 85' lang='lat' dir='ltr'>Devoti</span> <span class='ocrx_word' id='word_1_289' title='bbox 693 2962 711 3012; x_wconf 94' lang='lat' dir='ltr'>l.</span> <span class='ocrx_word' id='word_1_290' title='bbox 725 2963 749 3022; x_wconf 89' lang='grc'>3,</span> <span class='ocrx_word' id='word_1_291' title='bbox 769 2966 787 3013; x_wconf 93' lang='lat' dir='ltr'>t.</span> <span class='ocrx_word' id='word_1_292' title='bbox 807 2963 848 3026; x_wconf 80' lang='grc'>16,</span> <span class='ocrx_word' id='word_1_293' title='bbox 862 2965 874 3028; x_wconf 69' lang='grc' dir='ltr'>ξ</span> <span class='ocrx_word' id='word_1_294' title='bbox 893 2963 929 3015; x_wconf 88' lang='grc'>10.</span> <span class='ocrx_word' id='word_1_295' title='bbox 946 2962 1023 3025; x_wconf 83' lang='lat' dir='ltr'>Quod</span> <span class='ocrx_word' id='word_1_296' title='bbox 1044 2962 1105 3016; x_wconf 88' lang='lat' dir='ltr'>dicl-</span> 
     </span>
     <span class='ocr_line' id='line_1_33' title="bbox 76 3033 1106 3097; baseline 0.001 -12"><span class='ocrx_word' id='word_1_297' title='bbox 76 3047 141 3086; x_wconf 83' lang='lat' dir='ltr'>mus</span> <span class='ocrx_word' id='word_1_298' title='bbox 155 3033 189 3084; x_wconf 92' lang='lat' dir='ltr'>de</span> <span class='ocrx_word' id='word_1_299' title='bbox 202 3033 402 3084; x_wconf 86' lang='lat' dir='ltr'>conllrmatione</span> <span class='ocrx_word' id='word_1_300' title='bbox 415 3035 480 3084; x_wconf 91' lang='lat' dir='ltr'>tunc</span> <span class='ocrx_word' id='word_1_301' title='bbox 493 3033 596 3084; x_wconf 84' lang='lat' dir='ltr'>obtinet</span> <span class='ocrx_word' id='word_1_302' title='bbox 609 3047 671 3084; x_wconf 91' lang='lat' dir='ltr'>cum</span> <span class='ocrx_word' id='word_1_303' title='bbox 685 3035 853 3086; x_wconf 85' lang='lat' dir='ltr'>confirmatio</span> <span class='ocrx_word' id='word_1_304' title='bbox 868 3033 931 3085; x_wconf 84' lang='lat' dir='ltr'>datu</span> <span class='ocrx_word' id='word_1_305' title='bbox 944 3034 1004 3097; x_wconf 84' lang='lat' dir='ltr'>tuit,</span> <span class='ocrx_word' id='word_1_306' title='bbox 1023 3047 1106 3086; x_wconf 87' lang='grc'>661166</span> 
     </span>
     <span class='ocr_line' id='line_1_34' title="bbox 77 3105 1103 3170; baseline 0 -14"><span class='ocrx_word' id='word_1_307' title='bbox 77 3105 202 3170; x_wconf 77' lang='lat' dir='ltr'>cognita3</span> <span class='ocrx_word' id='word_1_308' title='bbox 212 3105 235 3156; x_wconf 90' lang='grc'>61</span> <span class='ocrx_word' id='word_1_309' title='bbox 248 3105 319 3157; x_wconf 89' lang='lat' dir='ltr'>enlm</span> <span class='ocrx_word' id='word_1_310' title='bbox 331 3105 434 3168; x_wconf 89' lang='lat' dir='ltr'>absque</span> <span class='ocrx_word' id='word_1_311' title='bbox 448 3117 537 3155; x_wconf 77' lang='lat' dir='ltr'>canam</span> <span class='ocrx_word' id='word_1_312' title='bbox 550 3105 710 3168; x_wconf 77' lang='lat' dir='ltr'>cognitione,</span> <span class='ocrx_word' id='word_1_313' title='bbox 722 3108 749 3156; x_wconf 92' lang='grc'>61</span> <span class='ocrx_word' id='word_1_314' title='bbox 764 3105 793 3156; x_wconf 86' lang='grc'>111</span> <span class='ocrx_word' id='word_1_315' title='bbox 807 3106 894 3156; x_wconf 81' lang='lat' dir='ltr'>forma</span> <span class='ocrx_word' id='word_1_316' title='bbox 910 3105 1053 3162; x_wconf 88' lang='lat' dir='ltr'>communi.</span> <span class='ocrx_word' id='word_1_317' title='bbox 1070 3110 1103 3156; x_wconf 90' lang='lat' dir='ltr'>nt</span> 
     </span>
     <span class='ocr_line' id='line_1_35' title="bbox 77 3175 1105 3243; baseline 0 -16"><span class='ocrx_word' id='word_1_318' title='bbox 77 3177 184 3234; x_wconf 86' lang='lat' dir='ltr'>dicunt,</span> <span class='ocrx_word' id='word_1_319' title='bbox 200 3175 366 3227; x_wconf 82' lang='lat' dir='ltr'>confirmatio</span> <span class='ocrx_word' id='word_1_320' title='bbox 384 3175 446 3226; x_wconf 86' lang='lat' dir='ltr'>data</span> <span class='ocrx_word' id='word_1_321' title='bbox 459 3176 564 3232; x_wconf 87' lang='lat' dir='ltr'>luisset,</span> <span class='ocrx_word' id='word_1_322' title='bbox 579 3175 738 3240; x_wconf 87' lang='lat' dir='ltr'>supplicatio</span> <span class='ocrx_word' id='word_1_323' title='bbox 753 3190 820 3243; x_wconf 89' lang='lat' dir='ltr'>pure</span> <span class='ocrx_word' id='word_1_324' title='bbox 835 3175 947 3229; x_wconf 83' lang='lat' dir='ltr'>haberet</span> <span class='ocrx_word' id='word_1_325' title='bbox 966 3177 1063 3234; x_wconf 85' lang='lat' dir='ltr'>locum,</span> <span class='ocrx_word' id='word_1_326' title='bbox 1078 3179 1105 3227; x_wconf 89' lang='grc'>61</span> 
     </span>
     <span class='ocr_line' id='line_1_36' title="bbox 72 3245 1106 3314; baseline -0.001 -16"><span class='ocrx_word' id='word_1_327' title='bbox 72 3247 172 3314; x_wconf 84' lang='lat' dir='ltr'>judex,</span> <span class='ocrx_word' id='word_1_328' title='bbox 193 3245 321 3312; x_wconf 85' lang='lat' dir='ltr'>adquam</span> <span class='ocrx_word' id='word_1_329' title='bbox 336 3248 447 3310; x_wconf 87' lang='lat' dir='ltr'>spectat,</span> <span class='ocrx_word' id='word_1_330' title='bbox 468 3251 558 3312; x_wconf 84' lang='lat' dir='ltr'>posset</span> <span class='ocrx_word' id='word_1_331' title='bbox 570 3246 657 3297; x_wconf 89' lang='grc'>611166</span> <span class='ocrx_word' id='word_1_332' title='bbox 675 3247 707 3297; x_wconf 90' lang='grc'>16</span> <span class='ocrx_word' id='word_1_333' title='bbox 728 3261 757 3298; x_wconf 89' lang='grc'>16</span> <span class='ocrx_word' id='word_1_334' title='bbox 773 3261 933 3312; x_wconf 78' lang='lat' dir='ltr'>cognoscere</span> <span class='ocrx_word' id='word_1_335' title='bbox 965 3246 1028 3311; x_wconf 87' lang='lat' dir='ltr'>quia</span> <span class='ocrx_word' id='word_1_336' title='bbox 1047 3246 1106 3298; x_wconf 85' lang='lat' dir='ltr'>haec</span> 
     </span>
     <span class='ocr_line' id='line_1_37' title="bbox 77 3287 1107 3385; baseline 0 -14"><span class='ocrx_word' id='word_1_337' title='bbox 77 3319 247 3371; x_wconf 84' lang='lat' dir='ltr'>confirmatio</span> <span class='ocrx_word' id='word_1_338' title='bbox 262 3316 362 3368; x_wconf 86' lang='lat' dir='ltr'>habere</span> <span class='ocrx_word' id='word_1_339' title='bbox 377 3323 501 3369; x_wconf 86' lang='lat' dir='ltr'>censetur</span> <span class='ocrx_word' id='word_1_340' title='bbox 515 3317 668 3383; x_wconf 75' lang='lat' dir='ltr'>adjunctam</span> <span class='ocrx_word' id='word_1_341' title='bbox 681 3318 871 3383; x_wconf 89' lang='lat' dir='ltr'>conditionem,</span> <span class='ocrx_word' id='word_1_342' title='bbox 885 3287 963 3370; x_wconf 62' lang='grc'>61616</span> <span class='ocrx_word' id='word_1_343' title='bbox 976 3319 1055 3385; x_wconf 74' lang='lat' dir='ltr'>jutta</span> <span class='ocrx_word' id='word_1_344' title='bbox 1069 3317 1107 3371; x_wconf 78' lang='lat' dir='ltr'>rit</span> 
     </span>
     <span class='ocr_line' id='line_1_38' title="bbox 74 3388 1105 3455; baseline -0.003 -11"><span class='ocrx_word' id='word_1_345' title='bbox 74 3389 221 3444; x_wconf 78' lang='lat' dir='ltr'>sententio.</span> <span class='ocrx_word' id='word_1_346' title='bbox 237 3389 331 3440; x_wconf 89' lang='lat' dir='ltr'>Devoti</span> <span class='ocrx_word' id='word_1_347' title='bbox 348 3390 397 3440; x_wconf 92' lang='grc'>166.</span> <span class='ocrx_word' id='word_1_348' title='bbox 413 3389 456 3440; x_wconf 90' lang='lat' dir='ltr'>cit.</span> <span class='ocrx_word' id='word_1_349' title='bbox 473 3390 485 3453; x_wconf 69' lang='grc'>1</span> <span class='ocrx_word' id='word_1_350' title='bbox 502 3389 524 3440; x_wconf 87' lang='grc'>9.</span> <span class='ocrx_word' id='word_1_351' title='bbox 550 3389 683 3441; x_wconf 84' lang='lat' dir='ltr'>Caeternm</span> <span class='ocrx_word' id='word_1_352' title='bbox 707 3403 764 3442; x_wconf 88' lang='lat' dir='ltr'>mos</span> <span class='ocrx_word' id='word_1_353' title='bbox 783 3390 937 3455; x_wconf 87' lang='lat' dir='ltr'>postulandi</span> <span class='ocrx_word' id='word_1_354' title='bbox 955 3403 970 3439; x_wconf 93' lang='grc'>6</span> <span class='ocrx_word' id='word_1_355' title='bbox 986 3389 1012 3439; x_wconf 79' lang='lat' dir='ltr'>S.</span> <span class='ocrx_word' id='word_1_356' title='bbox 1037 3388 1105 3441; x_wconf 85' lang='lat' dir='ltr'>Sede</span> 
     </span>
     <span class='ocr_line' id='line_1_39' title="bbox 75 3460 1105 3527; baseline 0.001 -15"><span class='ocrx_word' id='word_1_357' title='bbox 75 3462 275 3512; x_wconf 86' lang='lat' dir='ltr'>sententiarum</span> <span class='ocrx_word' id='word_1_358' title='bbox 287 3460 503 3512; x_wconf 86' lang='lat' dir='ltr'>conllrmutiones</span> <span class='ocrx_word' id='word_1_359' title='bbox 517 3474 549 3511; x_wconf 89' lang='grc'>66</span> <span class='ocrx_word' id='word_1_360' title='bbox 566 3461 599 3512; x_wconf 88' lang='grc'>16</span> <span class='ocrx_word' id='word_1_361' title='bbox 609 3473 691 3512; x_wconf 86' lang='lat' dir='ltr'>cause</span> <span class='ocrx_word' id='word_1_362' title='bbox 704 3462 824 3519; x_wconf 89' lang='lat' dir='ltr'>inolevit,</span> <span class='ocrx_word' id='word_1_363' title='bbox 834 3461 936 3527; x_wconf 88' lang='lat' dir='ltr'>quiaut</span> <span class='ocrx_word' id='word_1_364' title='bbox 949 3461 1037 3512; x_wconf 88' lang='lat' dir='ltr'>victus</span> <span class='ocrx_word' id='word_1_365' title='bbox 1048 3473 1105 3513; x_wconf 82' lang='lat' dir='ltr'>suae</span> 
     </span>
     <span class='ocr_line' id='line_1_40' title="bbox 73 3530 1103 3597; baseline 0.001 -14"><span class='ocrx_word' id='word_1_366' title='bbox 73 3530 245 3584; x_wconf 88' lang='lat' dir='ltr'>indemnitati</span> <span class='ocrx_word' id='word_1_367' title='bbox 269 3530 418 3582; x_wconf 88' lang='lat' dir='ltr'>remedium</span> <span class='ocrx_word' id='word_1_368' title='bbox 442 3532 540 3596; x_wconf 77' lang='lat' dir='ltr'>quaerit</span> <span class='ocrx_word' id='word_1_369' title='bbox 558 3531 585 3582; x_wconf 90' lang='lat' dir='ltr'>in</span> <span class='ocrx_word' id='word_1_370' title='bbox 607 3531 796 3597; x_wconf 85' lang='lat' dir='ltr'>appellatione,</span> <span class='ocrx_word' id='word_1_371' title='bbox 819 3532 1024 3597; x_wconf 87' lang='lat' dir='ltr'>supplicatione,</span> <span class='ocrx_word' id='word_1_372' title='bbox 1040 3536 1103 3597; x_wconf 80' lang='grc'>616,</span> 
     </span>
     <span class='ocr_line' id='line_1_41' title="bbox 73 3601 1103 3670; baseline 0.002 -16"><span class='ocrx_word' id='word_1_373' title='bbox 73 3603 114 3654; x_wconf 88' lang='grc'>116</span> <span class='ocrx_word' id='word_1_374' title='bbox 124 3603 211 3657; x_wconf 89' lang='lat' dir='ltr'>victor</span> <span class='ocrx_word' id='word_1_375' title='bbox 221 3614 269 3667; x_wconf 88' lang='lat' dir='ltr'>per</span> <span class='ocrx_word' id='word_1_376' title='bbox 283 3603 384 3653; x_wconf 80' lang='grc'>6666116</span> <span class='ocrx_word' id='word_1_377' title='bbox 394 3601 472 3653; x_wconf 74' lang='lat' dir='ltr'>Sedis</span> <span class='ocrx_word' id='word_1_378' title='bbox 482 3603 708 3654; x_wconf 78' lang='lat' dir='ltr'>confirmationem</span> <span class='ocrx_word' id='word_1_379' title='bbox 717 3617 774 3655; x_wconf 75' lang='lat' dir='ltr'>snm</span> <span class='ocrx_word' id='word_1_380' title='bbox 789 3603 925 3666; x_wconf 83' lang='lat' dir='ltr'>securitati</span> <span class='ocrx_word' id='word_1_381' title='bbox 941 3604 1029 3670; x_wconf 76' lang='lat' dir='ltr'>magis</span> <span class='ocrx_word' id='word_1_382' title='bbox 1042 3618 1103 3670; x_wconf 90' lang='lat' dir='ltr'>pro·</span> 
     </span>
    </p>
   </div>
   <div class='ocr_carea' id='block_1_8' title="bbox 0 0 1284 4080">
    <p class='ocr_par' dir='ltr' id='par_1_8' title="bbox 0 0 1284 4080">
     <span class='ocr_line' id='line_1_42' title="bbox 0 0 1284 4080; baseline 0 3"><span class='ocrx_word' id='word_1_383' title='bbox 0 0 1284 4080; x_wconf 95' lang='lat' dir='ltr'> </span> 
     </span>
    </p>
   </div>
  </div>
 </body>
</html>
