2494 4062
603 127 744 184 -42-
824 172 828 183 .

163 253 220 315 lius
233 253 291 314 sint
315 251 491 314 sacramenti
510 263 652 327 capacem
668 255 699 310 et
720 247 852 309 similiter
866 246 973 319 effecit,
987 245 1063 306 utin
1081 245 1191 306 valido

162 343 292 402 fidelium
305 340 492 403 matrimonio
506 339 581 400 ratio
595 344 766 399 contractus
779 355 797 396 a
810 337 924 397 ratione
938 335 1118 396 sacramenti
1135 351 1189 394 se-

162 431 261 508 parari
275 448 335 491 non
349 430 442 508 possit
458 434 510 505 (3),
525 430 606 505 quod
619 428 660 488 its
672 444 738 488 esse
757 413 934 488 definierunt
958 423 1066 486 summi
1080 424 1189 485 Ponti·

161 521 258 596 tices(
278 523 299 592 ).

191 700 227 765 (t)
239 698 311 752 Sess.
324 699 362 760 54,
377 712 400 750 e.
418 697 439 749 1.
455 697 529 762 -(t)
543 696 585 748 nd
599 696 697 760 tiphos.
713 709 735 747 o.
752 696 774 745 5.
790 693 866 759 -(3)
883 693 1020 759 Zaitinger
1038 694 1071 746 de
1087 707 1185 758 spons.

160 786 188 824 u.
202 772 238 834 17,
254 777 280 822 et
293 785 367 836 seqq.
385 798 411 806 -
426 770 592 836 (i)1tasane
607 768 728 819 definivit
741 767 901 818 Benedictus
913 767 977 818 XiV
994 766 1021 816 in
1035 779 1084 817 sua
1094 765 1187 826 bulte,

160 856 222 910 quae
236 842 330 908 incipit
345 841 459 893 Reddite
475 845 537 894 sunt
549 840 632 905 nohis,
646 853 706 905 quae
718 839 832 890 retertur
842 839 869 888 in
884 852 932 905 suo
947 851 1026 899 opere
1036 837 1069 888 do
1080 837 1184 902 Synod.

160 915 177 965 l'.
191 914 215 972 6,
230 927 253 964 c.
269 913 292 972 7,
307 928 333 964 n.
350 915 373 964 5.
390 913 466 964 Hane
486 912 666 963 definitionem
681 910 846 962 confirmavit
860 909 926 960 Pius
944 908 982 958 tx
996 909 1024 959 in
1039 923 1088 960 sua
1104 908 1187 958 bulla

158 983 310 1050 Apostoties
323 984 353 1035 ii
365 985 434 1048 Aug.
454 985 509 1035 185¹
528 990 555 1034 et
571 984 598 1032 in
609 997 657 1034 suo
674 982 781 1047 Syrisho
796 981 942 1032 Boocemb.
956 979 1023 1039 rest.
1039 995 1066 1030 n.
1079 979 1119 1042 66,
1132 980 1185 1032 ubi

160 1057 285 1108 damnata
301 1056 352 1106 fuit
368 1069 484 1120 sequens
498 1054 662 1121 propositio:
678 1052 759 1105 Natta
784 1051 890 1106 ratione
905 1052 974 1116 ferra·
987 1055 1081 1117 potest,
1102 1049 1183 1104 dhri-

158 1130 230 1190 stum
255 1127 368 1178 evexisse
383 1125 590 1180 matrimonium
608 1125 645 1176 ad
670 1123 831 1190 dipnitotem
848 1122 1021 1174 sacrementi.
1042 1121 1183 1189 dytisbuS,

159 1212 236 1265 prop.
253 1199 298 1257 65,
313 1205 340 1248 et
361 1197 485 1249 similiter
499 1197 625 1248 damnata
643 1196 760 1248 iuitutio
774 1208 889 1259 sequens
903 1193 1069 1260 propositio:
1084 1193 1184 1245 Metri-

132 1284 134 1294 ·
158 1267 244 1321 monii
257 1271 456 1321 sacromentum
478 1281 533 1319 non
555 1272 591 1320 est
609 1267 663 1319 nisi
680 1266 747 1333 quid
769 1265 921 1318 contractui
940 1265 1124 1317 accessorium.
1145 1263 1182 1316 oh

158 1354 238 1406 eoque
259 1340 414 1404 separabile,
429 1340 567 1405 ipsumque
585 1342 784 1391 sacromentum
805 1338 835 1388 in
853 1351 910 1388 una
933 1339 1041 1389 tantum
1058 1335 1184 1399 nuptiali

159 1411 338 1464 benedictione
353 1411 435 1463 situm
452 1414 499 1463 est.
516 1410 555 1461 lb.
572 1426 647 1477 prop.
664 1411 701 1461 66.
713 1410 753 1460 Ao
763 1409 869 1460 demum
881 1409 974 1458 eodem
982 1411 1043 1470 jnre
1053 1408 1183 1458 damnata

158 1485 210 1534 init
223 1496 339 1548 sequens
354 1483 517 1548 propositio:
536 1480 562 1532 Vi
573 1485 806 1533 controotosmere
819 1478 905 1531 ciuilis
921 1482 1002 1542 potest
1016 1477 1089 1532 inter
1102 1477 1180 1532 dhri-

158 1554 259 1607 stianos
285 1556 406 1618 pensiore
429 1553 487 1604 veri
511 1552 629 1604 nominis
649 1551 875 1612 matrimonium
897 1550 1047 1616 {annusque
1063 1553 1110 1612 est,
1129 1553 1181 1602 out

158 1627 325 1677 contractum
341 1622 513 1676 rnotmmonii
535 1623 608 1676 inter
634 1621 801 1676 Christianos
820 1635 924 1688 semper
950 1634 1003 1673 esse
1022 1634 1179 1674 sacramen-

158 1699 225 1756 tum,
238 1697 286 1816 o7u³t
298 1694 402 1746 nultum
416 1708 468 1747 esse
490 1698 667 1754 contractum.
684 1693 708 1746 n'
729 1699 929 1748 sacromentum
947 1691 1113 1747 eeoiudntur.
1129 1692 1176 1746 ib.

157 1779 235 1833 prop.
286 1804 292 1816 .

193 1954 255 2010 3⁴3.
277 1948 359 2009 circa
370 1950 458 2025 hujus
469 1949 645 2009 sacramenti
658 1949 834 2024 ministrum,
844 1966 882 2010 an
894 1949 1033 2010 nimirum
1044 1947 1179 2010 minister

158 2038 195 2099 sit
218 2039 358 2098 sacerdos
378 2038 566 2098 matrimonio
589 2038 740 2112 assistens,
764 2056 801 2098 an
823 2038 882 2099 sint
895 2039 951 2115 ipsi
968 2040 1178 2106 contrahentes

157 2126 293 2199 ministri,
309 2143 417 2202 magna
431 2134 476 2187 est
490 2127 566 2186 inter
576 2128 741 2204 Theologos
755 2128 917 2201 contentio,
932 2145 1022 2203 quam
1036 2126 1176 2202 breviter,

157 2222 187 2290 et
201 2215 349 2291 sapienter
363 2215 504 2275 describit
517 2216 693 2280 Benedictus
706 2222 764 2277 iiiv
779 2221 829 2289 (t).
845 2218 902 2278 Sed
918 2235 973 2277 nos
988 2217 1143 2292 nequimus
1158 2234 1177 2276 a

157 2304 308 2364 communi
330 2304 476 2365 sententia
494 2306 644 2379 recedere,
668 2306 696 2364 in
718 2325 777 2383 qua
792 2307 938 2381 statuitur,
960 2306 1042 2382 ipsos
1057 2311 1176 2365 contra-

156 2393 261 2452 hentes
281 2408 347 2452 esse
367 2393 455 2469 hujus
469 2394 649 2453 sacramenti
666 2395 827 2454 ministros.
849 2401 922 2455 Nam
942 2395 983 2455 illi
1001 2402 1070 2455 sunt
1088 2396 1175 2470 hujus

156 2481 334 2540 sacramenti
346 2479 482 2556 ministri,
498 2482 548 2558 qui
561 2490 629 2542 sunt
642 2483 768 2544 ministri
782 2490 964 2560 contractus,
985 2502 1055 2545 cum
1070 2481 1173 2545 Christi

155 2568 253 2645 ipsum
274 2575 459 2630 contractum
479 2572 517 2630 ad
539 2572 716 2632 sacramenti
734 2573 906 2649 dignitatem
926 2574 1059 2634 evexerit
1073 2593 1079 2632 :
1093 2571 1173 2648 atqui

156 2656 212 2734 ipsi
234 2659 443 2720 contrahentes
466 2668 535 2720 sunt
557 2661 682 2721 ministri
700 2671 895 2726 contractus:
917 2680 988 2738 ergo
1004 2669 1072 2724 sunt
1086 2652 1173 2721 etiarn

156 2746 282 2806 ministri
296 2749 482 2809 sacramenti.
500 2751 574 2811 lllud
589 2768 707 2827 quoque
721 2753 846 2826 accedit,
863 2753 944 2831 quod
965 2760 1033 2812 ante
1052 2751 1171 2810 Triden-

158 2835 261 2909 tinum,
276 2843 306 2896 et
317 2837 405 2897 etiam
417 2855 495 2898 nunc
508 2839 543 2898 iis
556 2840 586 2898 in
600 2841 684 2915 iocis,
699 2841 729 2901 in
746 2842 854 2918 quibus
867 2843 926 2901 boc
940 2841 1097 2903 oonciiium
1112 2855 1172 2899 non

155 2925 209 2988 iuit
222 2925 413 3001 publicatum,
427 2926 647 2988 matrimonium
661 2931 877 2990 clandestinum
891 2932 1004 3006 absque
1018 2928 1171 2988 sacerdote

155 3029 173 3072 a
196 3014 267 3074 soils
290 3015 531 3076 contrahentibus
554 3020 733 3079 celebrattun
752 3026 798 3079 est
811 3036 916 3079 verum
933 3016 1168 3090 matrimonium

155 3118 226 3178 ergo
241 3109 271 3162 et
285 3110 513 3179 sacramentum,
536 3105 605 3182 quia
627 3109 702 3168 ratio
723 3115 892 3168 contractus
912 3107 1057 3167 aratione
1072 3123 1167 3165 sacra-

154 3191 246 3251 menti
255 3190 331 3251 inter
340 3193 443 3252 tideles
453 3211 512 3254 non
521 3195 765 3272 distinguiturffl).
778 3198 859 3258 Circa
869 3195 1168 3273 subjeetumdenique

154 3281 358 3354 observamus,
374 3299 493 3342 omnem
510 3284 660 3346 bominem
680 3286 859 3362 baptizatum
878 3303 965 3362 posse
990 3287 1048 3345 hoc
1071 3301 1167 3344 sacra·

153 3376 286 3430 mentum
308 3371 469 3446 suscipere,
491 3373 581 3432 modo
602 3373 639 3433 sit
661 3392 757 3451 capax
771 3374 975 3436 consentiendi
995 3373 1025 3433 in
1040 3373 1165 3450 nuptias,

153 3459 295 3538 nulloque
313 3458 468 3521 dbimeute
484 3459 696 3538 impedimento
712 3465 838 3542 taboret,
852 3471 883 3526 ut
898 3463 975 3525 intra
987 3461 1158 3524 videbimus.
