2560 4080
604 173 762 232 430..

166 296 264 370 lautis,
280 296 400 357 atillius
412 299 517 354 contra
531 311 620 372 quem
638 296 816 372 appellatur,
836 300 867 356 et
887 296 1073 369 sententiam,
1090 312 1107 353 a
1126 311 1180 370 qua

129 409 132 416 ’
167 387 334 463 appellatur
359 388 411 456 (t).
439 389 583 444 Carmrum
607 386 760 460 appellans
784 401 845 444 non
873 391 993 446 tenetur
1021 385 1180 460 exprimere

167 490 303 546 causam,
315 472 368 532 sod
379 472 498 547 sufficit,
513 474 539 532 si
552 474 640 547 dicat,
654 490 688 533 se
700 480 856 549 gravatum
874 476 923 534 vel
938 474 1113 534 sententiam
1122 488 1182 531 csse

166 564 306 640 injustam
323 581 329 620 :
346 579 468 622 causam
485 562 565 622 enim
579 579 741 639 exponere,
757 570 787 622 et
801 563 929 638 probare
943 569 1060 624 tenetur
1075 569 1185 622 tanturn

167 667 270 710 coram
281 650 381 726 judice
394 650 599 727 appellationis
613 657 663 724 (2).
687 657 719 710 ln
737 651 800 711 aliis
814 669 887 712 vero
902 651 1056 711 sententiis
1069 650 1184 710 interlo-

166 738 288 799 cutoriis
301 738 462 814 requiritur
481 739 640 816 scriptura,
660 739 723 800 sive
742 740 870 816 libellus,
886 748 917 801 et
930 739 1078 816 expositio
1093 756 1187 800 causat

63 823 65 826 ’
166 827 373 904 appellationis
388 832 439 901 (3).

196 993 232 1059 (1)
252 993 316 1046 Gan.
332 993 372 1052 31,
388 1007 411 1044 c.
429 992 454 1052 2,
469 1007 495 1059 q.
520 993 544 1044 6.
557 1020 588 1032 -
611 993 647 1058 (l)
660 993 724 1060 Cap.
752 993 789 1054 10,
816 993 849 1046 da
870 995 916 1046 ild.
940 996 1065 1048 instrum.
1083 997 1110 1047 et
1132 1009 1187 1060 cap.

165 1066 191 1128 6,
210 1065 244 1116 do
258 1065 356 1132 appell.
381 1092 408 1102 -
428 1065 462 1130 (3)
486 1065 549 1128 Cep.
566 1064 605 1116 59.
629 1066 687 1116 eod.
703 1068 730 1116 et
749 1079 809 1130 cap.
825 1067 849 1124 6,
863 1067 923 1118 eod.
939 1067 966 1116 in
994 1068 1019 1118 6.
1034 1067 1115 1118 Ratio
1129 1080 1188 1116 vero

165 1137 200 1188 oh
219 1150 301 1202 quam
324 1136 352 1186 in
377 1136 420 1186 his
439 1136 666 1202 appellationibus
689 1137 844 1188 necessaria
872 1143 913 1188 est
936 1139 1081 1204 scriptura,
1097 1145 1124 1189 et
1144 1137 1187 1186 ad-

165 1207 255 1260 ductio
281 1221 371 1259 causas
397 1208 456 1260 haec
483 1210 533 1269 est,
548 1207 612 1272 quia
633 1207 666 1258 do
685 1221 774 1260 caussa
793 1208 901 1271 justitia
925 1209 1001 1272 prius
1022 1209 1107 1260 debet
1129 1222 1188 1272 cog·

165 1293 276 1332 noscere
302 1280 385 1343 judex
409 1293 425 1330 a
452 1293 514 1344 quc,
539 1282 569 1329 ut
589 1279 670 1341 sciat,
692 1293 727 1330 an
752 1279 850 1330 debeat
873 1279 1050 1344 appellationi
1072 1280 1187 1342 deterre,
1262 1277 1263 1338 g

164 1351 207 1403 val
220 1363 297 1402 suem
317 1350 543 1402 interlocutoriam
567 1350 710 1414 corrigere,
726 1349 797 1415 quod
818 1350 845 1400 in
866 1350 1003 1401 definitiva
1027 1365 1083 1402 non
1106 1354 1189 1416 potest
1262 1349 1263 1408 l

165 1423 232 1480 fleri,
246 1435 307 1474 cum
322 1435 412 1472 cauam
426 1421 541 1484 cognitio
558 1419 592 1472 ad
606 1421 727 1486 judicem
749 1421 925 1486 superiorem,
940 1421 975 1472 ad
998 1436 1082 1488 quem
1100 1421 1187 1486 appel·
1262 1419 1263 1456 ³

165 1494 250 1547 latum
265 1496 315 1555 cst,
331 1493 474 1558 pertineat.

200 1692 263 1748 872.
284 1691 390 1748 Forma
410 1688 441 1746 in
466 1686 663 1764 appellatione
688 1685 834 1746 servanda
861 1685 982 1762 respicit
1002 1685 1191 1762 potissimum

167 1777 308 1838 terminos
321 1776 439 1851 letales,
460 1778 518 1850 vel,
532 1783 565 1836 nt
589 1776 647 1836 dici
661 1777 747 1849 solet,
767 1776 877 1852 {etalio
898 1775 1120 1851 appellationis.
1135 1782 1191 1836 lln·
1262 1779 1263 1860 i

161 1865 293 1942 jusmodi
303 1864 421 1926 termini
431 1872 500 1924 sunt
513 1872 650 1942 quatuor,
662 1881 769 1940 nempe
784 1863 929 1923 terminus
945 1864 983 1922 ad
998 1863 1191 1940 interponen-
1262 1887 1263 1900 ¹

164 1957 233 2016 dam
248 1955 486 2032 appellationem,
502 1955 647 2015 terminus
676 1953 715 2013 ad
739 1954 894 2032 petendos,
913 1955 1079 2030 apostolae,
1096 1952 1190 2014 termi-
1262 1965 1263 1970 ’

164 2062 221 2104 nus
242 2045 281 2105 ad
301 2043 549 2104 introducendam
572 2043 810 2120 appellationem,
828 2049 857 2102 et
871 2043 1016 2102 terminus
1031 2043 1072 2102 ad
1089 2060 1191 2119 prose-

164 2134 314 2210 quendam
341 2132 561 2208 delendamque
585 2132 822 2208 appellationem.
845 2133 961 2193 Primus
989 2131 1138 2192 terminus
1157 2132 1193 2191 ad

163 2220 412 2297 interponendam
433 2221 662 2297 appellationem
683 2221 770 2280 durat
792 2221 831 2278 ad
853 2220 960 2280 decern
978 2219 1053 2293 dica,
1079 2221 1131 2296 qui
1155 2238 1193 2280 ex
1262 2227 1263 2250 l

161 2310 228 2385 jure
243 2308 390 2370 canonico
405 2315 615 2384 computantur
627 2327 646 2368 a
658 2308 715 2382 die,
733 2327 791 2384 qua
806 2309 958 2384 appellans
973 2308 1108 2383 sciverit,
1125 2325 1190 2368 sen·
1262 2337 1263 2388 3

164 2398 297 2470 tentiam,
312 2399 359 2456 vel
374 2397 529 2458 decretum
549 2398 640 2457 luisse
660 2397 899 2472 pronunciatum,
917 2403 981 2456 tum
1002 2397 1032 2456 in
1050 2397 1193 2472 judiciali,
1262 2391 1263 2394 ’

165 2502 256 2562 quam
276 2485 306 2544 in
327 2485 541 2560 extraJ'udiciali
561 2484 758 2563 appellatione
773 2489 824 2557 (t).
841 2491 911 2545 llaec
922 2487 1134 2563 appellationis
1149 2487 1194 2546 in·
1262 2515 1263 2526 r

138 2595 144 2608 ·
165 2573 318 2650 terpositio
336 2575 401 2634 fieri
415 2575 504 2634 dehet
519 2591 622 2634 coram
632 2575 764 2650 judices
783 2591 853 2650 quo,
869 2575 920 2650 qui
938 2574 1129 2650 sententiam,
1144 2581 1195 2635 aut

165 2663 319 2724 decretum
350 2664 455 2724 emisit.
486 2663 516 2721 Si
543 2679 616 2722 vero
643 2664 798 2739 appellans
827 2663 915 2740 hujus
937 2663 1048 2738 judicis
1075 2663 1194 2740 copiam
1262 2675 1263 2700 i

165 2751 276 2812 habere
299 2760 437 2829 nequeat,
462 2769 565 2812 coram
586 2751 686 2826 bonis,
711 2757 740 2812 et
763 2751 895 2812 honestis
920 2750 992 2810 viris
1018 2751 1118 2813 valide
1141 2771 1194 2829 ap·
1262 2775 1263 2832 j

165 2841 258 2916 pellat
272 2844 323 2914 (2).
1262 2847 1263 2856 ’

197 3004 233 3069 (1)
249 3003 313 3068 Cap.
328 3003 366 3068 15,
381 3004 414 3057 de
429 3006 496 3057 sent.
515 3007 541 3056 et
555 3019 584 3057 re
596 3003 679 3070 indic.
699 2961 729 3056 et
750 3018 809 3070 cap.
824 3005 848 3069 8,
863 3004 896 3057 de
911 3005 1001 3072 appel.
1024 3006 1053 3057 in
1075 3007 1098 3058 6.
1114 3033 1146 3064 -,
1159 3006 1193 3070 (2)
1262 2957 1263 3006 i

167 3077 231 3142 Cap.
248 3077 288 3139 73,
303 3075 337 3128 de
352 3075 441 3143 appel.
459 3080 485 3129 et
499 3076 665 3129 Monacellus
676 3079 693 3128 t.
711 3077 747 3136 15,
761 3077 780 3126 1.
793 3075 815 3128 2.
1262 3067 1263 3100 l

201 3283 263 3338 873.
280 3276 433 3337 Secundus
450 3278 594 3338 terminus
608 3279 646 3338 ad
663 3279 807 3354 petendos
820 3280 972 3354 apostolos
987 3279 1077 3340 durat
1092 3279 1129 3338 ad
1144 3279 1192 3338 tri·

166 3365 247 3439 ginta
264 3365 338 3438 dica,
359 3365 409 3439 qui
430 3382 448 3423 a
468 3365 515 3424 die
537 3365 720 3442 interpositae
740 3365 945 3442 appellationis
959 3374 1188 3442 computantur,

166 3451 219 3508 aad
236 3452 366 3526 judeae
386 3469 445 3527 quo
467 3459 566 3527 potest
589 3453 668 3514 huuc
683 3455 840 3514 terminum
855 3453 1035 3530 restringere
1048 3461 1098 3529 (l).
1112 3461 1188 3530 Apo·
1262 3459 1263 3528 l

167 3538 234 3597 stoli
248 3539 306 3599 hoc
319 3557 390 3600 casu
410 3540 548 3600 dicuntur
569 3541 662 3603 libelli
684 3542 854 3619 dimissorii,
869 3543 932 3604 sive
954 3544 1070 3621 littera,
1084 3542 1188 3621 quibus
1262 3535 1263 3576 l
