2426 4070
488 64 628 121 ..85-

79 185 185 244 inirem
201 191 226 238 et
240 201 272 240 ax
287 187 343 238 alla
356 188 432 255 parta
445 187 551 237 Bertam
567 199 626 238 esse
637 184 719 238 illlam
733 184 876 243 hierimot
890 183 1003 237 Mariam
1013 197 1073 237 esse

79 257 135 308 iliani
148 259 269 316 Andraae,
282 259 330 324 qui
340 264 381 310 est
392 259 505 309 duarum
519 258 650 308 linearum
665 256 804 321 proximus
815 257 963 306 communis
972 254 1073 319 stipes:

78 343 120 393 ergo
136 330 159 380 hi
179 337 241 381 sunt
258 330 287 380 in
302 330 430 392 secundo,
445 336 472 380 at
485 333 562 380 tertio
577 327 819 393 consanguinitatis
838 326 923 392 gradu
936 341 944 388 ς
958 327 1092 396 ideoque,

7 403 10 410 ‘
75 399 125 451 iuter
143 415 186 453 eos
207 401 384 454 interdictum
405 407 447 452 est
469 399 680 464 matrimonium,
702 399 775 466 quod
796 402 870 464 petat
890 412 924 450 ex
948 397 1072 465 sequenti

74 471 182 526 ubertate
192 492 199 524 ι

504 567 617 694 ludices.

424 698 704 817 ΡοῑτΠώ.

425 829 518 942 alu..
627 829 704 942 Be'rta.

423 955 504 1068 Titl'tre.

96 1223 149 1280 378.
163 1223 231 1280 lure
252 1223 370 1280 naturae
389 1218 611 1279 matrimonium
632 1218 768 1278 absolute
792 1215 977 1278 interdicitur
999 1218 1078 1282 iuter

66 1309 245 1368 ascendeutes
268 1315 299 1368 et
326 1308 542 1368 descendentes
567 1309 672 1367 saltem
696 1306 725 1366 in
753 1306 849 1383 primo
874 1307 979 1383 gradu.
1015 1313 1077 1370 lloc

67 1395 134 1455 enirn
156 1395 378 1456 matrimonium
405 1399 494 1456 talem
517 1396 625 1472 ingerit
647 1395 863 1469 contusionem,
879 1413 945 1474 quae
970 1397 1077 1458 rationi

67 1485 172 1544 omuino
192 1491 342 1561 repugnat
362 1485 489 1550 :eadem
504 1485 624 1560 quidem
651 1501 716 1544 esse
739 1485 842 1561 nequit
853 1485 923 1558 fllia,
940 1492 969 1546 et
983 1503 1074 1562 uxum

65 1569 131 1631 idern
151 1580 244 1648 pater,
266 1581 296 1634 et
317 1572 458 1646 maritus,
480 1573 552 1632 alias
573 1579 657 1648 pater
675 1573 752 1632 foret
774 1573 860 1632 simul
883 1573 1030 1649 superior,
1047 1581 1077 1637 ei

65 1660 180 1734 aequalis,
207 1669 237 1721 et
256 1660 316 1720 iiiia
340 1660 468 1720 vicissim
493 1660 614 1736 aequalis
636 1659 736 1732 simul,
751 1666 781 1719 et
802 1661 928 1720 subdita.
952 1667 1077 1739 Insuper

65 1753 165 1822 natura,
179 1749 352 1824 hominique
364 1748 475 1808 inditus
487 1765 592 1807 seusus
603 1749 640 1808 ab
649 1749 695 1807 bis
707 1749 848 1809 abhorret
861 1749 982 1826 nuptiis,
998 1768 1075 1828 quae,

64 1841 91 1892 ut
107 1835 233 1897 historiae
252 1840 385 1912 gentium
413 1843 568 1908 testantur,
590 1836 731 1896 continuo
755 1843 865 1913 turpes,
893 1844 923 1897 et
943 1840 1078 1902 nelandae

1 1999 2 2004 ἵ
63 1921 156 1984 habitae
168 1933 248 1986 suut.
271 1931 439 1986 consensus
461 1925 510 1985 bio
524 1923 698 1985 universalis
711 1925 909 1987 universalem
920 1919 1075 1989 debet‘ha-

63 2009 123 2072 bere
134 2029 266 2087 oausam,
282 2031 349 2089 quae
359 2012 473 2084 nullibi,
490 2012 543 2072 nisi
559 2012 667 2090 injure
683 2013 810 2074 naturali
823 2015 980 2076 invenitur.
997 2021 1078 2080 luter

62 2097 155 2162 iratres
168 2109 269 2162 autern
283 2109 313 2162 et
326 2119 447 2162 sorores
464 2101 564 2160 verius
581 2109 637 2171 est,
660 2101 880 2164 matrimonium
892 2105 960 2180 jure
978 2106 1077 2168 adbuc

63 2190 211 2264 prohiberi,
224 2197 289 2249 tum
303 2190 371 2266 quia
395 2190 425 2249 id
444 2189 535 2250 dictat
555 2191 605 2248 lex
619 2190 753 2266 pudoris,
768 2198 831 2252 turn
845 2193 914 2268 quia
927 2193 958 2253 id
972 2196 1077 2256 suadet

62 2273 160 2336 bouum
186 2278 314 2352 familiar,
330 2295 367 2337 ne
382 2277 538 2338 convictus
554 2278 743 2354 quotidianus
761 2280 859 2340 foedos
875 2282 1076 2358 congluotinet

63 2365 179 2427 allectus
196 2373 266 2427 llaec
278 2375 377 2427 tamen
392 2367 552 2444 prohibitio
572 2369 648 2444 juris
668 2369 810 2430 naturalis
824 2371 855 2430 in
871 2372 1007 2433 absoluta
1021 2389 1075 2433 ue·

63 2453 186 2516 rasitare
199 2456 288 2515 debet
303 2455 522 2526 cessare,i1tin
536 2455 602 2515 flliis
616 2457 710 2516 Adam
724 2473 785 2516 non
799 2457 862 2518 fuit.

89 2546 152 2603 lura
173 2543 308 2604 Gentium
326 2550 355 2603 et
371 2543 498 2620 positivo
525 2545 564 2604 ad
588 2545 764 2606 remotiores
791 2547 903 2622 gradus
924 2553 1077 2624 protracta

63 2632 285 2692 astruatrimonii
305 2632 382 2708 inter
407 2639 542 2708 agnatos,
558 2639 587 2692 et
608 2641 754 2710 cognatos
775 2633 952 2710 interdictio,
968 2642 1001 2697 ut
1015 2638 1076 2698 evi-

65 2722 180 2780 tarentur
202 2723 325 2781 offensae
348 2720 471 2796 pudoris
499 2737 537 2779 err
565 2723 795 2797 conjunctorum
816 2724 1012 2786 familiaritate
1039 2728 1075 2788 ti·

65 2809 172 2882 mendae,
188 2828 256 2886 quse
273 2809 491 2886 frequentiores
508 2817 618 2884 essent,
640 2811 664 2870 sl
688 2813 857 2888 hujusmodi
870 2815 943 2875 foedi
956 2831 1076 2880 amores

66 2905 170 2964 possent
183 2898 373 2958 matrimonio
388 2899 588 2973 cohonestari,
603 2906 636 2959 ut
651 2917 704 2975 per
725 2901 783 2962 hoc
796 2903 988 2965 seminarium
1003 2907 1075 2966 cha·

67 2977 151 3058 ritatis,
172 2986 202 3046 id
222 2993 268 3046 est
289 3003 341 3062 per
362 2986 596 3060 matrimonium,
617 2988 694 3048 sicut
713 2992 879 3065 appellatur
894 3011 912 3052 a
926 2999 954 3053 S.
974 3002 1075 3072 hugu-

66 3067 135 3145 stina,
147 3075 236 3152 longe
255 3077 374 3150 lateque
389 3092 444 3151 per
461 3075 566 3135 orbern
587 3076 683 3136 sancti
695 3078 934 3142 diffunderentur
957 3084 1074 3160 piarum

66 3155 234 3224 laminarum
260 3179 371 3234 mores,
396 3170 426 3222 et
454 3163 573 3222 demum
590 3166 676 3240 juxta
701 3168 821 3228 effatum
840 3175 956 3245 Poetae,
981 3179 1012 3232 ut
1035 3173 1078 3234 ex‘

64 3250 185 3324 sanguine
198 3252 296 3312 mixto
311 3258 463 3312 texeretur
477 3252 597 3312 alteruis
612 3271 651 3313 ex
664 3256 802 3330 gentibus
815 3275 876 3318 una
890 3277 1034 3337 propago.

88 3339 140 3397 379.
156 3345 231 3401 vera
244 3339 324 3420 luris
342 3339 479 3400 canonici
497 3341 622 3416 sanctio,
648 3361 706 3421 qua
720 3346 906 3422 cognationis
927 3347 1071 3408 naturalis

60 3419 180 3490 dirimens
190 3427 440 3506 impedimenaun
450 3427 598 3505 statrulur,
606 3430 730 3508 ejusque
743 3435 855 3509 gradus
869 3433 1071 3496 determinan-
