2410 4068
444 171 613 230 ...soe-

37 288 101 362 opud
117 290 230 364 sedem
259 291 326 366 quia
349 308 433 354 mors
460 295 554 354 ciritio
581 297 671 356 morti
693 293 821 356 naturali
844 295 1034 372 assimilatur,

15 429 16 432 ,
37 375 127 451 ctqoia
145 385 247 454 ectus,
268 380 319 456 qui
337 383 506 458 completur
524 383 555 442 in
572 384 658 444 Curia
675 385 842 460 completur
855 385 945 445 etiam
959 385 1040 463 apud

37 465 129 525 sedem.
155 469 293 540 Quamvis
320 476 421 530 tamen
447 471 525 532 iuter
555 479 716 549 utrumque
744 474 809 533 haeo
837 474 945 534 existat
973 473 1038 534 affl-

36 551 103 628 nitas‚
124 555 180 616 dno
206 575 288 632 rere,
313 565 343 619 et
370 577 490 636 semper
509 560 649 622 dictincta
673 569 753 638 sunt,
779 570 809 623 et
827 563 908 640 quod
930 562 1039 624 dicitnr

37 642 65 700 do
75 661 135 718 uno,
146 646 184 705 de
197 644 257 706 alio
270 646 328 708 dici
340 649 461 726 ‚nequit
485 649 559 710 Hinc
577 651 607 710 in
621 667 731 726 genere
748 657 778 712 et
795 653 855 712 lsto
871 669 963 713 sensu
980 651 1039 712 dici

38 738 114 804 potest
131 735 277 796 beneficis
294 737 433 797 vacantia
450 739 529 815 apud
547 739 654 798 sedem
671 756 726 815 per
746 739 859 800 obitum
872 742 1039 801 naturalem

37 835 119 881 vocare
132 823 218 884 etiam
238 825 269 884 in
286 825 389 900 Curia3
406 843 466 887 non
489 845 560 888 aero
578 826 703 904 proprio
717 835 747 890 et
761 830 863 890 stricto
877 847 968 890 sensu
980 829 1038 890 dici

37 915 124 984 potest,
148 912 295 976 beneficia
319 915 350 975 in
377 916 461 976 curio
483 934 538 994 per
564 924 666 978 actum
687 916 728 978 ibi
750 919 904 994 expletum
929 935 1057 980 vacara-

37 1000 95 1071 opud
118 1003 239 1080 sedem,
263 1004 307 1064 ita
335 1011 369 1065 ut
390 1004 461 1066 inde
484 1007 573 1082 huius
595 1007 719 1066 effectus
743 1005 907 1068 voconoois
929 1023 1037 1082 sequa·

36 1091 71 1145 oo
84 1092 143 1164 (rr).

56 1269 83 1332 (i)
95 1271 183 1327 Sextus
206 1276 402 1345 Decretalium,
416 1279 448 1328 ut
462 1278 528 1330 alibi
541 1278 669 1339 vidimus,
683 1277 768 1330 codex
791 1283 833 1331 est
846 1278 935 1344 legum
949 1277 1036 1330 ecolo-

34 1339 163 1396 siasticum:
177 1360 248 1398 nam.
258 1347 303 1399 hic
316 1349 410 1408 codas,
425 1353 456 1400 ut
476 1349 545 1401 alter
560 1350 719 1415 praecedens
738 1351 919 1403 Decretaiinm
933 1351 1035 1415 Grego-

34 1410 58 1460 rii
68 1413 99 1463 tx
110 1418 236 1479 probatus
250 1433 267 1470 a
282 1419 311 1473 S.
329 1419 398 1472 Sede
412 1421 471 1482 init,
489 1425 517 1472 et
530 1421 700 1473 authenticus
713 1421 875 1474 declaratus.
888 1422 958 1474 Aiiae
971 1436 1036 1474 vero

35 1482 175 1540 collectiones
189 1490 282 1554 legum
296 1492 377 1542 etiam
395 1492 422 1542 in
432 1505 545 1559 corpore
556 1492 628 1558 juris
645 1492 848 1558 comprehensae
864 1507 952 1558 neque
972 1507 1035 1559 pro·

35 1550 94 1618 bots,
108 1572 192 1625 neque
207 1561 373 1614 authenticae
388 1563 464 1624 sunt3
479 1568 506 1614 et
520 1563 580 1616 ideo
593 1564 789 1616 reservationes
803 1565 837 1615 ab
851 1565 1036 1632 Extrsvagan·

35 1624 88 1678 tibus
98 1631 207 1684 inducte
218 1637 297 1684 extra
306 1647 403 1698 corpus
412 1635 486 1699 jn'ris
498 1647 559 1686 asse
569 1635 705 1694 dicuntur,
716 1641 828 1700 excepte
838 1636 1035 1701 Extrsrngante

35 1695 62 1746 it
72 1697 172 1754 tomani
181 1703 215 1754 de
230 1705 370 1769 praebend.
387 1717 450 1770 quae
463 1705 670 1757 tundamentum
681 1706 800 1759 habetin
814 1719 876 1772 cap.
891 1709 933 1768 56,
943 1708 976 1760 de
986 1721 1034 1773 ap-

36 1767 79 1827 peti.
95 1769 201 1826 Gonzale
214 1773 252 1826 ad
265 1789 322 1840 reg.
337 1777 366 1839 8,
381 1777 488 1828 Gonoel.
502 1776 574 1828 Glos.
588 1775 627 1839 52,
639 1791 666 1826 n.
682 1777 696 1827 7
715 1783 741 1828 et
755 1775 778 1827 9.
789 1803 820 1814 -
833 1779 868 1842 (2)
884 1780 948 1844 Gap.
961 1779 986 1841 6,
999 1779 1034 1830 de

36 1840 143 1898 orarent.
155 1845 182 1896 in
197 1845 222 1897 6.
241 1873 268 1882 -
284 1848 320 1910 (3)
336 1847 402 1912 Cap.
420 1848 459 1906 34,
478 1847 537 1910 eod,
555 1848 583 1898 in
598 1848 621 1897 6.
639 1847 787 1898 Curiatium
807 1862 914 1914 quoque
927 1849 1033 1900 henefi-

37 1907 112 1963 ciasnb
124 1913 170 1965 hac
189 1917 457 1982 comprehenduntur
474 1917 577 1983 regula,
591 1919 699 1969 etiamsi
713 1919 798 1970 Sedes
812 1920 968 1985 Apostolics
983 1934 1033 1971 va-

38 1983 71 2055 iet,
84 1990 106 2033 ct
117 1987 230 2040 curiales
247 1989 283 2038 ab
296 2001 329 2040 aa
343 1987 470 2040 recedant
488 1989 723 2054 peregrinationis,
738 1989 911 2049 infirmitatis,
927 2003 1033 2042 recrea-

37 2051 100 2112 flissit
112 2067 154 2108 aut
165 2059 221 2110 alia
242 2072 413 2126 quacumque
425 2074 518 2125 causa,
534 2059 613 2112 modo
628 2060 656 2111 in
668 2059 725 2112 loon
738 2060 827 2112 ricino
847 2075 902 2114 non
915 2061 1035 2114 habeant

37 2117 116 2178 tionum
130 2132 278 2196 propriam,
293 2135 317 2182 et
337 2131 375 2182 ibi
390 2132 530 2186 decedent
548 2132 613 2196 Gap.
629 2133 653 2194 3,
668 2133 702 2183 do
718 2134 803 2197 proco.
820 2133 847 2183 in
859 2133 882 2184 6.
903 2133 980 2186 idern
992 2134 1033 2184 di·

37 2193 121 2248 unium
133 2201 155 2251 si
167 2201 250 2252 Curia
259 2201 292 2253 ds
306 2203 364 2254 loeo
378 2203 406 2254 in
420 2203 508 2254 locum
518 2203 707 2262 transferatur,
722 2207 753 2254 ut
767 2217 828 2256 cum
842 2205 973 2256 translata
983 2203 1034 2256 fuit
1076 2251 1078 2258 .

15 2317 19 2324 ,
36 2259 169 2321 irmionem
190 2273 218 2322 in
237 2271 334 2336 Gallia,
354 2277 381 2324 et
402 2275 518 2325 curiales
539 2275 692 2325 moriantur
711 2273 740 2324 in
763 2276 900 2340 sequendo
914 2277 1033 2340 Curiam,

36 2338 67 2383 aut
75 2336 159 2392 infirmi
172 2347 333 2396 remaneant
346 2345 374 2396 in
384 2343 450 2404 loco,
462 2357 478 2396 a
491 2359 545 2412 quo
560 2346 641 2396 Curia
656 2345 767 2397 recedit.
782 2345 831 2397 Cit.
848 2359 908 2414 cap.
919 2347 942 2416 3.
954 2348 1034 2398 Alio·

36 2414 77 2479 ,mm
87 2423 140 2463 vero
152 2414 373 2467 beneficiatorum
384 2416 577 2475 accedentium,
593 2415 636 2468 vel
651 2416 835 2468 recedentium
848 2431 865 2466 a
879 2417 954 2468 curia
964 2421 1033 2468 tuno

36 2477 188 2545 niellignntur
200 2489 339 2538 reservata
349 2486 491 2548 beneficia,
506 2501 568 2539 oum
585 2487 613 2538 id
629 2487 734 2540 iaciunt
750 2487 785 2538 ad
803 2489 919 2551 nogotia,
934 2487 978 2539 vel
999 2487 1032 2538 li-

36 2545 62 2620 }ts
72 2548 187 2608 ioeadem
199 2557 283 2609 Curia
298 2557 460 2620 tractandas.
482 2557 551 2610 Neon
563 2559 586 2610 si
603 2558 657 2609 alia
671 2557 705 2610 de
720 2571 803 2614 causa
822 2557 963 2620 accedant,
976 2570 1033 2610 nou

36 2619 187 2694 intelliguntur
197 2641 293 2680 eorum
306 2629 437 2680 beneficia
448 2633 592 2680 reservata.
605 2627 783 2683 Reiffenstuol
793 2628 826 2679 da
839 2629 925 2694 prceb.
936 2641 964 2678 n.
974 2628 1029 2680 tta

36 2682 132 2762 tonitruo
145 2697 172 2748 in
180 2699 233 2750 hae
247 2699 307 2764 lege
321 2714 376 2752 non
388 2700 579 2765 intelliguntur
593 2704 731 2752 reservata
743 2698 875 2752 beneficia
887 2699 1029 2758 parochia·

36 2752 237 2821 hilinodamnum
251 2775 382 2836 aequatur
406 2772 567 2822 animarum.
593 2771 658 2836 Cap.
686 2771 726 2834 35,
747 2770 781 2822 da
804 2771 889 2835 praelo.
914 2771 942 2822 in
962 2771 986 2822 6.
1001 2797 1033 2810 -

36 2825 58 2904 (i)
68 2831 119 2898 Cap
132 2838 157 2903 3,
170 2841 205 2893 de
221 2842 362 2906 prebem.
379 2842 407 2892 in
419 2843 446 2894 6.
462 2841 530 2892 Cum
544 2847 635 2892 tamen
649 2841 711 2892 aliae
725 2841 814 2902 adhuc
830 2840 885 2894 sint
907 2855 1030 2896 reservo-

37 2898 232 2968 inunctione
250 2912 492 2978 videnturusque
512 2916 626 2978 possunt
652 2911 725 2964 hunc
744 2925 836 2964 casum
851 2914 1030 2978 comprehen-

37 2965 91 3048 disti
102 2978 157 3032 ideo
170 2983 200 3032 in
214 2983 291 3048 praxi
307 2985 389 3034 etiam
402 2989 465 3050 post
478 2997 600 3036 mensam
615 2983 742 3048 Episcopi
762 2997 816 3034 non
834 2985 934 3038 nudent
945 2985 1029 3039 hans·

36 3034 117 3100 icosio
128 3056 249 3104 vacantia
268 3055 400 3114 conferre,
424 3055 471 3106 sed
487 3068 593 3121 semper
609 3053 638 3104 in
658 3053 833 3118 dispositione
848 3055 931 3120 Papae
944 3058 1028 3110 relin-

37 3118 102 3170 munt,
115 3119 220 3187 Rigsnti
230 3125 264 3176 ad
277 3138 333 3189 reg.
351 3125 493 3188 1,Canoal.
509 3125 522 3189 t
537 3127 560 3190 t,
575 3139 603 3177 n.
618 3124 673 3176 370.
689 3153 716 3162 —
730 3126 764 3190 (5)
775 3125 815 3184 ld,
835 3126 871 3178 ib.
885 3140 913 3178 n.
928 3127 982 3181 374.
999 3157 1025 3167 -

36 3176 98 3236 (otro.
111 3189 136 3241 in
152 3195 227 3246 rubr.
242 3195 277 3246 ad
297 3197 384 3247 eamd.
402 3196 515 3260 reponit
534 3197 556 3254 1,
571 3209 598 3246 n.
616 3195 654 3247 39,
676 3221 708 3232 -
729 3196 764 3260 (Ἰ)
787 3195 827 3246 ld.
845 3197 881 3248 ib.
897 3212 925 3250 n.
940 3199 980 3250 56.
997 3225 1028 3237 -

36 3244 105 3312 (itm.
119 3275 172 3328 cap.
188 3265 213 3326 c,
225 3267 257 3318 oo
267 3267 351 3330 orso.
370 3267 431 3318 roo.
447 3291 478 3304 -
494 3266 530 3330 (a)
544 3265 617 3318 mos.
636 3267 664 3319 ro
676 3267 721 3318 ert.
738 3279 798 3332 cop.
812 3267 837 3332 o,
850 3268 884 3320 os
898 3269 983 3334 poso.
999 3271 1027 3321 ro

38 3314 116 3400 trani).
127 3329 161 3386 In
175 3337 293 3389 curiae
302 3337 353 3402 (10)
362 3338 470 3390 Extrav.
484 3335 527 3388 Ea
539 3335 626 3391 debito
640 3337 665 3400 4,
679 3337 713 3389 de
727 3337 802 3390 elect.
814 3339 862 3390 int.
875 3353 954 3398 com..
964 3351 1026 3404 quae

38 3385 172 3456 fortuitum
187 3409 350 3473 comparans.
371 3433 402 3445 -
422 3408 474 3474 (ro)
495 3407 558 3473 sap.
576 3408 615 3470 st,
631 3405 663 3460 os
680 3409 766 3474 proso.
783 3409 812 3458 on
826 3407 851 3460 a.
865 3435 896 3447 -
909 3409 960 3473 (rs)
979 3410 1025 3460 si-

39 3466 89 3518 mii
108 3474 139 3524 td
159 3489 214 3544 mg.
233 3479 257 3538 t,
278 3478 386 3532 Ganosl.
401 3477 415 3542 ᾖ
428 3477 452 3542 1,
464 3489 490 3529 n.
506 3478 545 3531 37.
567 3477 619 3534 Hic
639 3478 749 3545 insuper
766 3481 901 3542 notamus,
916 3479 1025 3534 (iuriam

39 3523 142 3596 Pramus
153 3546 190 3600 tao
199 3561 268 3611 osse.
282 3549 331 3604 nor
344 3550 403 3618 rose
414 3563 478 3602 oum
493 3563 544 3616 sos
557 3548 736 3615 cmoerroas
748 3552 776 3604 ot
788 3547 972 3606 tortosanus
981 3565 1024 3605 rs·
1069 3590 1071 3594 ‚

129 3631 162 3688 u.
431 3705 437 3716 .
887 3637 916 3690 12
