2494 4062
604 161 745 216 ..μ-

194 280 229 345 (l)
241 279 305 346 Gap.
320 281 344 332 2.
363 281 414 344 Qui
429 279 465 334 ill.
481 281 545 340 sint,
560 281 634 348 legit,
652 285 679 333 et
692 281 743 333 hoc
757 279 930 332 confirmatur
942 291 959 330 a
969 277 1036 331 lure
1055 276 1137 329 civili.
1150 303 1185 316 -

143 349 198 426 ,(9)
212 349 387 404 Reiffenstual
411 350 446 402 ad
464 353 505 402 tit.
525 353 578 414 Qui
598 353 633 404 til.
659 354 713 404 sint
733 352 807 417 legit.
824 366 851 402 u.
866 351 905 402 36.
918 377 949 390 -
971 349 1005 415 (3)
1028 349 1093 414 Gap.
1108 349 1133 406 6,
1148 347 1184 400 de

160 421 239 546 2323·
253 435 347 488 appas.
362 427 388 474 et
402 435 459 490 cap.
476 425 506 476 15
520 429 546 474 et
562 423 600 488 30,
616 425 649 476 da
664 437 754 490 spons.
772 451 803 461 -
816 423 851 490 (l)
864 422 935 474 Sess.
948 421 988 487 tl,
1004 435 1027 473 c.
1042 421 1066 481 l,
1079 421 1113 472 de
1128 420 1180 471 rel.

195 709 258 766 att.
278 705 493 767 Matrimonium
508 704 696 766 conscientiae
711 711 755 764 est
769 704 853 777 illud,
869 703 950 780 quod
964 719 1065 764 coram
1077 703 1184 764 Eccle-

162 795 215 869 sia,
230 803 260 856 et
273 795 312 858 ad
325 797 451 865 tonnam
465 795 625 856 Tridentini
644 794 828 854 contrahitur
842 810 878 852 ea
891 795 968 868 lege,
984 798 1017 851 ut
1031 793 1185 852 occultmu
1216 819 1223 826 ·

162 891 280 944 maneat
295 889 345 957 (t).
361 885 533 946 Necessaria
545 885 575 944 iu
595 901 631 946 eo
645 891 691 943 est
704 883 812 959 gravis,
828 899 948 956 urgens,
964 887 994 940 et
1008 879 1184 956 urgentissi-

160 989 209 1032 ma
224 991 314 1034 causa
331 991 390 1034 nort
412 993 430 1033 a
450 975 593 1050 parocho,
609 973 662 1032 sed
677 973 714 1032 ab
729 971 883 1032 Ordinatio
899 969 1052 1046 probanda
1068 973 1119 1040 (ἓ),
1136 969 1183 1028 di-

160 1061 257 1137 ligens
271 1061 421 1139 inquisitio
435 1080 525 1138 super
539 1061 690 1138 qualitate,
705 1061 809 1137 gradu,
830 1066 860 1119 et
873 1057 1041 1119 conditione
1054 1075 1183 1133 sponso·

160 1167 229 1210 rum
242 1155 292 1224 (3),
309 1153 390 1223 clara
404 1160 434 1211 et
447 1151 568 1210 indubia
582 1150 718 1227 probatio
738 1156 832 1208 status
851 1146 944 1220 liberi,
962 1145 1142 1222 dispensatio
1163 1165 1184 1206 a

162 1238 287 1314 publicis
305 1235 592 1312 denunciationibus,
614 1239 752 1315 specialis
768 1236 915 1298 ordinarii
929 1235 1098 1296 commissio
1113 1234 1184 1296 data

161 1329 359 1403 parocho,uel
369 1330 451 1388 alteri
464 1328 612 1388 sacerdoti
624 1326 782 1388 assistendi
790 1324 978 1385 matrimonio
987 1323 1139 1399 privatim(
1159 1327 1182 1398 ),
1225 1350 1228 1356 ·

162 1417 330 1476 observatio
341 1417 449 1476 silentii
463 1415 565 1494 quoad
576 1415 681 1475 omues
687 1407 875 1485 assistentes,
888 1419 919 1472 et
933 1417 1129 1488 cooperantes
1142 1413 1181 1472 ad

161 1503 260 1580 ipsum
275 1510 326 1577 (ὅ),
347 1513 376 1564 et
395 1507 515 1564 demum
528 1505 679 1579 inscriptio
699 1503 839 1564 celebrati
861 1501 1040 1562 matrimonii
1062 1501 1093 1560 in
1105 1501 1182 1562 libro

161 1592 305 1668 peculiari
319 1593 348 1652 iu
364 1594 429 1669 ipsa
443 1595 525 1654 curia
539 1599 683 1670 perpetuo
698 1592 890 1652 asservando.

199 1685 269 1752 Qus
281 1681 480 1752 tridentinum
494 1682 531 1741 ad
545 1680 725 1741 matrimonii
739 1679 919 1739 validitatem
931 1677 1063 1756 requirit,
1080 1678 1109 1737 in
1123 1678 1184 1737 hoc

162 1767 252 1827 etiam
263 1769 451 1829 matrimonio
465 1771 611 1828 habentur
628 1787 634 1827 :
650 1785 720 1827 nam
733 1769 817 1828 adest
829 1769 986 1844 parochus,
1002 1769 1049 1826 vel
1063 1768 1183 1842 delaga-

162 1861 210 1916 tus
224 1857 261 1916 ab
276 1857 440 1931 ordinario,
456 1859 563 1918 adsunt
576 1857 636 1916 duo
650 1859 755 1916 saltem
775 1862 864 1916 testes
879 1861 930 1939 (6),
952 1855 1107 1914 adhibetur
1120 1856 1185 1914 lor-

162 1945 242 2004 mula
256 1945 439 2021 praescripta,
456 1953 486 2006 et
497 1963 567 2005 vere
581 1961 684 2005 coram
697 1945 828 2003 Ecclesia
851 1944 1028 2017 celebratur,
1049 1944 1118 2003 licet
1132 1943 1185 2003 ilat

162 2040 279 2092 secreto
294 2033 325 2092 in
339 2033 465 2093 eeclesia
481 2017 556 2111 ipsa,
574 2035 623 2092 vel
642 2033 722 2106 alibi,
737 2050 775 2091 ne
792 2033 853 2092 ulla
875 2033 1083 2092 celebrationis
1104 2033 1184 2092 noti-

162 2119 212 2195 tia,
227 2123 276 2180 uel
289 2139 393 2182 rumor
406 2123 527 2182 oriatur.
548 2129 708 2198 Propterea
729 2123 787 2180 hoc
808 2121 1030 2181 matrimonium
1048 2137 1110 2180 non
1129 2121 1184 2181 de·

163 2207 303 2268 scribitur
320 2210 350 2268 in
365 2210 451 2270 solito
466 2211 667 2286 parochorum
678 2209 765 2282 libro,
787 2207 819 2269 in
838 2227 898 2286 quo
921 2209 978 2268 alia
995 2209 1185 2270 matrimonia

163 2295 387 2369 describuntur3
409 2315 480 2358 nam
493 2314 547 2374 per
560 2298 620 2357 hoc
632 2297 712 2357 illico
726 2298 811 2356 fieret
825 2297 994 2373 publicum3
1010 2299 1063 2356 sed
1081 2299 1111 2356 iu
1126 2297 1184 2358 alio

139 2377 142 2382 ’
163 2383 307 2459 peculiari
320 2385 407 2458 libro,
430 2403 518 2462 quem
532 2386 705 2447 ordinarius
723 2386 753 2445 in
768 2403 822 2444 sua
847 2385 930 2444 curia
944 2388 1043 2445 servat
1065 2403 1185 2461 semper

164 2473 309 2547 clausum,
324 2474 425 2550 sigillis
443 2469 641 2552 obsignatum,
656 2481 686 2535 et
712 2481 798 2534 caute
817 2474 997 2536 custoditum
1018 2479 1068 2548 (7).
1083 2479 1185 2550 Neque

163 2561 213 2621 bic
226 2560 301 2620 liber
313 2569 412 2638 potest
425 2564 533 2640 aperiri
546 2563 659 2640 absque
675 2561 820 2623 Ordinarii
836 2561 963 2636 licentia,
979 2569 1009 2622 et
1017 2564 1097 2639 justa
1112 2579 1183 2622 eau-

164 2665 208 2723 sa,
222 2655 256 2709 ut
271 2656 352 2726 puta,
368 2651 394 2710 si
407 2651 485 2711 aliud
509 2653 538 2711 in
555 2668 592 2712 eo
607 2651 703 2712 simile
722 2651 759 2710 sit
782 2651 1013 2711 describendum
1031 2651 1184 2712 matrimo-

163 2737 256 2812 nium,
271 2740 320 2798 vel
334 2756 373 2798 ex
386 2757 423 2799 eo
437 2739 547 2815 aliquid
561 2740 599 2800 sit
614 2740 851 2816 depromendum
863 2741 1088 2814 documentum,
1105 2743 1185 2817 quod

163 2826 314 2886 nullaalia
337 2827 451 2887 ratione
477 2838 565 2904 queat
581 2827 713 2904 suppleri
728 2833 778 2900 (8).
798 2829 852 2888 Ubi
874 2845 914 2888 ex
938 2828 984 2888 his
1008 2829 1185 2906 conjugibus

162 2913 264 2988 proles
276 2921 426 2988 nascatur,
441 2915 663 2991 ea'baptismate
682 2917 886 2992 regeneranda
900 2923 946 2977 est
967 2917 997 2977 in
1020 2934 1074 2976 sua
1095 2936 1183 2994 paro·

164 2999 241 3073 chia,
255 3003 343 3076 lacta,
359 3003 406 3080 vel
427 3020 488 3063 non
507 3004 585 3062 facta
598 3004 750 3063 mentione
764 3011 920 3080 parentum
940 3008 991 3078 (a).
1013 3005 1070 3065 sed
1088 3013 1183 3081 pater,

164 3088 221 3161 vel,
249 3105 285 3148 eo
306 3090 457 3164 defuncto,
482 3098 578 3150 mater
596 3091 684 3151 debet
705 3093 804 3151 stetim
825 3093 1185 3154 Ordinario.deuunciare

162 3177 280 3252 prolem
294 3195 313 3235 a
325 3193 358 3236 se
372 3185 480 3251 natam,
495 3185 524 3238 ot
537 3178 713 3254 baptizatam
729 3179 896 3240 exhibendo
909 3182 1088 3242 docmnenta
1102 3199 1186 3242 com-

167 3263 322 3340 probantia
340 3267 455 3341 prolem
468 3267 519 3327 tali
532 3267 598 3326 loco
619 3274 649 3326 et
664 3275 797 3344 tempore
812 3276 922 3342 natam,
942 3279 972 3330 et
994 3270 1182 3345 baptizatam,
1202 3329 1203 3332 ,

167 3367 233 3410 esse
247 3369 317 3412 vera
331 3353 503 3430 legitimam,¹
515 3361 546 3414 et
559 3373 598 3414 ex
616 3373 689 3416 vero
702 3357 891 3416 matrimonio
912 3365 1027 3417 secreto
1044 3375 1183 3434 procrea-

168 3443 228 3498 tam
242 3444 311 3514 (tu).
327 3445 395 3502 llaec
409 3459 481 3502 uero
497 3442 666 3516 nativitatis,
681 3451 711 3504 et
728 3445 866 3522 baptismi
884 3445 1062 3506 documenta
1080 3445 1110 3504 in
1125 3446 1182 3506 alio

167 3527 303 3603 apposite
316 3528 393 3592 libro
404 3529 532 3592 fideliter
542 3531 766 3593 umscribenda
779 3541 858 3608 sunt,
875 3532 934 3610 qui,
950 3541 984 3594 ut
1002 3535 1076 3595 alter
1091 3551 1183 3610 supe·
