2432 4078
32 303 91 364 elan
102 307 248 382 conductas,
270 307 327 372 nisi
340 311 417 372 adsit
430 321 552 388 pactum
571 312 602 372 in
616 311 809 387 contrarium,
824 313 918 374 locari
930 331 1000 390 pos·

32 401 76 452 sunt
86 399 125 466 (t).
139 403 228 473 Opera
240 415 322 474 vero,
338 417 405 476 quae
426 401 520 462 locari
534 407 642 476 potest,
659 402 748 462 debet
760 419 829 464 esse
842 402 1003 476 illiberalis,

32 489 50 540 et
61 483 167 558 honam,
179 488 220 548 uti
232 495 276 550 est
288 506 381 566 opera
399 490 511 564 famuli,
527 490 651 567 opificis,
668 497 698 555 et
713 491 891 552 mercenarii
909 511 916 550 :
935 508 1005 554 nam

31 585 90 645 opera
101 573 223 650 liberalis,
246 581 276 636 et
289 593 356 652 quae
369 577 489 653 ingenio
509 578 694 656 producitur,
710 579 804 640 locari
822 597 881 640 non
895 587 1005 656 potest,

31 661 74 734 quia
92 665 245 726 mercedem
269 683 331 728 non
355 667 493 742 admittit,
522 668 577 728 sed
601 674 714 728 tantum
737 669 929 728 honorarium
952 673 1004 742 (t).

31 753 166 830 Quandoque
176 762 274 816 tamen
288 757 404 818 locatur
416 775 493 834 opus
507 775 562 834 pro
582 764 664 817 certa
677 757 819 839 mercede
827 758 1005 832 laciendum,

30 845 49 897 nt
60 841 77 899 si
88 843 143 918 quis
154 862 219 906 oum
235 845 425 909 oaementario
439 847 617 923 paciscatur,
637 853 670 908 ut
685 847 740 906 sibi
758 853 909 924 procerte
926 863 1006 908 mer-

28 929 73 990 cede
88 932 195 994 domum
213 935 363 996 aediflcet:
384 935 448 996 haec
463 935 573 996 locatio
600 935 700 1011 operis
718 951 828 996 novam
850 936 1006 996 locationis

29 1019 118 1092 nedem
129 1023 288 1096 constituit,
302 1023 341 1084 de
356 1041 415 1100 qua
430 1023 604 1098 consulendi
618 1030 687 1084 sunt
699 1029 850 1084 Doctores.

46 1108 145 1170 lterum
164 1112 357 1175 substantiale
374 1113 463 1187 hujus
481 1118 653 1173 contractus
677 1118 722 1172 est
735 1127 863 1186 merces,
888 1128 955 1188 qrrae
976 1112 1008 1172 in

27 1198 114 1271 pecunia
132 1208 285 1278 numerata
305 1201 482 1278 regulariter
504 1202 668 1262 consistere
689 1201 795 1274 dehet,
816 1201 889 1260 alias
905 1207 1010 1277 posset

26 1283 99 1346 locatio
118 1291 274 1350 conductio
288 1290 320 1349 in
337 1296 522 1350 contractum
536 1289 751 1349 innominatum
765 1291 956 1366 degenerare,
976 1296 1009 1349 ut

25 1373 96 1450 niquis
106 1379 212 1440 locaret
226 1395 333 1456 agrum
347 1397 445 1453 suum,
463 1387 497 1439 ut
511 1380 635 1440 colonus
650 1379 809 1456 quotannis
822 1396 941 1455 aequum
957 1380 1009 1439 da·

26 1468 58 1521 ut.
70 1465 249 1531 Nihilominus
263 1469 397 1528 moribus
410 1468 577 1545 praesertim
591 1467 700 1528 nostris
720 1475 891 1528 contractus
905 1485 1010 1528 cense-

26 1554 54 1608 tur
66 1553 204 1616 locationis
223 1562 254 1618 et
272 1557 489 1632 conductionis,
511 1557 536 1616 si
556 1558 714 1618 conventio
737 1557 777 1616 ita
800 1556 862 1631 flat,
881 1564 914 1617 ut
937 1574 1010 1617 con-

26 1638 96 1702 ductor
119 1645 344 1706 determinatam
376 1647 524 1706 fructuum
555 1646 733 1723 portionem,
762 1663 810 1706 ex.
838 1663 883 1722 gr.
918 1663 1012 1706 unum

25 1733 143 1801 quotannis
163 1735 307 1796 frumenti
331 1735 466 1794 modium
479 1723 604 1794 locato'ri
625 1735 694 1794 loco
719 1735 853 1810 pecuniae
879 1736 1008 1810 tribuat3

25 1812 64 1876 hnc
76 1825 164 1882 tamen
182 1823 335 1886 fructuum
358 1823 456 1900 portio
474 1823 513 1882 ad
532 1823 690 1883 locationis
714 1823 895 1885 validitatem
919 1824 1009 1884 debet

25 1912 187 1974 oteomuiuo
207 1919 301 1987 certa,
324 1919 354 1972 et
372 1913 580 1985 determinata,
602 1918 633 1972 et
648 1913 674 1972 si
695 1930 751 1989 pro
772 1921 854 1973 certa
875 1913 1013 1989 portione

24 1995 186 2066 pacisceretur
198 2003 351 2062 fructuum
362 2001 515 2074 medietas,
531 2017 597 2077 quae
610 2017 728 2076 semper
741 2001 855 2061 incerta
870 2007 924 2074 est,
940 2018 1014 2061 con·

24 2081 96 2148 ductor
116 2107 176 2150 non
194 2096 276 2152 esset
294 2089 465 2165 simpliciter
479 2091 612 2162 colonnia,
629 2090 682 2150 sed
701 2091 826 2150 colonus
837 2091 1011 2167 partiarius3

25 2177 42 2230 et
50 2184 204 2240 contractus
218 2179 257 2240 de
272 2179 413 2239 societate
427 2177 627 2256 participaret,
642 2179 680 2240 ad
698 2197 788 2256 quam
805 2196 884 2242 unus
898 2181 1015 2240 confert

24 2275 98 2336 rueras
111 2275 140 2330 et
159 2271 238 2330 alter
251 2285 324 2329 rem.
431 2307 434 2316 ·

41 2417 66 2482 ll)
76 2421 181 2475 locator
195 2422 298 2475 dicitur
312 2421 359 2488 qui
375 2435 433 2472 rem
442 2419 571 2472 utendam
585 2420 676 2482 tradit,
694 2422 722 2471 et
737 2419 889 2472 mercedem
899 2419 1015 2486 accipin
1100 2438 1102 2443 ·

19 2490 130 2544 mductor
143 2507 219 2557 vero,
235 2493 282 2560 qui
298 2505 354 2544 rem
368 2490 496 2544 utendam
511 2492 618 2558 accipit,
633 2497 660 2544 et
672 2491 825 2546 mercedem
838 2491 929 2542 solvit.
942 2491 1013 2542 Gon-

20 2554 85 2612 duetor
98 2564 210 2630 insuper
227 2564 325 2616 dicitur
338 2564 453 2626 cotenus,
471 2564 494 2614 sl
520 2577 624 2628 agrum,
641 2569 668 2616 et
685 2552 882 2628 taruannensi
904 2555 1016 2612 domum

20 2628 217 2688 ueniundum
232 2635 373 2699 conducat,
389 2639 417 2688 et
442 2633 607 2700 publicanus,
626 2635 649 2686 si
666 2633 776 2700 publica
786 2633 917 2686 conducat
935 2633 1015 2684 vecti·

21 2702 75 2762 nlla
88 2707 163 2771 Nota,
184 2707 308 2765 clericos,
322 2719 377 2758 non
398 2719 479 2772 posse
501 2707 573 2757 bona
588 2705 718 2757 laicorum
740 2704 900 2768 conducere,
914 2703 968 2755 nisi
988 2703 1017 2754 in

20 2776 105 2834 praeno
116 2777 289 2832 necessitate.
305 2777 492 2842 Gard..Soglia
505 2777 570 2828 Inst.
582 2777 638 2842 jur.
652 2777 721 2842 priv.
734 2773 747 2840 fl
763 2775 815 2828 lli.

38 2955 86 3014 tn.
104 2960 148 3018 Ex
163 2956 236 3034 jure
250 2971 336 3016 sacro
360 2970 414 3030 per
431 2953 658 3030 dispositionem
684 2951 816 3028 Gregorii
831 2955 868 3012 lll
881 2953 922 3024 (l)
938 2951 1019 3014 circa

18 3037 188 3120 thligationes
203 3061 244 3105 ex
257 3043 316 3104 hoc
329 3049 486 3104 contractu
506 3049 663 3102 nascentes
676 3041 742 3102 haec
755 3039 924 3118 specialiter
947 3058 1019 3102 con·

17 3128 91 3192 tituta
103 3141 190 3194 sunt:
206 3139 236 3192 l⁰
251 3132 276 3192 si
294 3131 434 3192 sterilitas
452 3129 523 3190 vitio
540 3124 595 3203 rei,
611 3136 640 3190 et
656 3132 725 3191 'sine
735 3132 824 3206 culpa
838 3129 950 3204 coloni,
966 3147 1021 3190 seu

17 3231 67 3279 esu
78 3223 199 3284 fortuito
214 3221 371 3299 producta,
383 3235 525 3296 maguum
536 3220 677 3280 damnum
692 3220 800 3280 colono
814 3221 927 3293 afferat,
941 3235 1019 3278 mer-

17 3319 111 3384 tetpro
129 3319 196 3372 rata
218 3317 265 3370 est
277 3309 320 3369 illi
334 3308 542 3382 condonanda,
564 3305 621 3367 nisi
639 3307 777 3368 sterilitas
801 3323 869 3369 cum
887 3306 1022 3365 ubertate

17 3401 197 3472 precedentis,
212 3400 260 3459 vel
284 3396 492 3475 subsequentis
521 3396 591 3456 anni
618 3398 716 3457 valeat
740 3393 927 3472 compensari
956 3395 1019 3464 (ῆς

17 3485 66 3545 rai
77 3489 238 3550 necessitas
252 3488 311 3548 alio
320 3489 412 3548 modo
427 3504 487 3547 non
501 3485 664 3546 avertenda
676 3484 866 3563 superveniat
883 3479 1021 3552 locatori,

17 3583 93 3646 nter
102 3576 284 3656 inquilinum
296 3575 386 3638 domo
405 3577 505 3636 locata
522 3573 649 3651 privare,
664 3580 698 3634 ut
716 3589 784 3634 eam
804 3572 881 3646 ipse,
897 3569 947 3630 vel
967 3567 1023 3632 ali·
