2426 4070
495 151 653 210 ...105-

83 271 110 336 (l)
120 271 318 326 'tridentinum
332 273 504 340 precipitat
516 272 701 339 imposterum,
714 275 861 340 concocunt
872 270 1081 326 matrimonium

61 343 228 406 miratatur,
245 349 292 398 ter
309 359 330 397 α
346 345 456 411 proprio
478 344 693 398 contrahentium
709 343 824 411 parocho
841 343 925 396 triam
946 343 1081 398 continuit

58 412 129 465 duim
142 414 250 478 [ulicis
266 417 302 470 in
321 416 430 470 coemtio
444 417 519 470 inter
533 417 680 468 missorum
694 415 832 476 naumain.
850 414 952 481 maitiae
975 415 1079 467 mauu·

59 484 134 544 tiator,
147 485 222 538 inter
235 501 308 553 quoa
317 487 527 542 matrimonium
539 488 573 541 sil
586 485 817 542 contrahendam.
835 487 908 539 Sese.
923 485 963 550 ti,
971 498 995 538 c.
1010 485 1033 552 l,
1045 485 1080 540 de

58 556 96 607 rel.
107 562 180 608 matr.
195 585 229 596 -
241 557 282 624 (t)
294 558 369 610 Trid.
385 558 445 611 eoi.

91 754 141 810 ltl.
160 752 418 814 Denunciationes
429 752 580 831 predicta
593 771 612 814 a
623 754 793 815 Tridentino
804 733 997 830 praescriptae,
1010 767 1078 827 qua

65 841 233 915 appellantur
247 841 343 903 etiam
356 843 466 917 bonna,
480 842 643 904 formaliter
655 850 725 904 sunt
737 842 891 916 iaciendas,
910 847 944 901 ut
957 838 1078 916 impedi·

63 939 155 1002 meam,
170 929 196 988 si
210 947 284 1006 quae
300 930 378 990 inter
396 931 606 992 contrahentes
625 938 705 1006 sunt,
721 932 898 1007 detegantur
911 933 961 1002 (l),
982 927 1078 989 tribus

65 1015 151 1077 diebus
172 1020 290 1079 festivis
308 1019 466 1094 continuis,
481 1021 522 1080 ita
544 1019 640 1080 tamen
660 1027 694 1081 ut
710 1021 788 1081 inter
810 1035 912 1092 unam,
928 1017 1078 1092 aliamque

64 1105 314 1168 denunciationem
328 1126 388 1169 una
402 1111 508 1170 saltem
527 1108 592 1170 dies
611 1109 761 1171 interfluat
773 1109 868 1168 libera
884 1111 936 1180 (t),
951 1106 982 1165 in
1001 1120 1076 1164 una·

64 1211 165 1272 quaque
178 1196 328 1274 parochia
342 1202 395 1271 (3),
407 1198 437 1256 in
452 1215 511 1275 qua
524 1199 627 1275 sponsi
639 1199 750 1258 habent
763 1197 946 1258 domicilium
960 1193 1077 1254 habita·

64 1282 146 1358 ionis,
161 1293 212 1346 aiat
227 1285 515 1363 quasi-domicilium
533 1291 584 1360 (t).
606 1287 636 1348 si
661 1304 733 1347 vero
756 1286 939 1347 domicilium
963 1299 1076 1360 nuper-

65 1372 341 1450 immutaverint,
367 1377 453 1451 juxta
481 1377 577 1437 Galliae
606 1376 851 1437 consuetudinem
875 1375 906 1434 in
927 1373 1024 1451 prima
1046 1376 1076 1432 et

68 1463 180 1524 mcunda
190 1464 337 1540 parochia
349 1465 425 1524 fiunt
438 1465 693 1540 denunciationes,
704 1464 754 1525 uhi
768 1483 787 1525 a
800 1470 913 1525 mutato
924 1461 1075 1523 domicilio

67 1565 110 1610 sex
124 1569 240 1614 menses
260 1554 444 1630 praeterlapsi
460 1555 595 1614 nondum
609 1554 668 1614 sint
685 1574 691 1612 :
714 1553 782 1614 alibi
796 1554 859 1614 aliae
875 1553 1072 1613 observantur

69 1642 301 1714 consuetudinem
318 1642 372 1702 sed
386 1642 566 1717 ordinarius
584 1643 608 1702 sl
630 1642 772 1718 expedire
789 1642 945 1719 judicaret,
970 1643 1074 1717 posset
1116 1668 1122 1680 ·

69 1743 168 1804 semper
185 1749 243 1808 pro
265 1737 392 1806 utraque
414 1731 557 1806 parochia
578 1730 823 1791 denunciationes
842 1729 1031 1807 praecipere(
1050 1729 1072 1793 l.

69 1827 174 1888 Peracta
194 1830 316 1889 demum
334 1828 445 1903 iulfima
464 1828 701 1903 denunciatione,
721 1829 898 1905 regulariter
920 1845 973 1904 per
993 1827 1074 1886 diem

69 1914 150 1976 adhuc
167 1923 213 1977 est
233 1917 464 1994 expectandum,
478 1925 512 1978 ut
533 1919 660 1993 valeant,
680 1918 731 1995 qui
752 1918 927 1994 agnoverint
948 1914 1074 1991 impedi-

69 2011 183 2065 mentum
196 2007 350 2080 dirimena,
369 2013 420 2066 aut
433 2013 549 2068 tantum
562 2006 726 2083 impediens
739 2005 930 2068 denunciare.
946 2007 1075 2065 Effectus

69 2107 126 2152 nero
136 2095 396 2156 denunciationem
409 2096 497 2155 durat
510 2096 549 2156 de
559 2098 626 2170 iure
641 2095 792 2156 communi
807 2096 845 2155 ad
858 2101 984 2171 quatuor
993 2110 1073 2155 meu·

70 2191 192 2259 sapon
210 2183 290 2260 quod
313 2184 457 2260 temporis
481 2185 608 2261 spatium
631 2185 873 2246 denunciationes
894 2190 963 2243 sunt
984 2199 1074 2260 repe-

71 2271 159 2347 tendae,
173 2273 214 2332 uti
231 2275 331 2333 lerunt
349 2273 440 2334 luisse
455 2291 473 2333 a
487 2279 515 2334 S.
531 2275 767 2352 congregatione
785 2274 939 2334 decisum:
954 2289 1025 2333 nam
1045 2272 1071 2332 si

72 2362 136 2420 nato
146 2369 278 2440 tempore
291 2363 444 2422 differatur
455 2364 635 2424 matrimonii
649 2364 819 2440 celebratio,
832 2363 996 2424 verendum
1014 2367 1070 2437 est,

73 2461 101 2507 ne
110 2466 179 2512 nova
188 2452 248 2511 siut
262 2451 386 2512 suborta
401 2452 614 2528 impedimenta
629 2457 639 2526 i
659 2457 680 2524 ).

96 2616 192 2680 (1)]ᾶοο
206 2618 378 2670 denunciatio
392 2619 529 2670 continere
546 2619 627 2671 debet
646 2633 753 2679 nomeu,
773 2631 938 2688 prenomen,
957 2617 1071 2670 domici·

75 2683 122 2738 liam
137 2691 355 2752 contrahentium,
369 2692 478 2741 uomina
496 2701 647 2757 parentum,
663 2697 763 2743 statum
777 2691 926 2750 viduitatis,
941 2690 963 2742 si
978 2703 1071 2742 occur·

75 2760 145 2822 utin
157 2763 261 2826 primis,
277 2765 325 2812 eut
338 2763 399 2814 aliis
415 2763 519 2827 nuptiis
537 2763 679 2827 utriusque
700 2751 800 2828 sponsi,
815 2777 848 2814 an
864 2762 898 2814 sit
910 2776 959 2827 pro
973 2761 1071 2828 prima,

75 2832 105 2878 vel
115 2833 232 2894 meando,
247 2833 290 2884 vel
309 2832 387 2884 tertia
405 2835 472 2897 vice,
487 2839 562 2884 etan
576 2834 612 2884 sit
626 2835 653 2884 in
671 2847 734 2896 uua,
748 2834 788 2885 vel
804 2833 909 2886 duabus
924 2847 972 2898 per
990 2831 1070 2885 Ordi-

76 2903 155 2954 narinm
168 2905 365 2968 dispensatum,
380 2911 410 2955 ut
423 2904 516 2956 lideles
527 2909 687 2957 moneantur
702 2906 734 2956 de
748 2905 908 2957 necessitate
924 2906 983 2956 eltae
997 2904 1072 2956 dela·

77 2970 135 3025 tionis
156 2975 294 3034 iacienda,
327 2975 360 3026 ad
385 2989 466 3042 quam
486 2977 537 3026 sub
565 2982 673 3040 peccato
695 2977 779 3040 gravi,
810 2980 837 3028 et
857 2977 885 3026 in
909 2977 1072 3042 quibusdam

77 3041 211 3097 diecesibus
225 3047 276 3096 sub
289 3059 369 3111 poena
392 3047 672 3098 excommunicationis
689 3047 816 3105 ierendae.
829 3061 922 3100 omues
936 3054 1070 3113 tenentur,

77 3115 134 3166 etiam
146 3118 259 3182 cognati,
274 3127 302 3168 at
317 3117 444 3177 amiciet
459 3119 504 3184 qui
518 3118 570 3168 sub
581 3119 677 3170 secreti
691 3119 817 3184 promissi
832 3120 891 3186 lege
905 3120 984 3171 etiam
992 3121 1071 3185 jura·

77 3191 141 3238 uento
155 3190 310 3240 confirmata
324 3189 547 3254 impedimentum
561 3194 702 3242 noverunt.
720 3191 845 3254 Exceptio
859 3198 948 3242 tamen
963 3190 992 3241 lit
1004 3191 1031 3240 in
1041 3187 1071 3240 il·

77 3252 106 3316 lis,
114 3262 152 3323 qni
161 3259 382 3326 impedimentum
390 3263 524 3312 noverunt
533 3260 584 3312 sub
595 3261 683 3326 sigillo
694 3261 877 3314 consessionis.
886 3260 1071 3324 Reiffeustuel‚

77 3325 141 3379 adlit.
156 3329 278 3397 despons.
296 3331 397 3397 impub.
409 3345 437 3382 n.
453 3333 492 3382 la.
508 3359 536 3369 -
552 3332 588 3396 (i)
602 3333 720 3383 Possunt
730 3333 773 3384 hat
785 3333 1003 3384 denunciationes
1013 3329 1071 3382 fleri

79 3397 137 3450 etiam
149 3401 242 3452 diebus
258 3401 335 3453 iestis
349 3401 428 3452 hodie
445 3403 608 3467 suppressis,
623 3404 701 3454 modo
719 3403 790 3454 adsit
803 3402 940 3456 ordinarii
953 3399 1070 3458 lieentia,

78 3470 97 3517 et
104 3470 169 3523 uodo
187 3473 218 3524 in
230 3470 285 3524 illio
297 3471 388 3524 dutus
403 3470 452 3538 qni
464 3472 526 3538 sesti
540 3485 597 3525 non
609 3476 681 3534 sunt,
695 3472 820 3539 frequent
842 3471 930 3524 adhuc
949 3481 1068 3535 perseue-

78 3549 99 3590 τε
118 3542 197 3608 papuli
216 3543 253 3596 od
269 3543 408 3597 ecclesium
433 3557 673 3598 conterminam
691 3545 804 3598 intentio
817 3539 966 3596 Tridentini
986 3539 1013 3591 in
1028 3539 1072 3592 his
