2592 4018
620 115 761 172 ubl*-

180 253 238 314 que
252 251 394 312 expressa
416 233 594 310 conditione,
617 241 652 296 ot
669 235 768 313 proles
791 235 946 312 utriusque
967 251 1055 295 eccur
1069 236 1103 296 in
1125 236 1205 297 licli-

179 327 261 403 pionc
284 323 425 385 cotttclicc
442 324 591 397 educetur,
605 342 660 402 pro
675 326 761 401 cujus
775 324 952 385 conditionis
973 325 1206 402 adimplemento

180 415 218 474 ab
240 413 379 474 baeretico
393 413 553 488 iuramenti
573 413 764 474 emissionem
788 413 879 489 exigit
892 417 941 486 (3).
960 418 996 474 tt
1014 413 1130 488 euodes
1146 413 1208 474 hoc

179 503 400 564 matrimonium
430 519 470 562 ex
496 501 715 578 dispensatione
743 503 942 575 contrahitur,
968 501 1065 561 eidem
1092 501 1208 562 adsistit

181 590 300 670 quidem
320 590 459 668 proprius
484 592 629 652 Sacerdos
652 609 720 652 carm
740 591 865 652 testibus
878 590 916 650 ad
934 591 1061 650 formem
1087 589 1209 650 concilii

180 679 351 753 tridentini,
366 681 418 740 sed
433 687 518 740 extra
531 679 702 756 Ecclesiam,
723 697 820 757 neque
838 678 1075 740 benedictionem
1088 679 1207 754 nuptia-

180 770 240 833 lem
254 769 372 846 sponsis
390 769 567 846 impertitur,
584 787 681 847 neque
702 771 816 848 profert
829 769 957 830 formem
969 786 976 826 :
988 767 1048 845 Epo
1062 768 1210 844 conjrmpo

180 875 240 930 cae,
254 865 313 919 etc.
330 861 382 932 (t).

214 1005 250 1072 (l)
264 997 328 1057 Gen.
347 1006 412 1056 liet
425 1004 462 1070 to,
473 1017 497 1055 c.
512 1005 554 1066 28,
568 1019 594 1071 q.
611 1006 621 1056 l
637 1007 665 1056 et
680 1018 737 1070 cap.
751 1006 789 1065 ll,
804 1005 838 1057 de
850 1005 942 1057 barret.
958 1004 987 1058 in
999 1005 1024 1056 d.
1038 1005 1113 1070 -(⁴ti
1127 1004 1210 1057 Ratio

182 1082 232 1140 est,
247 1079 311 1142 quia
323 1091 384 1128 cum
397 1076 447 1127 hoc
459 1077 679 1144 impedimentum
693 1089 709 1127 e
723 1077 857 1128 communi
872 1078 999 1129 Ecclesiae
1010 1080 1072 1143 jure
1089 1078 1209 1146 oriatur,

183 1151 258 1202 solus
269 1161 392 1200 summus
401 1148 523 1199 Pontifex
532 1149 652 1213 potestiu
662 1161 693 1200 eo
707 1148 875 1214 dispensare,
883 1158 909 1200 et
919 1150 1007 1200 fucere
1017 1149 1210 1214 licitum,qnod

184 1221 288 1284 exlege
303 1218 422 1285 generali
434 1219 557 1270 illic-itum
569 1223 628 1270 erat
642 1239 649 1268 z
665 1219 699 1270 ad
713 1221 783 1285 qood
797 1227 937 1272 cartonen
953 1220 1035 1271 habet
1050 1223 1214 1284 potestatem

184 1292 343 1356 Episcopus,
361 1291 408 1354 qui
429 1290 507 1350 infra,
532 1303 585 1342 non
606 1303 689 1356 supra
716 1303 833 1343 canones
852 1295 903 1342 est.
919 1291 1079 1342 Benedictus
1093 1291 1156 1341 xtv
1175 1292 1212 1342 de

184 1362 282 1430 synod.
297 1363 314 1412 l.
329 1363 352 1419 9,
365 1375 388 1412 c.
401 1362 466 1412 3.-
480 1362 515 1424 (3)
530 1361 590 1412 bul.
602 1361 703 1425 Maece
717 1361 791 1412 nobis
807 1361 944 1413 Benedicti
957 1361 1030 1412 XIV.
1041 1387 1072 1400 -
1085 1361 1120 1425 (t)
1133 1361 1213 1413 ldem

184 1433 310 1488 Pontifex
323 1431 356 1482 de
371 1430 469 1496 Syncd.
492 1431 509 1482 1.
524 1431 549 1488 6,
565 1445 588 1482 c.
606 1433 629 1494 5,
650 1447 676 1482 n.
695 1431 719 1490 6,
734 1431 821 1490 docet,
843 1433 911 1484 ritus
928 1435 955 1482 in
970 1432 1012 1483 his
1031 1433 1212 1484 matrimoniis

187 1505 281 1557 mixtis
297 1503 465 1554 adhibendos
479 1502 514 1553 ab
533 1503 666 1568 Episcopo
686 1507 834 1570 opportune
851 1509 878 1554 et
893 1501 1041 1570 prudenter
1059 1515 1120 1555 esse
1136 1517 1212 1568 pree·

190 1573 354 1634 scribendos,
367 1573 438 1638 quod
453 1573 547 1624 Gallice
564 1574 684 1640 episcopi
701 1573 728 1624 in
744 1587 837 1625 eorum
852 1575 967 1640 synodis
983 1575 1163 1641 perfecerunt,
1180 1579 1215 1626 ut

186 1651 296 1712 apparet
306 1657 339 1695 ex
349 1643 456 1708 Synodc
467 1645 657 1703 avenionensi,
671 1645 734 1695 anni
748 1645 815 1706 ¹8⁴9,
825 1659 857 1697 ax
866 1646 1126 1710 Burdigalensieuni
1141 1647 1212 1712 1850,

186 1723 214 1770 et
229 1731 262 1768 ex
274 1715 483 1780 Rothomageusi
495 1715 617 1779 ejusdem
632 1716 705 1779 anni,
721 1715 769 1767 ubi
786 1717 856 1769 inter
869 1716 922 1767 alia
936 1717 1134 1783 sapientissime
1145 1731 1211 1768 con·

188 1789 312 1841 stitutum
325 1787 385 1850 fuit,
407 1799 440 1836 ne
460 1786 612 1838 celebretur
628 1786 711 1838 missa
725 1799 774 1850 pro
789 1801 896 1853 sponso,
911 1793 938 1838 et
952 1801 1059 1854 sponsa,
1075 1791 1101 1838 et
1114 1801 1148 1840 ne
1162 1802 1211 1839 ca·

186 1859 302 1910 thelicus
313 1864 373 1922 post
387 1857 484 1909 initum
498 1857 661 1908 connubium
674 1864 827 1923 compareat
840 1873 931 1910 coram
946 1858 1068 1910 ministro
1082 1858 1213 1911 haeretico
1274 1899 1275 1904 κ

187 1931 222 1982 ad
244 1942 404 1982 consensum
431 1929 620 1980 renovandum.
637 1929 864 1981 Denunoiationes
884 1930 912 1983 in
929 1929 971 1980 his
987 1929 1166 1980 matrimoniis
1182 1930 1213 1982 in

188 2001 287 2064 Gallia,
303 2003 331 2050 et
348 1999 416 2050 aiibi
428 1999 516 2049 omitti
533 1999 629 2061 solent,
645 1999 710 2064 quia
726 1999 754 2050 in
772 2000 868 2052 iisdem
886 1999 1026 2065 dispensat
1044 2001 1212 2066 Episcopum

188 2071 272 2124 eadsi
286 2083 339 2121 nan
352 2070 407 2120 sint
418 2071 492 2135 juste
508 2069 682 2136 dispensata,
698 2070 757 2122 lieri
771 2071 880 2131 debent,
892 2071 996 2122 reticita
1012 2073 1102 2121 nmen
1116 2071 1144 2121 in
1156 2072 1217 2124 lats·

188 2141 266 2195 retici
291 2140 397 2192 nomine
423 2141 578 2204 exponendo
603 2147 686 2205 secta,
711 2142 745 2191 ad
770 2156 851 2207 quam
874 2143 999 2208 pertinet.
1015 2142 1056 2192 Ita
1074 2143 1216 2195 constituit

188 2212 307 2280 synodus
321 2211 522 2262 Baltimorensis
533 2213 560 2262 in
574 2213 700 2264 Amorion
708 2227 777 2264 auno
794 2213 860 2274 istd,
871 2221 898 2264 at
907 2214 945 2264 ita
958 2213 1079 2264 decisum
1092 2213 1215 2266 ferunta

188 2285 217 2336 li.
231 2283 443 2348 Congregatione
457 2281 578 2344 Concilii,
598 2285 765 2349 approbante
781 2285 829 2336 Pia
847 2285 894 2342 Vl,
910 2284 937 2336 19
950 2284 966 2335 J
971 2299 1015 2335 un.
1032 2285 1092 2335 fiet
1110 2292 1167 2336 eta
1184 2285 1213 2338 S.

190 2357 402 2420 Congregattona
421 2354 455 2406 de
471 2354 649 2420 propaganda
669 2355 735 2407 Fide
751 2357 765 2405 3
775 2356 825 2420 jul.
845 2357 911 2407 tete.
932 2355 994 2407 ldeo
1009 2355 1115 2420 quando
1132 2369 1217 2409 casus

189 2425 307 2479 occurrit
317 2425 399 2490 hujus
415 2425 577 2476 matrimonii
592 2427 625 2476 ad
640 2440 697 2478 rem
711 2427 781 2478 bene
796 2426 940 2492 gerendam
955 2427 1071 2493 expedit,
1082 2429 1113 2478 ot
1128 2428 1217 2480 Paro-

190 2497 257 2552 chus
270 2497 348 2564 prius
365 2496 522 2550 hereticam
535 2497 688 2564 interpellet
702 2517 708 2546 ι
729 2497 752 2547 1⁹
769 2501 810 2548 An
825 2497 861 2548 sit
875 2503 985 2562 paratus
995 2511 1044 2549 suo
1057 2499 1217 2562 juramento

190 2571 306 2629 firmare,
323 2581 351 2619 se
366 2567 479 2618 liborum
496 2567 652 2618 relicturam
668 2568 799 2620 catholico
820 2581 876 2620 sues
895 2568 1033 2634 religionis
1045 2569 1217 2632 exercitium,

192 2639 326 2694 eteoclem
339 2643 500 2706 temporese
514 2638 718 2704 permissurum.
728 2647 758 2690 ut
772 2639 833 2690 inde
847 2639 1020 2704 suscipienda
1034 2640 1123 2704 proles
1136 2641 1220 2692 iusti-

192 2715 292 2772 tuatur,
301 2715 327 2761 et
337 2710 466 2761 educetur
474 2710 501 2758 iu
513 2709 641 2773 religione
651 2711 789 2762 catholica.
800 2712 826 2761 i·
834 2713 875 2760 nn
886 2711 921 2761 sit
932 2718 1042 2776 paratus
1052 2723 1220 2763 consensum

194 2781 357 2834 matrimonii
376 2782 497 2832 emittere
515 2785 617 2832 tantum
636 2795 725 2832 coram
741 2783 863 2833 ministro
881 2783 1018 2842 Ecclesiae,
1033 2783 1132 2834 omisso
1149 2797 1221 2835 con-

194 2867 276 2906 sensu
284 2852 469 2916 antepropriae
477 2859 557 2902 secter
569 2852 730 2904 ministrum.
741 2854 769 2904 Si
780 2853 822 2905 his
832 2867 886 2905 non
895 2855 1067 2914 assentiatur,
1076 2855 1221 2908 Perachus

193 2924 288 2992 nequit
303 2921 529 2989 dispensationem
544 2936 705 2988 procurare;
720 2927 743 2974 si
758 2939 820 2977 vero
837 2925 875 2976 ita
886 2938 916 2976 se
930 2925 1063 2978 facturum
1077 2929 1222 2990 promittat

194 2994 394 3062 dispensatione
406 2994 523 3058 legitima
534 2996 651 3057 obtenta,
663 3000 690 3046 et
703 3001 813 3062 nco-apto
822 2997 987 3061 juramento,
998 3005 1025 3048 et
1036 2996 1221 3064 promissione

193 3066 324 3132 praedicta
338 3064 466 3123 incuria,
482 3065 523 3116 rel
538 3077 570 3115 ex
584 3065 673 3116 Curiae
685 3065 853 3130 delegatione
866 3069 963 3132 poterit
973 3069 1031 3132 jam
1043 3070 1122 3119 citato
1136 3070 1221 3122 modo

194 3137 363 3190 matrimonio
380 3136 516 3194 assistere,
537 3137 659 3201 recipere
674 3150 835 3202 sponsorum
858 3145 981 3189 mutuum
1003 3152 1165 3191 consensum
1182 3141 1223 3193 ad
1270 3175 1275 3198 ,

195 3208 302 3260 solitam
318 3205 563 3271 interrogationem,
578 3208 622 3258 cui
639 3209 708 3260 solet
728 3223 762 3261 ex
784 3213 860 3275 parta
879 3209 1000 3260 heretici
1019 3211 1127 3275 adiungi
1138 3212 1222 3275 jnra-

195 3285 324 3338 mentam,
339 3277 499 3331 benedicere
516 3279 655 3342 annulum,
675 3280 699 3332 si
721 3294 822 3346 sponsa
842 3279 878 3332 sit
899 3280 1039 3342 catholica.
1055 3287 1083 3332 et
1102 3295 1223 3347 sponsos

195 3351 274 3402 unire
289 3349 348 3408 bec,
365 3349 407 3400 val
421 3349 502 3400 simili
513 3347 617 3402 forma:
634 3348 687 3417 Epa
701 3349 816 3416 declaro,
828 3354 951 3404 sanctam
965 3349 1111 3407 Ecckciam
1124 3351 1221 3408 rotho·

192 3421 274 3474 ticam
291 3434 335 3472 cca
352 3418 449 3472 batem
463 3419 506 3473 att
521 3421 618 3485 calide,
633 3427 657 3476 et
673 3421 893 3477 indismtobititcr
909 3423 1000 3478 unitas
1016 3435 1066 3491 prr
1078 3423 1223 3480 uinculum

193 3491 374 3550 mctntnctn'i
386 3492 428 3545 tta
441 3492 559 3560 synodus
570 3493 742 3562 itnpetleusis
755 3493 942 3548 inflatilem
955 3495 980 3548 si
993 3495 1139 3548 hereticus
1152 3495 1218 3548 noi-

272 3615 283 3648 l
