2494 4062
400 25 435 39 a
518 93 659 152 *m*

71 213 204 289 sponsalia
218 229 403 290 proponere,
418 229 458 274 ne
470 214 511 274 illi
522 215 642 276 libertas
653 216 705 278 flat
718 215 798 278 aliud
813 219 1008 280 contrahendi
1021 237 1086 280 me-

67 302 227 363 lrimenium
243 323 249 362 :
266 303 331 375 sed,
348 304 388 362 ita
401 305 480 364 laeta
492 307 690 381 oppositione,
707 305 795 368 debet
817 309 921 369 eadem
936 310 1086 386 sponsalia

65 393 201 468 probare,
218 391 306 452 aliter
318 400 386 468 pest
400 395 517 468 lapsum
531 395 674 470 temporis
691 391 879 456 determinati
891 399 975 474 juxta
988 398 1086 458 euria-

63 498 123 540 mm
136 481 463 554 eonsuetudinemtt),
491 490 521 544 et
540 485 620 544 nulla
643 485 721 544 lacta
743 485 936 560 oppositionis
959 503 1085 548 renova-

63 571 142 640 tione,
154 577 264 646 posset
279 571 456 646 EpiseopuS,
469 576 520 631 aut
533 571 665 632 vicarius
680 575 828 634 Generalis
839 591 893 650 pre
905 575 1086 638 conscientia

67 677 112 719 sua
123 661 235 720 laetam
249 659 468 734 oppositionem
481 660 642 737 negligere,
657 669 688 736 et,
708 663 819 737 petenti
835 665 1001 725 concedere
1012 667 1088 726 alte-¹

67 749 121 808 rius
134 749 333 808 contrahendi
347 747 527 808 matrimonii
551 751 731 824 facultatem,
756 768 824 810 eum
847 770 1002 838 opponens
1024 771 1086 814 non

66 854 248 914 prosequens
263 836 481 913 oppositionem
495 855 561 900 eam
574 837 709 910 videatur
723 839 898 902 deseruisse.
918 847 997 902 lutra
1010 850 1085 903 tem-

63 944 114 1003 pus
127 945 165 986 ex
191 925 345 985 curiarum
365 926 581 986 consuetudine
605 928 643 986 ad
666 929 851 989 retinendam
869 929 1087 1006 oppositionem

63 1031 248 1084 eoncessum,
277 1014 424 1090 oppositio
445 1015 522 1073 laeta
544 1032 604 1074 non
618 1022 717 1090 potest
739 1017 811 1090 tolli,
827 1018 934 1078 nisiex
949 1018 1086 1079 instantia

61 1105 231 1166 allemtrius
244 1121 283 1164 ex
298 1104 425 1179 sponsis,
442 1103 538 1164 citatis
551 1097 696 1180 partibus,
711 1112 741 1165 et
755 1107 873 1182 cognita
886 1123 985 1181 eausa,
1000 1108 1086 1167 nulli-

61 1194 136 1267 laliS,
151 1195 202 1253 vel
226 1193 429 1253 dissolutionis
454 1193 639 1270 sponsalium¹
655 1194 800 1256 sententia
815 1196 990 1271 preferatur.
1013 1202 1048 1256 At
1061 1197 1086 1256 si

61 1283 205 1342 sententia
220 1281 370 1358 sponsalia
384 1281 540 1342 confirmet
554 1285 605 1355 (3l,
625 1283 735 1344 nedum
749 1290 874 1360 negatur
887 1285 1008 1344 alterius
1022 1301 1085 1344 ma·

61 1372 188 1431 trimonii
199 1371 440 1444 lieentia,vemm
452 1371 640 1430 refractarios
649 1372 686 1431 ad
696 1373 796 1434 datam
805 1373 984 1433 matrimonii
994 1374 1085 1435 fldem
1135 1406 1137 1414 ·

59 1461 254 1533 liberandam,
265 1468 294 1520 et
304 1477 411 1520 severa
425 1459 598 1531 monitione,
608 1467 637 1520 et
645 1460 828 1521 minitatione
839 1479 1033 1521 censurarum
1041 1468 1086 1523 est

61 1550 215 1626 eogendus
226 1554 279 1622 (t).
292 1548 485 1608 Nihilominus
496 1565 532 1608 ex
549 1549 692 1609 hodierna
706 1550 855 1610 curiarum
872 1551 957 1626 praxi
972 1551 1002 1610 in
1015 1569 1084 1627 per·

60 1639 191 1698 ricaeem
217 1655 353 1697 censurae
375 1648 444 1696 autu
469 1653 634 1712 numquam
651 1629 795 1713 feruntur,
811 1639 880 1715 quia
902 1640 1085 1715 experientia

61 1733 249 1803 compertum
263 1725 327 1799 luit,
346 1724 534 1785 matrimonia
546 1732 651 1784 eoaeta
665 1725 807 1799 difficiles,
823 1734 852 1788 et
866 1729 1018 1808 luctuosos
1032 1728 1085 1786 ba·

58 1816 127 1876 bere
142 1815 252 1876 exitus.
270 1820 332 1874 lloe
345 1815 456 1876 ideireo
471 1832 542 1874 easu
564 1815 739 1891 relinquitur
747 1817 869 1892 ‚perulo
884 1816 999 1876 violatae
1014 1833 1085 1892 pre-

61 1904 208 1964 missioois
217 1903 358 1980 injustitia
372 1903 436 1963 aliis
451 1903 598 1978 expianda
611 1902 725 1976 modis;
742 1911 771 1965 et
787 1905 914 1978 interim,
927 1923 1017 1980 poena
1031 1923 1083 1981 pe-

62 1993 191 2053 cuniaria
208 1994 327 2053 decreta
341 2011 396 2069 pro
412 1991 512 2052 damni
529 1992 600 2051 illati
614 1993 813 2069 reparatione,
829 1993 917 2054 etiam
931 1996 1023 2054 altera
1035 2011 1083 2054 re·

60 2090 211 2160 pugnante
225 2089 320 2158 parte,
342 2085 411 2158 post
432 2081 604 2141 diuturnum
627 2089 778 2142 certamen
796 2084 938 2160 pervicax
953 2082 1084 2158 ajudieii

61 2171 269 2232 observatione
283 2171 447 2230 absolvitur
462 2174 512 2243 (5).

93 2261 203 2333 Tertio,
219 2258 390 2336 desponsati
404 2277 481 2318 nova
501 2259 649 2335 sponsalia
664 2277 733 2320 oum
754 2261 845 2320 altera
858 2276 988 2336 persona
1011 2276 1083 2318 een-

63 2351 212 2411 lrahentes
225 2365 384 2425 perperam
400 2347 519 2418 faciunt,
541 2346 608 2423 quia
622 2347 687 2407 haee
707 2351 840 2410 secunda
853 2349 1002 2425 sponsalia
1015 2356 1085 2408 sunt

63 2439 124 2516 ipso
136 2442 207 2516 jure
220 2438 312 2508 nulla,
328 2443 358 2496 et
370 2435 462 2508 irrita,
479 2437 546 2496 lieet
560 2437 619 2496 sint
629 2438 822 2514 jurejurando
836 2437 1020 2497 confirmata.
1036 2439 1085 2495 ln-

64 2528 210 2588 diriduum
227 2525 376 2602 siquidem
389 2524 610 2585 matrimonium
625 2527 676 2584 uni
690 2520 968 2601 promissam‘alteri
982 2525 1084 2600 nequit

61 2618 167 2694 absque
185 2615 341 2691 iniquitate
356 2613 496 2690 promitti,
516 2631 582 2690 quae
602 2616 773 2691 iuramento
797 2631 858 2674 non
882 2615 1008 2687 deletur,
1030 2614 1083 2673 sed

61 2716 191 2784 augetur.
208 2711 273 2766 ileo
285 2720 391 2764 verum
404 2709 449 2762 est
469 2702 499 2761 in
520 2721 602 2778 easu,
620 2721 679 2779 que
701 2721 830 2780 sponsus
849 2703 992 2778 deeeptus
1013 2693 1085 2763 velit

59 2797 149 2871 prima
164 2793 320 2872 sponsalia
335 2793 512 2865 observare,
530 2809 609 2862 nam,
629 2792 653 2851 si
667 2793 731 2868 ipse
752 2793 841 2852 rellet
864 2809 896 2853 se
919 2793 956 2851 ab
978 2791 1082 2852 iisdem

59 2888 178 2960 solvere,
194 2883 303 2961 procul
319 2881 408 2942 dubio
424 2888 535 2956 posset,
552 2881 620 2956 quia
638 2880 688 2956 qui
708 2882 839 2943 secunda
865 2878 1014 2958 sponsalia
1025 2879 1081 2938 ini-

59 2975 106 3048 rit,
120 2972 314 3052 praesumitur
325 2971 466 3030 nuncium
481 2970 599 3030 dedisse
615 2968 714 3046 primis
733 2974 783 3042 (6).

90 3069 210 3138 Quarto,
237 3063 360 3122 demum
383 3058 554 3134 desponsati
578 3060 757 3118 contrahunt
775 3059 901 3135 publieae
918 3060 1081 3120 honestatis

58 3153 311 3230 impedimentum,
328 3149 367 3208 ob
379 3149 457 3224 quod
473 3155 625 3224 nequeunt
637 3164 705 3207 eum
719 3146 776 3208 alia
790 3165 915 3223 persona
927 3148 999 3225 ipsis
1013 3167 1081 3208 een-

56 3245 249 3320 sauguinitate
264 3241 427 3313 coniuncta
441 3235 763 3309 matrimoniuminire3
780 3237 861 3313 quod
877 3237 996 3315 quidem
1010 3237 1079 3298 diri-

56 3346 136 3394 mens
149 3331 400 3411 impedimentum
415 3336 470 3402 est,
486 3333 519 3386 ut
533 3326 608 3386 intra
621 3326 796 3387 videbimus.

83 3502 117 3571 (l)
129 3505 180 3558 cit.
193 3505 265 3558 lust.
279 3501 319 3556 56.
335 3527 368 3577 “f
380 3497 416 3564 (2)
426 3499 466 3550 Ex
479 3497 671 3552 consuetudine
680 3498 763 3552 euriae
773 3477 924 3552 Genususis
937 3495 1017 3548 datur
1029 3505 1078 3560 op·
