2494 4062
458 114 460 118 ·
518 85 662 151 -m-

91 206 248 282 priuatum
265 205 334 267 tuiis
348 222 412 266 aon
429 213 495 281 cst5
512 211 542 265 et
560 203 701 265 dividitur
712 203 744 265 in
753 203 925 282 perfeetum,
941 212 971 268 et
988 208 1103 284 simpli·

88 312 143 354 um.
157 294 286 372 Adoptio
304 296 447 369 perfecta,
465 311 531 370 quae
554 294 752 355 communiter
769 296 934 370 appellatur
947 297 1103 372 Adrapana

85 389 141 443 tone
152 385 194 458 fit,
208 400 284 443 oum
300 383 367 460 quis
381 383 507 459 adrogat
525 390 703 444 extraneum
726 383 872 459 suijuris,
895 385 1004 445 nullius
1023 387 1103 447 scili·

83 479 121 532 cet
131 473 231 548 patriae
246 473 392 548 potestati
406 473 585 549 subjectum,
598 473 648 548 qui
660 489 714 548 per
723 472 819 548 ipsam
832 472 1057 549 adrogationam
1071 476 1102 535 in
1167 525 1171 532 .
1198 457 1201 466 ¹

82 561 240 637 adrogantia
254 566 441 638 potestatem
462 568 492 622 et
514 561 654 622 familiam
669 561 823 638 redigitur,
845 560 877 620 in
895 579 955 639 qua
972 563 1102 626 fitiorum

81 649 268 724 legitimorum
286 657 318 710 et
335 650 516 710 naturalium
528 652 595 728 jura
605 649 796 710 nanciscitur.
811 649 936 726 Adoptio
946 668 1019 714 vero
1028 651 1099 712 sim·

84 739 139 812 pler
151 745 223 798 tunc
241 739 289 812 fit,
309 756 379 799 oum
393 739 459 815 quis
473 740 594 816 adoptat
604 747 784 798 extraneum
797 737 827 797 in
841 739 936 815 patria
949 741 995 800 sui
1007 741 1100 817 patris

82 833 212 900 potestate
241 828 455 903 constitutum,
471 827 522 904 qui
534 828 565 887 in
586 826 754 904 adoptantis
769 833 947 903 potestatem
967 833 998 889 et
1013 828 1098 892 fami·

79 914 136 976 liam
148 933 208 976 non
225 917 337 977 transit
352 921 405 990 (l).

101 1081 131 1144 tt)
142 1081 207 1134 Gen.
222 1096 247 1134 c.
267 1083 313 1134 ts.
325 1107 358 1122 -
372 1082 407 1147 (t)
420 1081 504 1134 Exod.
520 1096 544 1134 o.
559 1081 583 1132 3.
604 1107 632 1120 -
647 1081 682 1146 (3)
697 1080 760 1132 can.
783 1080 795 1133 1
816 1083 843 1134 et
863 1081 888 1140 6,
903 1094 928 1133 o.
942 1080 981 1142 30,
1000 1097 1027 1148 q.
1042 1084 1057 1135 3
1070 1086 1098 1136 et

75 1155 208 1276 rotaldum
223 1153 260 1206 do
278 1167 341 1220 cog.
356 1153 434 1220 legat.
452 1181 480 1192 -
494 1153 531 1220 (t)
543 1151 707 1206 Benedictus
719 1151 786 1204 XIV
795 1151 829 1204 de
841 1151 940 1218 synod.
954 1152 972 1204 l.
983 1154 1008 1219 9,
1022 1168 1044 1206 c.
1056 1155 1095 1215 tt.

102 1431 157 1490 373.
180 1434 257 1490 cum
281 1429 414 1490 Ecclesia
436 1429 524 1505 huius
544 1427 749 1504 impedimenti
771 1443 940 1488 normama
961 1427 1096 1490 civilibus
1172 1465 1176 1474 ·

75 1521 263 1578 Romanorum
285 1518 401 1594 legibus
418 1517 627 1593 desumpserit,
643 1517 684 1576 nil
698 1517 729 1575 in
743 1533 779 1576 eo
794 1515 937 1590 mutavit;
952 1518 1005 1578 sed
1019 1518 1096 1580 sicut

75 1604 354 1667 olimltomanomm
376 1606 549 1682 paternitas,
573 1605 754 1679 fraternitas,
776 1610 806 1664 et
827 1605 954 1666 affinitas
975 1607 1094 1683 nuptias

75 1694 225 1771 dirimebat,
241 1697 291 1756 sio
306 1702 337 1756 et
350 1711 430 1754 nunc
451 1693 563 1754 dirimit
575 1694 808 1756 matrimonium.
824 1694 854 1754 si
869 1713 928 1770 qua
940 1693 1039 1771 igitur,
1054 1695 1095 1758 ait

73 1785 201 1857 Pontifex,
226 1801 289 1860 per
311 1782 504 1859 adoptionem
530 1782 582 1842 tibi
608 1799 694 1842 soror
713 1800 780 1844 esse
803 1783 930 1860 ceperit,
952 1785 1093 1860 quamdiu

74 1871 146 1933 durat
167 1873 307 1950 adoptio,
330 1873 411 1932 iuter
431 1877 473 1945 te,
490 1876 520 1931 et
541 1870 637 1946 ipsam
657 1871 767 1947 nuptiae
792 1871 920 1932 existere
943 1889 1004 1931 non
1026 1890 1095 1949 pos·

74 1967 129 2020 sunt
150 1966 199 2035 (t).
227 1967 331 2034 Quare
351 1977 407 2037 per
427 1960 619 2037 adoptionem
639 1958 824 2021 interdicitur
843 1959 1089 2022 matrimonium:

75 2049 220 2111 t⁰ltatione
234 2049 428 2128 paternitatis
441 2049 519 2109 inter
538 2049 740 2125 adoptantem,
762 2055 792 2108 et
809 2049 994 2125 adoptatum,
1016 2049 1090 2126 ejus

74 2152 120 2211 que
132 2139 353 2200 descendentes
368 2138 398 2197 in
420 2155 474 2198 sua
488 2144 636 2214 potestate
657 2143 791 2198 retentos
806 2143 856 2212 (t),
878 2138 907 2198 in
923 2155 983 2215 quo
997 2139 1088 2200 ratio-

75 2241 129 2287 nem
141 2227 350 2304 impedimenti
363 2227 527 2304 imperator
540 2225 671 2302 assignat
683 2227 715 2287 in
727 2245 775 2302 eo,
784 2227 865 2304 quod
876 2227 941 2288 haeo
950 2244 1088 2304 personae

73 2313 134 2376 inter
146 2336 211 2379 sese
226 2323 392 2396 parentum
402 2316 506 2392 instar,
521 2323 551 2376 et
563 2316 726 2376 liberorum
745 2322 823 2376 sunt.
844 2321 874 2375 2⁰
891 2317 1013 2379 Ratione
1026 2319 1086 2380 fra-

73 2405 198 2470 ternitatis
211 2407 296 2467 inter
307 2405 488 2483 adoptatam,
505 2413 535 2466 et
552 2405 629 2465 filios
646 2405 793 2481 legitimos
811 2412 842 2465 et
855 2407 1005 2466 naturales
1019 2408 1087 2468 ado

75 2495 163 2564 plantis
175 2497 233 2556 sub
248 2513 308 2556 sua
322 2495 422 2570 patria
431 2500 578 2571 potestate
592 2494 788 2566 constitutos;
804 2499 834 2554 et
856 2493 989 2554 vicissim
1009 2495 1087 2558 inter

76 2580 239 2659 adoptatum,
255 2591 288 2645 et
303 2583 378 2644 filias
392 2583 570 2660 adoptantis,
593 2589 626 2642 ut
646 2597 754 2659 supra3
770 2582 823 2642 sed
839 2582 898 2642 hoc
920 2599 1003 2656 casu,
1020 2585 1086 2645 suls

77 2667 121 2728 lata
141 2689 192 2748 per
207 2672 482 2747 emancipationem
502 2673 671 2750 adoptione,
685 2672 818 2731 aufertur
832 2687 952 2747 quoque
966 2671 1086 2749 impedi·

76 2767 197 2835 uentum,
214 2763 287 2839 quia
301 2761 424 2838 quaesita
437 2760 605 2820 fraternitas
623 2759 742 2821 evanuit
765 2757 817 2833 (3).
837 2763 868 2820 3ο
890 2759 1013 2822 Ratione
1024 2764 1086 2824 affl·

77 2844 165 2922 nitatis,
180 2851 217 2910 de
232 2867 294 2927 qua
307 2849 395 2924 infra,
409 2849 486 2909 inter
499 2849 701 2924 adoptantem,
717 2854 747 2908 et
761 2865 889 2910 uxorem
899 2851 1040 2928 adoptati,
1054 2859 1084 2914 et

76 2943 145 2994 tersa
157 2939 221 2999 rice
234 2939 315 2998 inter
328 2938 511 3015 adoptatum,
528 2945 557 2998 et
571 2953 699 2997 uxorem
713 2936 906 3019 adoptantis(
927 2941 949 3010 ).

102 3025 128 3080 ln
141 3041 174 3085 eo
187 3027 317 3103 pacifica
329 3033 374 3086 est
384 3025 617 3102 jurisprudentia
631 3025 843 3100 aeclesiastica,
860 3026 941 3103 quod
961 3045 1000 3088 ex
1013 3028 1083 3088 ado·

76 3107 157 3179 ptione
175 3117 319 3191 perfecta,
333 3117 382 3176 vel
395 3115 588 3190 adrogatione
601 3114 714 3174 oriatur
736 3114 767 3174 in
787 3116 906 3176 casibus
925 3117 1082 3194 assignatis
1106 3172 1108 3176 .

77 3193 300 3273 inpedimentum
315 3203 501 3280 cognationis
511 3203 613 3278 tegatis
622 3203 843 3264 matrimonium
851 3204 1011 3277 dirimam,
1026 3205 1080 3266 aed

77 3299 105 3342 ao
116 3287 234 3366 idipsum
249 3309 289 3352 ex
303 3292 462 3368 adoptione
477 3291 604 3368 simplici
618 3292 741 3367 oriatur,
757 3294 961 3353 controversia
974 3299 1020 3352 est
1033 3293 1079 3352 in·

77 3375 111 3431 ier
126 3381 263 3441 tloetores
285 3398 291 3438 :
311 3381 458 3440 affirmant
478 3383 629 3454 Gonzales,
644 3380 833 3442 Reiffenstuel
849 3399 918 3442 eum
932 3383 1033 3441 Glossa
1047 3380 1076 3438 iu

79 3457 115 3521 eit.
126 3481 185 3542 cap.
200 3468 279 3530 unic.
297 3469 335 3530 de
349 3485 415 3544 cog.
429 3470 528 3545 legal.;
545 3468 613 3544 quia
626 3470 708 3546 leges
727 3468 878 3544 praedictae
898 3467 1076 3544 generaliter
