2410 4068
470 167 628 224 -221‘-

53 300 213 352 consideratur
233 301 261 351 in
275 299 450 365 acquirendo,
464 299 510 351 sed
525 301 552 350 in
565 299 723 359 retinendo;
738 299 856 352 diximus
871 297 1005 352 actualem
1019 297 1054 350 ad

52 373 225 434 possessionem
238 371 407 437 corporalem
421 371 610 430 indicandum
632 371 750 421 diximus
772 369 890 436 piceam,
910 370 973 435 quia
997 370 1056 422 haec

52 443 161 506 possessio
175 442 256 494 debet
270 455 332 494 esse
344 444 487 508 conjuncta
501 457 562 494 curn
583 442 757 508 perceptione
777 443 923 496 fructuum.
937 442 980 493 vel
1000 443 1055 493 sal·

53 517 92 562 iem
103 513 204 578 maJoris
218 527 313 564 eorum
329 513 424 578 partis,
439 527 498 578 cap.
513 515 553 572 26,
564 514 597 564 de
612 513 699 579 praeb.
719 513 747 564 iu
760 513 784 576 c,
799 517 826 564 et
836 513 873 564 ib.
889 511 962 564 Glos.
973 515 1055 565 verbo

56 579 150 648 i'ocore;
164 584 281 635 diximus
296 583 411 648 denique
424 583 577 650 pacificam,
598 589 732 649 quatenus
752 597 767 633 c
788 583 919 636 molestiis
939 583 972 638 de
984 588 1054 650 jure,

52 656 70 703 at
81 655 109 705 de
120 655 184 706 iacto
202 654 290 706 iibere
305 668 365 705 esse
380 655 469 712 debet,
484 656 562 706 aliter
582 655 744 706 concoctum
760 653 813 704 dici
828 669 880 705 non
894 662 986 719 posset
1000 671 1055 708 onn-

53 724 102 774 nino
113 725 245 790 adeptum.
261 723 484 776 Reiiionstuei-de
499 725 585 790 presb.
600 734 632 776 or
642 725 696 776 230.
709 753 738 762 -
749 726 784 789 (3)
799 725 862 794 Gap.
874 727 913 788 28,
924 729 958 778 de
971 728 1056 793 praeb.

52 794 72 844 in
84 797 103 846 oi.
120 824 141 832 -
154 797 189 861 (i)
203 796 262 846 Hoc
275 795 383 860 dejure
402 798 537 847 communi
552 797 751 848 observandum
766 798 835 848 soret
848 799 929 848 etiam
950 799 977 849 in
994 811 1056 866 pro·

51 867 191 918 notionibus
200 867 395 934 Episcoporum
405 885 412 928 ;
423 867 469 918 sed
481 881 514 918 ex
524 869 592 932 stylo
601 869 689 918 Curiae
697 881 750 918 non
764 872 895 930 servatur,
907 870 971 934 quia
983 871 1057 936 Papa

51 935 225 1000 inprcmotione
235 937 361 1000 Episcopi
371 939 576 989 in‘donsistorio
587 938 732 990 iactosoiet
742 939 887 990 decernere
894 939 1057 992 beneficium

52 1009 147 1070 promoti
159 1009 193 1060 ab
206 1009 267 1076 ipsa
282 1007 325 1058 dic
340 1009 514 1074 promotionis
527 1023 632 1062 vacare.

76 1187 128 1243 tio.
152 1189 195 1244 iia
213 1199 248 1243 se
268 1199 317 1244 res
339 1185 429 1244 habet
455 1185 492 1244 de
512 1185 611 1260 rigore
628 1184 719 1261 juris3
740 1184 859 1244 interim
879 1184 1059 1262 quandoque

51 1269 114 1330 aiter
123 1273 237 1332 obtinet
246 1289 283 1334 ex
297 1273 529 1348 dispensatione,
538 1280 589 1332 aut
597 1272 752 1348 privilegio
762 1292 779 1332 a
791 1289 908 1332 summo
918 1273 1059 1333 Pontidce

50 1373 190 1434 concessu,
206 1367 237 1420 at
250 1362 332 1437 quod
345 1362 378 1422 iit
392 1379 446 1438 per
456 1361 653 1438 privilegium,
669 1361 733 1420 fleri
748 1359 880 1422 similiter
894 1361 997 1438 nequit
1006 1380 1060 1438 por

51 1451 278 1512 consuetudinem
297 1449 387 1510 etiam
411 1450 665 1511 immemooiolem.
688 1450 762 1510 Hinc
776 1467 836 1509 nen
851 1468 1012 1526 possumus
1029 1450 1070 1510 in.
1170 1433 1177 1448 ’

51 1550 140 1606 genere
162 1555 270 1598 eorum
293 1545 455 1599 Doctorum
477 1539 647 1616 opinionem
661 1539 800 1616 probare,
816 1540 866 1616 qui
880 1557 919 1600 ex
933 1555 1060 1600 consue-

50 1623 132 1686 tudine
140 1627 253 1688 tioitam
263 1628 422 1688 admittunt
431 1629 560 1704 plurium
572 1628 785 1688 beneficiorum
797 1629 1062 1706 incompatibilium

50 1715 238 1790 retentionem,
263 1717 378 1778 etiamsi
403 1717 546 1794 simplicia
569 1718 642 1791 sint3
664 1735 760 1794 neque
779 1735 938 1794 possumus
953 1719 1059 1778 admit-

50 1803 106 1875 tere,
125 1805 206 1880 quod
226 1805 267 1865 ait
280 1805 394 1879 Devoti,
416 1823 497 1866 nunc
514 1805 629 1870 scilicet
650 1823 689 1864 en
713 1807 929 1868 consuetudine
949 1807 1060 1881 ubique

50 1899 150 1967 recepta
175 1893 325 1953 neminem
345 1895 376 1952 iu
397 1895 462 1953 foro
481 1894 716 1954 controversiam
733 1895 806 1970 pati,
819 1894 902 1970 quod
915 1895 975 1972 duo
989 1911 1060 1968 pos-

52 1974 130 2040 sideat
144 1982 291 2042 beneficis
312 1982 556 2058 incompatibilia,
586 1982 701 2042 etiamsi
722 1999 816 2042 urium
836 1982 907 2042 satis
933 1981 1062 2059 praebeat

53 2067 178 2130 advitam
197 2070 423 2147 traducendam,
445 2073 536 2132 modo
552 2079 711 2148 utrumque
728 2071 919 2132 residentiam
937 2089 996 2131 non
1013 2087 1062 2130 re-

52 2155 288 2232 quictantiam
311 2159 415 2220 similis
439 2161 635 2234 consuetudo,
652 2160 756 2238 paucis
777 2161 911 2236 exceptis
930 2160 1061 2234 casibus,

53 2257 109 2304 vera
121 2253 166 2307 est
180 2250 363 2325 corruptela,
384 2255 414 2309 et
427 2249 621 2310 intolerabilis
642 2250 764 2323 ebusus,
779 2267 839 2326 quo
853 2265 942 2310 nemo
965 2255 1064 2326 potest

51 2346 120 2394 suam
133 2337 221 2396 tutari
242 2337 464 2412 conscientiam,
485 2337 554 2398 lieet
572 2355 653 2412 casu,
673 2344 724 2398 aut
744 2339 783 2397 ob
801 2339 980 2414 depravatos
997 2355 1063 2398 mo·

52 2435 99 2495 res,
118 2427 230 2486 nullam
252 2425 284 2488 in
299 2427 364 2487 foro
376 2426 505 2503 patiatur
530 2427 765 2488 controversiam
782 2447 788 2486 :
803 2427 949 2504 siquidem
973 2424 1066 2486 sacris

13 2517 16 2526 ‘
52 2514 215 2589 canonibus,
238 2522 268 2575 et
292 2516 400 2578 rationi
421 2524 576 2593 repugnat,
593 2517 740 2578 fructibus
754 2534 815 2576 non
830 2513 1004 2578 necessariis
1017 2531 1065 2574 se-
1083 2593 1084 2596 Ἴ

52 2601 133 2750 doridit
147 2603 286 2763 begieflcii
308 2605 449 2666 clericum
463 2605 531 2680 irini
548 2605 656 2682 quibus
672 2607 746 2666 aiter
763 2604 875 2681 indiget
891 2611 924 2664 et
944 2603 1065 2680 indigno

52 2701 122 2760 prona
134 2708 172 2752 ur
195 2697 212 2750 2
228 2736 234 2750 .

74 2835 322 2902 (t)1nstit.ecclcs.
343 2841 376 2894 de
397 2841 483 2907 praeb.
500 2839 513 2907 ἒ
533 2841 570 2892 ii.
589 2868 616 2880 -
634 2839 669 2907 (i)
684 2836 860 2896 Reidcnstuol
874 2841 907 2894 de
921 2835 1053 2908 praehend

51 2916 72 2954 u·
82 2907 133 2972 274,
146 2917 174 2964 et
187 2909 296 2978 Rigonti
308 2911 358 2966 loc.
375 2913 419 2966 cit.
433 2927 460 2964 n.
475 2914 516 2977 28,
527 2911 557 2965 72
572 2917 600 2982 et
609 2912 662 2965 126.

1188 2945 1194 2998 t
