<?xml version="1.0" encoding="UTF-8"?>
<!DOCTYPE html PUBLIC "-//W3C//DTD XHTML 1.0 Transitional//EN"
    "http://www.w3.org/TR/xhtml1/DTD/xhtml1-transitional.dtd">
<html xmlns="http://www.w3.org/1999/xhtml" xml:lang="en" lang="en">
 <head>
  <title>
</title>
<meta http-equiv="Content-Type" content="text/html;charset=utf-8" />
  <meta name='ocr-system' content='tesseract 3.04.00' />
  <meta name='ocr-capabilities' content='ocr_page ocr_carea ocr_par ocr_line ocrx_word'/>
</head>
<body>
  <div class='ocr_page' id='page_1' title='image "./summainstitutio01ferrgoog_0437.png"; bbox 0 0 2524 4080; ppageno 0'>
   <div class='ocr_carea' id='block_1_1' title="bbox 70 341 1165 778">
    <p class='ocr_par' dir='ltr' id='par_1_1' title="bbox 70 341 1165 778">
     <span class='ocr_line' id='line_1_1' title="bbox 140 341 1161 420; baseline -0.002 -16"><span class='ocrx_word' id='word_1_1' title='bbox 140 341 311 404; x_wconf 86' lang='lat' dir='ltr'><strong>necessaria</strong></span> <span class='ocrx_word' id='word_1_2' title='bbox 338 348 385 402; x_wconf 87' lang='lat' dir='ltr'><strong>cst</strong></span> <span class='ocrx_word' id='word_1_3' title='bbox 411 341 511 402; x_wconf 87' lang='lat' dir='ltr'><strong>citatio</strong></span> <span class='ocrx_word' id='word_1_4' title='bbox 534 359 628 404; x_wconf 90' lang='lat' dir='ltr'><strong>:nam</strong></span> <span class='ocrx_word' id='word_1_5' title='bbox 643 345 694 420; x_wconf 84' lang='lat' dir='ltr'><strong>jus</strong></span> <span class='ocrx_word' id='word_1_6' title='bbox 717 345 850 404; x_wconf 88' lang='lat' dir='ltr'><strong>naturale</strong></span> <span class='ocrx_word' id='word_1_7' title='bbox 873 351 965 417; x_wconf 84' lang='lat' dir='ltr'><strong>vetat,</strong></span> <span class='ocrx_word' id='word_1_8' title='bbox 993 343 1161 420; x_wconf 77' lang='lat' dir='ltr'><strong>quempiam</strong></span> 
     </span>
     <span class='ocr_line' id='line_1_2' title="bbox 140 430 1161 502; baseline -0.001 -10"><span class='ocrx_word' id='word_1_9' title='bbox 140 431 314 502; x_wconf 81' lang='lat' dir='ltr'><strong>inauditum,</strong></span> <span class='ocrx_word' id='word_1_10' title='bbox 337 437 367 492; x_wconf 90' lang='lat' dir='ltr'><strong>et</strong></span> <span class='ocrx_word' id='word_1_11' title='bbox 387 430 572 492; x_wconf 79' lang='lat' dir='ltr'><strong>indefensum</strong></span> <span class='ocrx_word' id='word_1_12' title='bbox 593 433 738 492; x_wconf 90' lang='lat' dir='ltr'><strong>damnari.</strong></span> <span class='ocrx_word' id='word_1_13' title='bbox 765 438 826 492; x_wconf 89' lang='lat' dir='ltr'><strong>llac</strong></span> <span class='ocrx_word' id='word_1_14' title='bbox 851 434 889 493; x_wconf 89' lang='lat' dir='ltr'><strong>de</strong></span> <span class='ocrx_word' id='word_1_15' title='bbox 914 449 1007 493; x_wconf 87' lang='lat' dir='ltr'><strong>causa</strong></span> <span class='ocrx_word' id='word_1_16' title='bbox 1030 433 1161 492; x_wconf 86' lang='lat' dir='ltr'><strong>delectus</strong></span> 
     </span>
     <span class='ocr_line' id='line_1_3' title="bbox 141 518 1161 598; baseline 0 -18"><span class='ocrx_word' id='word_1_17' title='bbox 141 518 289 580; x_wconf 77' lang='lat' dir='ltr'><strong>citationis</strong></span> <span class='ocrx_word' id='word_1_18' title='bbox 314 537 333 578; x_wconf 88' lang='lat' dir='ltr'><strong>a</strong></span> <span class='ocrx_word' id='word_1_19' title='bbox 357 520 548 598; x_wconf 79' lang='lat' dir='ltr'><strong>pragmaticis</strong></span> <span class='ocrx_word' id='word_1_20' title='bbox 573 522 681 582; x_wconf 90' lang='lat' dir='ltr'><strong>dicitur</strong></span> <span class='ocrx_word' id='word_1_21' title='bbox 707 521 896 598; x_wconf 82' lang='lat' dir='ltr'><strong>insanabilis,</strong></span> <span class='ocrx_word' id='word_1_22' title='bbox 919 529 949 582; x_wconf 88' lang='lat' dir='ltr'><strong>et</strong></span> <span class='ocrx_word' id='word_1_23' title='bbox 969 523 1097 594; x_wconf 90' lang='lat' dir='ltr'><strong>nullum,</strong></span> <span class='ocrx_word' id='word_1_24' title='bbox 1125 538 1161 580; x_wconf 87' lang='lat' dir='ltr'><strong>eo</strong></span> 
     </span>
     <span class='ocr_line' id='line_1_4' title="bbox 70 595 1164 688; baseline 0 -18"><span class='ocrx_word' id='word_1_25' title='bbox 70 595 78 618; x_wconf 89' lang='lat'><em>&#39;</em></span> <span class='ocrx_word' id='word_1_26' title='bbox 138 609 359 687; x_wconf 82' lang='lat' dir='ltr'><strong>praeexistente,</strong></span> <span class='ocrx_word' id='word_1_27' title='bbox 387 610 521 670; x_wconf 82' lang='lat' dir='ltr'><strong>redditur</strong></span> <span class='ocrx_word' id='word_1_28' title='bbox 544 612 700 687; x_wconf 83' lang='lat' dir='ltr'><strong>judicium.</strong></span> <span class='ocrx_word' id='word_1_29' title='bbox 720 617 808 672; x_wconf 84' lang='lat' dir='ltr'><strong>Facta</strong></span> <span class='ocrx_word' id='word_1_30' title='bbox 829 619 926 672; x_wconf 89' lang='lat' dir='ltr'><strong>tamen</strong></span> <span class='ocrx_word' id='word_1_31' title='bbox 947 611 1078 688; x_wconf 83' lang='lat' dir='ltr'><strong>legitima</strong></span> <span class='ocrx_word' id='word_1_32' title='bbox 1091 611 1164 670; x_wconf 88' lang='lat' dir='ltr'><strong>cila-</strong></span> 
     </span>
     <span class='ocr_line' id='line_1_5' title="bbox 136 697 1165 778; baseline 0.004 -22"><span class='ocrx_word' id='word_1_33' title='bbox 136 697 230 771; x_wconf 78' lang='lat' dir='ltr'><strong>done,</strong></span> <span class='ocrx_word' id='word_1_34' title='bbox 246 715 285 758; x_wconf 84' lang='lat' dir='ltr'><strong>ex</strong></span> <span class='ocrx_word' id='word_1_35' title='bbox 298 701 364 776; x_wconf 78' lang='lat' dir='ltr'><strong>jure</strong></span> <span class='ocrx_word' id='word_1_36' title='bbox 373 700 654 762; x_wconf 87' lang='lat' dir='ltr'><strong>canonicaliberum</strong></span> <span class='ocrx_word' id='word_1_37' title='bbox 667 707 711 760; x_wconf 89' lang='lat' dir='ltr'><strong>est</strong></span> <span class='ocrx_word' id='word_1_38' title='bbox 721 718 774 762; x_wconf 88' lang='lat' dir='ltr'><strong>reo</strong></span> <span class='ocrx_word' id='word_1_39' title='bbox 789 717 975 778; x_wconf 89' lang='lat' dir='ltr'><strong>comparare,</strong></span> <span class='ocrx_word' id='word_1_40' title='bbox 990 718 1027 760; x_wconf 90' lang='lat' dir='ltr'><strong>ac</strong></span> <span class='ocrx_word' id='word_1_41' title='bbox 1038 717 1165 776; x_wconf 89' lang='lat' dir='ltr'><strong>respon-</strong></span> 
     </span>
    </p>
   </div>
   <div class='ocr_carea' id='block_1_2' title="bbox 1260 0 1262 786">
    <p class='ocr_par' dir='ltr' id='par_1_2' title="bbox 1260 0 1262 786">
     <span class='ocr_line' id='line_1_6' title="bbox 1260 0 1262 786; baseline 0 0"><span class='ocrx_word' id='word_1_42' title='bbox 1260 0 1262 786; x_wconf 95' lang='lat' dir='ltr'><strong> </strong></span> 
     </span>
    </p>
   </div>
   <div class='ocr_carea' id='block_1_3' title="bbox 136 787 1260 954">
    <p class='ocr_par' dir='ltr' id='par_1_3' title="bbox 136 787 1260 954">
     <span class='ocr_line' id='line_1_7' title="bbox 137 787 1260 866; baseline 0.001 -20"><span class='ocrx_word' id='word_1_43' title='bbox 137 787 209 846; x_wconf 89' lang='lat' dir='ltr'><strong>dere</strong></span> <span class='ocrx_word' id='word_1_44' title='bbox 222 803 278 862; x_wconf 86' lang='lat' dir='ltr'><strong>per</strong></span> <span class='ocrx_word' id='word_1_45' title='bbox 291 804 379 848; x_wconf 91' lang='lat' dir='ltr'><strong>suum</strong></span> <span class='ocrx_word' id='word_1_46' title='bbox 399 797 635 866; x_wconf 82' lang='lat' dir='ltr'><strong>procuratorem,</strong></span> <span class='ocrx_word' id='word_1_47' title='bbox 646 788 704 850; x_wconf 91' lang='lat' dir='ltr'><strong>nisi</strong></span> <span class='ocrx_word' id='word_1_48' title='bbox 717 789 805 850; x_wconf 87' lang='lat' dir='ltr'><strong>luerit</strong></span> <span class='ocrx_word' id='word_1_49' title='bbox 821 790 860 850; x_wconf 90' lang='lat' dir='ltr'><strong>ad</strong></span> <span class='ocrx_word' id='word_1_50' title='bbox 872 789 1069 865; x_wconf 81' lang='lat' dir='ltr'><strong>personaliter</strong></span> <span class='ocrx_word' id='word_1_51' title='bbox 1083 805 1166 849; x_wconf 92' lang='lat' dir='ltr'><strong>com-</strong></span> <span class='ocrx_word' id='word_1_52' title='bbox 1259 793 1260 838; x_wconf 75' lang='lat' dir='ltr'><strong>l</strong></span> 
     </span>
     <span class='ocr_line' id='line_1_8' title="bbox 136 876 1260 954; baseline 0 -18"><span class='ocrx_word' id='word_1_53' title='bbox 136 876 302 952; x_wconf 85' lang='lat' dir='ltr'><strong>parendum</strong></span> <span class='ocrx_word' id='word_1_54' title='bbox 317 876 433 950; x_wconf 66' lang='lat' dir='ltr'><strong>cuatus,</strong></span> <span class='ocrx_word' id='word_1_55' title='bbox 448 879 529 954; x_wconf 93' lang='lat' dir='ltr'><strong>quod</strong></span> <span class='ocrx_word' id='word_1_56' title='bbox 540 879 634 953; x_wconf 86' lang='lat' dir='ltr'><strong>judici</strong></span> <span class='ocrx_word' id='word_1_57' title='bbox 647 895 708 938; x_wconf 93' lang='lat' dir='ltr'><strong>non</strong></span> <span class='ocrx_word' id='word_1_58' title='bbox 720 879 788 938; x_wconf 86' lang='lat' dir='ltr'><strong>licet</strong></span> <span class='ocrx_word' id='word_1_59' title='bbox 800 878 920 939; x_wconf 82' lang='lat' dir='ltr'><strong>edicere</strong></span> <span class='ocrx_word' id='word_1_60' title='bbox 932 877 989 938; x_wconf 88' lang='lat' dir='ltr'><strong>nisi</strong></span> <span class='ocrx_word' id='word_1_61' title='bbox 1002 879 1033 938; x_wconf 93' lang='lat' dir='ltr'><strong>in</strong></span> <span class='ocrx_word' id='word_1_62' title='bbox 1043 877 1166 954; x_wconf 87' lang='lat' dir='ltr'><strong>quibus·</strong></span> <span class='ocrx_word' id='word_1_63' title='bbox 1259 901 1260 936; x_wconf 78' lang='grc'>;</span> 
     </span>
    </p>
   </div>
   <div class='ocr_carea' id='block_1_4' title="bbox 139 963 1167 1310">
    <p class='ocr_par' dir='ltr' id='par_1_4' title="bbox 139 963 1167 1310">
     <span class='ocr_line' id='line_1_9' title="bbox 140 963 1166 1043; baseline 0.004 -19"><span class='ocrx_word' id='word_1_64' title='bbox 140 963 210 1024; x_wconf 91' lang='lat' dir='ltr'><strong>dam</strong></span> <span class='ocrx_word' id='word_1_65' title='bbox 233 965 351 1025; x_wconf 87' lang='lat' dir='ltr'><strong>casibus</strong></span> <span class='ocrx_word' id='word_1_66' title='bbox 369 983 409 1026; x_wconf 80' lang='lat' dir='ltr'><strong>ex</strong></span> <span class='ocrx_word' id='word_1_67' title='bbox 434 965 602 1026; x_wconf 83' lang='lat' dir='ltr'><strong>rationabili</strong></span> <span class='ocrx_word' id='word_1_68' title='bbox 626 985 716 1028; x_wconf 88' lang='lat' dir='ltr'><strong>causa</strong></span> <span class='ocrx_word' id='word_1_69' title='bbox 736 971 788 1040; x_wconf 86' lang='lat' dir='ltr'><strong>(l).</strong></span> <span class='ocrx_word' id='word_1_70' title='bbox 809 971 971 1043; x_wconf 84' lang='lat' dir='ltr'><strong>Propterea</strong></span> <span class='ocrx_word' id='word_1_71' title='bbox 995 967 1095 1027; x_wconf 85' lang='lat' dir='ltr'><strong>danda</strong></span> <span class='ocrx_word' id='word_1_72' title='bbox 1121 974 1166 1028; x_wconf 89' lang='lat' dir='ltr'><strong>est</strong></span> 
     </span>
     <span class='ocr_line' id='line_1_10' title="bbox 140 1053 1166 1132; baseline 0.004 -20"><span class='ocrx_word' id='word_1_73' title='bbox 140 1069 193 1112; x_wconf 89' lang='lat' dir='ltr'><strong>reo</strong></span> <span class='ocrx_word' id='word_1_74' title='bbox 205 1053 294 1114; x_wconf 87' lang='lat' dir='ltr'><strong>citato</strong></span> <span class='ocrx_word' id='word_1_75' title='bbox 307 1053 395 1130; x_wconf 89' lang='lat' dir='ltr'><strong>copia</strong></span> <span class='ocrx_word' id='word_1_76' title='bbox 406 1054 495 1114; x_wconf 91' lang='lat' dir='ltr'><strong>libelli</strong></span> <span class='ocrx_word' id='word_1_77' title='bbox 509 1055 628 1128; x_wconf 90' lang='lat' dir='ltr'><strong>actoris,</strong></span> <span class='ocrx_word' id='word_1_78' title='bbox 642 1062 676 1114; x_wconf 89' lang='lat' dir='ltr'><strong>ut</strong></span> <span class='ocrx_word' id='word_1_79' title='bbox 689 1056 745 1116; x_wconf 88' lang='lat' dir='ltr'><strong>rite</strong></span> <span class='ocrx_word' id='word_1_80' title='bbox 757 1061 919 1132; x_wconf 78' lang='lat' dir='ltr'><strong>cognoscat</strong></span> <span class='ocrx_word' id='word_1_81' title='bbox 931 1055 1125 1132; x_wconf 83' lang='lat' dir='ltr'><strong>petitionem(</strong></span> <span class='ocrx_word' id='word_1_82' title='bbox 1143 1063 1166 1132; x_wconf 88' lang='lat'><strong>),</strong></span> 
     </span>
     <span class='ocr_line' id='line_1_11' title="bbox 139 1142 1167 1222; baseline 0.002 -20"><span class='ocrx_word' id='word_1_83' title='bbox 139 1149 170 1202; x_wconf 87' lang='lat' dir='ltr'><strong>et</strong></span> <span class='ocrx_word' id='word_1_84' title='bbox 185 1142 397 1204; x_wconf 89' lang='lat' dir='ltr'><strong>concedendus</strong></span> <span class='ocrx_word' id='word_1_85' title='bbox 411 1150 458 1204; x_wconf 86' lang='lat' dir='ltr'><strong>est</strong></span> <span class='ocrx_word' id='word_1_86' title='bbox 471 1144 615 1204; x_wconf 89' lang='lat' dir='ltr'><strong>terminus</strong></span> <span class='ocrx_word' id='word_1_87' title='bbox 628 1144 865 1217; x_wconf 86' lang='lat' dir='ltr'><strong>deliberatoriua,</strong></span> <span class='ocrx_word' id='word_1_88' title='bbox 878 1145 929 1220; x_wconf 91' lang='lat' dir='ltr'><strong>qui</strong></span> <span class='ocrx_word' id='word_1_89' title='bbox 944 1161 983 1206; x_wconf 84' lang='lat' dir='ltr'><strong>ex</strong></span> <span class='ocrx_word' id='word_1_90' title='bbox 990 1146 1061 1222; x_wconf 83' lang='lat' dir='ltr'><strong>jure</strong></span> <span class='ocrx_word' id='word_1_91' title='bbox 1075 1163 1167 1206; x_wconf 86' lang='lat' dir='ltr'><strong>cauo-</strong></span> 
     </span>
     <span class='ocr_line' id='line_1_12' title="bbox 142 1229 917 1310; baseline 0.005 -20"><span class='ocrx_word' id='word_1_92' title='bbox 142 1229 211 1292; x_wconf 92' lang='lat' dir='ltr'><strong>nico</strong></span> <span class='ocrx_word' id='word_1_93' title='bbox 225 1244 271 1291; x_wconf 86' lang='lat' dir='ltr'><strong>est</strong></span> <span class='ocrx_word' id='word_1_94' title='bbox 288 1232 391 1309; x_wconf 81' lang='lat' dir='ltr'><strong>viginti</strong></span> <span class='ocrx_word' id='word_1_95' title='bbox 404 1233 530 1309; x_wconf 85' lang='lat' dir='ltr'><strong>dierum,</strong></span> <span class='ocrx_word' id='word_1_96' title='bbox 545 1241 575 1294; x_wconf 90' lang='lat' dir='ltr'><strong>et</strong></span> <span class='ocrx_word' id='word_1_97' title='bbox 589 1234 619 1293; x_wconf 93' lang='lat' dir='ltr'><strong>in</strong></span> <span class='ocrx_word' id='word_1_98' title='bbox 632 1234 719 1310; x_wconf 82' lang='lat' dir='ltr'><strong>praxi</strong></span> <span class='ocrx_word' id='word_1_99' title='bbox 733 1233 917 1294; x_wconf 86' lang='lat' dir='ltr'><strong>arbitrarius.</strong></span> 
     </span>
    </p>
   </div>
   <div class='ocr_carea' id='block_1_5' title="bbox 171 1387 1067 1457">
    <p class='ocr_par' dir='ltr' id='par_1_5' title="bbox 171 1387 1067 1457">
     <span class='ocr_line' id='line_1_13' title="bbox 171 1387 1067 1457; baseline 0 -17"><span class='ocrx_word' id='word_1_100' title='bbox 171 1390 207 1454; x_wconf 91' lang='lat' dir='ltr'><strong>(l)</strong></span> <span class='ocrx_word' id='word_1_101' title='bbox 219 1389 283 1454; x_wconf 84' lang='lat' dir='ltr'><strong>cap.</strong></span> <span class='ocrx_word' id='word_1_102' title='bbox 303 1387 313 1440; x_wconf 93' lang='lat' dir='ltr'><strong>l</strong></span> <span class='ocrx_word' id='word_1_103' title='bbox 328 1394 356 1442; x_wconf 89' lang='lat' dir='ltr'><strong>ot</strong></span> <span class='ocrx_word' id='word_1_104' title='bbox 367 1389 393 1454; x_wconf 76' lang='lat'><strong>2,</strong></span> <span class='ocrx_word' id='word_1_105' title='bbox 407 1389 533 1455; x_wconf 81' lang='lat' dir='ltr'><strong>dejudic.</strong></span> <span class='ocrx_word' id='word_1_106' title='bbox 545 1391 572 1442; x_wconf 90' lang='lat' dir='ltr'><strong>in</strong></span> <span class='ocrx_word' id='word_1_107' title='bbox 588 1391 611 1442; x_wconf 86' lang='lat'><strong>6.</strong></span> <span class='ocrx_word' id='word_1_108' title='bbox 627 1418 658 1428; x_wconf 93' lang='lat'>-</span> <span class='ocrx_word' id='word_1_109' title='bbox 671 1391 706 1457; x_wconf 71' lang='lat' dir='ltr'><strong>(i)</strong></span> <span class='ocrx_word' id='word_1_110' title='bbox 721 1391 785 1456; x_wconf 81' lang='lat' dir='ltr'><strong>(lap.</strong></span> <span class='ocrx_word' id='word_1_111' title='bbox 803 1391 826 1452; x_wconf 95' lang='lat' dir='ltr'><strong>l,</strong></span> <span class='ocrx_word' id='word_1_112' title='bbox 840 1391 874 1443; x_wconf 87' lang='lat' dir='ltr'><strong>de</strong></span> <span class='ocrx_word' id='word_1_113' title='bbox 891 1391 966 1443; x_wconf 84' lang='lat' dir='ltr'><strong>libel.</strong></span> <span class='ocrx_word' id='word_1_114' title='bbox 982 1390 1067 1442; x_wconf 88' lang='lat' dir='ltr'><strong>oblat.</strong></span> 
     </span>
    </p>
   </div>
   <div class='ocr_carea' id='block_1_6' title="bbox 138 1575 1172 3337">
    <p class='ocr_par' dir='ltr' id='par_1_6' title="bbox 138 1575 1172 2606">
     <span class='ocr_line' id='line_1_14' title="bbox 177 1575 1165 1652; baseline 0.002 -20"><span class='ocrx_word' id='word_1_115' title='bbox 177 1579 240 1634; x_wconf 82' lang='lat'><strong>778.</strong></span> <span class='ocrx_word' id='word_1_116' title='bbox 261 1575 364 1636; x_wconf 86' lang='lat' dir='ltr'><strong>Citatio</strong></span> <span class='ocrx_word' id='word_1_117' title='bbox 388 1576 489 1637; x_wconf 90' lang='lat' dir='ltr'><strong>multis</strong></span> <span class='ocrx_word' id='word_1_118' title='bbox 514 1575 655 1638; x_wconf 88' lang='lat' dir='ltr'><strong>dividitur</strong></span> <span class='ocrx_word' id='word_1_119' title='bbox 680 1577 788 1649; x_wconf 87' lang='lat' dir='ltr'><strong>modis,</strong></span> <span class='ocrx_word' id='word_1_120' title='bbox 818 1591 926 1652; x_wconf 88' lang='lat' dir='ltr'><strong>nempe</strong></span> <span class='ocrx_word' id='word_1_121' title='bbox 952 1580 983 1634; x_wconf 90' lang='lat' dir='ltr'><strong>in</strong></span> <span class='ocrx_word' id='word_1_122' title='bbox 1006 1575 1165 1652; x_wconf 82' lang='lat' dir='ltr'><strong>publicam,</strong></span> 
     </span>
     <span class='ocr_line' id='line_1_15' title="bbox 141 1662 1165 1741; baseline 0.004 -21"><span class='ocrx_word' id='word_1_123' title='bbox 141 1662 204 1721; x_wconf 84' lang='lat' dir='ltr'><strong>sive</strong></span> <span class='ocrx_word' id='word_1_124' title='bbox 214 1663 375 1736; x_wconf 78' lang='lat' dir='ltr'><strong>edictalem,</strong></span> <span class='ocrx_word' id='word_1_125' title='bbox 391 1683 458 1741; x_wconf 81' lang='lat' dir='ltr'><strong>quae</strong></span> <span class='ocrx_word' id='word_1_126' title='bbox 469 1682 509 1724; x_wconf 84' lang='lat' dir='ltr'><strong>ex</strong></span> <span class='ocrx_word' id='word_1_127' title='bbox 519 1667 616 1740; x_wconf 86' lang='lat' dir='ltr'><strong>aliqua</strong></span> <span class='ocrx_word' id='word_1_128' title='bbox 626 1667 706 1741; x_wconf 85' lang='lat' dir='ltr'><strong>justa</strong></span> <span class='ocrx_word' id='word_1_129' title='bbox 715 1683 805 1725; x_wconf 73' lang='lat' dir='ltr'><strong>carisa</strong></span> <span class='ocrx_word' id='word_1_130' title='bbox 818 1665 935 1741; x_wconf 90' lang='lat' dir='ltr'><strong>publice</strong></span> <span class='ocrx_word' id='word_1_131' title='bbox 949 1665 982 1724; x_wconf 89' lang='lat' dir='ltr'><strong>lit</strong></span> <span class='ocrx_word' id='word_1_132' title='bbox 994 1681 1049 1740; x_wconf 91' lang='lat' dir='ltr'><strong>per</strong></span> <span class='ocrx_word' id='word_1_133' title='bbox 1061 1681 1165 1724; x_wconf 89' lang='lat' dir='ltr'><strong>vocem</strong></span> 
     </span>
     <span class='ocr_line' id='line_1_16' title="bbox 140 1751 1167 1831; baseline 0.003 -23"><span class='ocrx_word' id='word_1_134' title='bbox 140 1751 288 1826; x_wconf 59' lang='lat' dir='ltr'><strong>praeconis</strong></span> <span class='ocrx_word' id='word_1_135' title='bbox 306 1760 357 1812; x_wconf 90' lang='lat' dir='ltr'><strong>aut</strong></span> <span class='ocrx_word' id='word_1_136' title='bbox 377 1754 517 1828; x_wconf 83' lang='lat' dir='ltr'><strong>edictum,</strong></span> <span class='ocrx_word' id='word_1_137' title='bbox 533 1762 563 1816; x_wconf 92' lang='lat' dir='ltr'><strong>et</strong></span> <span class='ocrx_word' id='word_1_138' title='bbox 575 1756 734 1831; x_wconf 81' lang='lat' dir='ltr'><strong>priuatam,</strong></span> <span class='ocrx_word' id='word_1_139' title='bbox 749 1771 815 1830; x_wconf 86' lang='lat' dir='ltr'><strong>quae</strong></span> <span class='ocrx_word' id='word_1_140' title='bbox 833 1755 866 1813; x_wconf 87' lang='lat' dir='ltr'><strong>lit</strong></span> <span class='ocrx_word' id='word_1_141' title='bbox 879 1771 934 1829; x_wconf 90' lang='lat' dir='ltr'><strong>per</strong></span> <span class='ocrx_word' id='word_1_142' title='bbox 947 1753 1104 1826; x_wconf 86' lang='lat' dir='ltr'><strong>nuncium,</strong></span> <span class='ocrx_word' id='word_1_143' title='bbox 1120 1761 1167 1810; x_wconf 88' lang='lat' dir='ltr'><strong>aut</strong></span> 
     </span>
     <span class='ocr_line' id='line_1_17' title="bbox 143 1841 1166 1918; baseline 0.003 -21"><span class='ocrx_word' id='word_1_144' title='bbox 143 1855 298 1899; x_wconf 87' lang='lat' dir='ltr'><strong>cursorem</strong></span> <span class='ocrx_word' id='word_1_145' title='bbox 319 1841 348 1900; x_wconf 93' lang='lat' dir='ltr'><strong>in</strong></span> <span class='ocrx_word' id='word_1_146' title='bbox 363 1859 532 1918; x_wconf 87' lang='lat' dir='ltr'><strong>porsonam,</strong></span> <span class='ocrx_word' id='word_1_147' title='bbox 555 1843 655 1902; x_wconf 89' lang='lat' dir='ltr'><strong>autad</strong></span> <span class='ocrx_word' id='word_1_148' title='bbox 671 1844 793 1902; x_wconf 91' lang='lat' dir='ltr'><strong>domum</strong></span> <span class='ocrx_word' id='word_1_149' title='bbox 808 1842 934 1914; x_wconf 83' lang='lat' dir='ltr'><strong>citandi3</strong></span> <span class='ocrx_word' id='word_1_150' title='bbox 959 1842 988 1900; x_wconf 91' lang='lat' dir='ltr'><strong>in</strong></span> <span class='ocrx_word' id='word_1_151' title='bbox 1010 1841 1166 1910; x_wconf 82' lang='lat' dir='ltr'><strong>verbalem,</strong></span> 
     </span>
     <span class='ocr_line' id='line_1_18' title="bbox 143 1929 1166 2006; baseline 0.003 -21"><span class='ocrx_word' id='word_1_152' title='bbox 143 1943 210 2002; x_wconf 74' lang='lat' dir='ltr'><strong>atrae</strong></span> <span class='ocrx_word' id='word_1_153' title='bbox 229 1929 261 1986; x_wconf 88' lang='lat' dir='ltr'><strong>iit</strong></span> <span class='ocrx_word' id='word_1_154' title='bbox 279 1929 379 1988; x_wconf 88' lang='lat' dir='ltr'><strong>verbis</strong></span> <span class='ocrx_word' id='word_1_155' title='bbox 402 1947 456 2006; x_wconf 88' lang='lat' dir='ltr'><strong>per</strong></span> <span class='ocrx_word' id='word_1_156' title='bbox 479 1932 659 1990; x_wconf 87' lang='lat' dir='ltr'><strong>oblationem</strong></span> <span class='ocrx_word' id='word_1_157' title='bbox 680 1931 790 1991; x_wconf 89' lang='lat' dir='ltr'><strong>decreti</strong></span> <span class='ocrx_word' id='word_1_158' title='bbox 814 1930 970 2006; x_wconf 81' lang='lat' dir='ltr'><strong>J&#39;udicialis,</strong></span> <span class='ocrx_word' id='word_1_159' title='bbox 991 1937 1022 1989; x_wconf 91' lang='lat' dir='ltr'><strong>et</strong></span> <span class='ocrx_word' id='word_1_160' title='bbox 1045 1931 1166 1999; x_wconf 82' lang='lat' dir='ltr'><strong>realem,</strong></span> 
     </span>
     <span class='ocr_line' id='line_1_19' title="bbox 142 2017 1168 2098; baseline 0.003 -25"><span class='ocrx_word' id='word_1_161' title='bbox 142 2033 209 2090; x_wconf 77' lang='lat' dir='ltr'><strong>quae</strong></span> <span class='ocrx_word' id='word_1_162' title='bbox 225 2017 304 2075; x_wconf 89' lang='lat' dir='ltr'><strong>lacto</strong></span> <span class='ocrx_word' id='word_1_163' title='bbox 323 2025 440 2078; x_wconf 88' lang='lat' dir='ltr'><strong>constat</strong></span> <span class='ocrx_word' id='word_1_164' title='bbox 461 2018 491 2077; x_wconf 92' lang='lat' dir='ltr'><strong>in</strong></span> <span class='ocrx_word' id='word_1_165' title='bbox 507 2020 551 2078; x_wconf 87' lang='lat' dir='ltr'><strong>rei</strong></span> <span class='ocrx_word' id='word_1_166' title='bbox 572 2027 712 2096; x_wconf 85' lang='lat' dir='ltr'><strong>captura;</strong></span> <span class='ocrx_word' id='word_1_167' title='bbox 734 2020 763 2078; x_wconf 94' lang='lat' dir='ltr'><strong>in</strong></span> <span class='ocrx_word' id='word_1_168' title='bbox 787 2019 958 2098; x_wconf 82' lang='lat' dir='ltr'><strong>simplicem,</strong></span> <span class='ocrx_word' id='word_1_169' title='bbox 983 2035 1052 2094; x_wconf 84' lang='lat' dir='ltr'><strong>quae</strong></span> <span class='ocrx_word' id='word_1_170' title='bbox 1075 2019 1168 2078; x_wconf 87' lang='lat' dir='ltr'><strong>trihus</strong></span> 
     </span>
     <span class='ocr_line' id='line_1_20' title="bbox 141 2103 1168 2184; baseline 0.004 -22"><span class='ocrx_word' id='word_1_171' title='bbox 141 2103 256 2162; x_wconf 87' lang='lat' dir='ltr'><strong>vicibus</strong></span> <span class='ocrx_word' id='word_1_172' title='bbox 270 2112 315 2164; x_wconf 91' lang='lat' dir='ltr'><strong>est</strong></span> <span class='ocrx_word' id='word_1_173' title='bbox 333 2108 506 2184; x_wconf 87' lang='lat' dir='ltr'><strong>repetenda,</strong></span> <span class='ocrx_word' id='word_1_174' title='bbox 530 2116 562 2167; x_wconf 91' lang='lat' dir='ltr'><strong>ut</strong></span> <span class='ocrx_word' id='word_1_175' title='bbox 583 2125 653 2167; x_wconf 87' lang='lat' dir='ltr'><strong>rcus</strong></span> <span class='ocrx_word' id='word_1_176' title='bbox 668 2116 819 2184; x_wconf 89' lang='lat' dir='ltr'><strong>tamquam</strong></span> <span class='ocrx_word' id='word_1_177' title='bbox 837 2115 999 2168; x_wconf 82' lang='lat' dir='ltr'><strong>contumax</strong></span> <span class='ocrx_word' id='word_1_178' title='bbox 1014 2107 1111 2183; x_wconf 84' lang='lat' dir='ltr'><strong>possit</strong></span> <span class='ocrx_word' id='word_1_179' title='bbox 1130 2125 1168 2166; x_wconf 88' lang='lat' dir='ltr'><strong>ex</strong></span> 
     </span>
     <span class='ocr_line' id='line_1_21' title="bbox 138 2191 1170 2272; baseline 0.005 -23"><span class='ocrx_word' id='word_1_180' title='bbox 138 2191 207 2266; x_wconf 91' lang='lat' dir='ltr'><strong>jure</strong></span> <span class='ocrx_word' id='word_1_181' title='bbox 219 2193 363 2252; x_wconf 89' lang='lat' dir='ltr'><strong>canonico</strong></span> <span class='ocrx_word' id='word_1_182' title='bbox 376 2194 485 2269; x_wconf 84' lang='lat' dir='ltr'><strong>puniri,</strong></span> <span class='ocrx_word' id='word_1_183' title='bbox 507 2202 537 2254; x_wconf 88' lang='lat' dir='ltr'><strong>ct</strong></span> <span class='ocrx_word' id='word_1_184' title='bbox 548 2199 785 2272; x_wconf 84' lang='lat' dir='ltr'><strong>peremptoriam,</strong></span> <span class='ocrx_word' id='word_1_185' title='bbox 806 2213 872 2272; x_wconf 81' lang='lat' dir='ltr'><strong>quae</strong></span> <span class='ocrx_word' id='word_1_186' title='bbox 885 2196 964 2256; x_wconf 80' lang='lat' dir='ltr'><strong>lieet</strong></span> <span class='ocrx_word' id='word_1_187' title='bbox 974 2195 1013 2255; x_wconf 89' lang='lat' dir='ltr'><strong>sit</strong></span> <span class='ocrx_word' id='word_1_188' title='bbox 1029 2195 1118 2255; x_wconf 85' lang='lat' dir='ltr'><strong>unica</strong></span> <span class='ocrx_word' id='word_1_189' title='bbox 1131 2197 1170 2254; x_wconf 90' lang='lat' dir='ltr'><strong>ad</strong></span> 
     </span>
     <span class='ocr_line' id='line_1_22' title="bbox 141 2279 1168 2362; baseline 0.006 -24"><span class='ocrx_word' id='word_1_190' title='bbox 141 2279 254 2340; x_wconf 91' lang='lat' dir='ltr'><strong>dictum</strong></span> <span class='ocrx_word' id='word_1_191' title='bbox 271 2283 410 2342; x_wconf 85' lang='lat' dir='ltr'><strong>effectum</strong></span> <span class='ocrx_word' id='word_1_192' title='bbox 429 2284 585 2360; x_wconf 87' lang='lat' dir='ltr'><strong>aequivalet</strong></span> <span class='ocrx_word' id='word_1_193' title='bbox 605 2285 715 2358; x_wconf 80' lang='lat' dir='ltr'><strong>tribus3</strong></span> <span class='ocrx_word' id='word_1_194' title='bbox 736 2303 773 2344; x_wconf 89' lang='lat' dir='ltr'><strong>ac</strong></span> <span class='ocrx_word' id='word_1_195' title='bbox 790 2285 918 2362; x_wconf 92' lang='lat' dir='ltr'><strong>denique</strong></span> <span class='ocrx_word' id='word_1_196' title='bbox 940 2285 970 2344; x_wconf 92' lang='lat' dir='ltr'><strong>in</strong></span> <span class='ocrx_word' id='word_1_197' title='bbox 988 2285 1168 2360; x_wconf 77' lang='lat' dir='ltr'><strong>pecoralem,</strong></span> 
     </span>
     <span class='ocr_line' id='line_1_23' title="bbox 141 2370 1169 2450; baseline 0.007 -22"><span class='ocrx_word' id='word_1_198' title='bbox 141 2386 211 2430; x_wconf 90' lang='lat' dir='ltr'><strong>cum</strong></span> <span class='ocrx_word' id='word_1_199' title='bbox 226 2370 354 2431; x_wconf 82' lang='lat' dir='ltr'><strong>citantur</strong></span> <span class='ocrx_word' id='word_1_200' title='bbox 368 2389 473 2432; x_wconf 89' lang='lat' dir='ltr'><strong>omnes</strong></span> <span class='ocrx_word' id='word_1_201' title='bbox 487 2375 630 2434; x_wconf 87' lang='lat' dir='ltr'><strong>habentes</strong></span> <span class='ocrx_word' id='word_1_202' title='bbox 643 2375 672 2433; x_wconf 93' lang='lat' dir='ltr'><strong>in</strong></span> <span class='ocrx_word' id='word_1_203' title='bbox 688 2393 778 2434; x_wconf 89' lang='lat' dir='ltr'><strong>causa</strong></span> <span class='ocrx_word' id='word_1_204' title='bbox 792 2375 944 2447; x_wconf 88' lang='lat' dir='ltr'><strong>interesse,</strong></span> <span class='ocrx_word' id='word_1_205' title='bbox 961 2381 991 2432; x_wconf 84' lang='lat' dir='ltr'><strong>ct</strong></span> <span class='ocrx_word' id='word_1_206' title='bbox 1002 2375 1169 2450; x_wconf 83' lang='lat' dir='ltr'><strong>specialem,</strong></span> 
     </span>
     <span class='ocr_line' id='line_1_24' title="bbox 141 2459 1172 2539; baseline 0.004 -23"><span class='ocrx_word' id='word_1_207' title='bbox 141 2475 211 2518; x_wconf 92' lang='lat' dir='ltr'><strong>cum</strong></span> <span class='ocrx_word' id='word_1_208' title='bbox 230 2459 327 2534; x_wconf 86' lang='lat' dir='ltr'><strong>unica,</strong></span> <span class='ocrx_word' id='word_1_209' title='bbox 351 2467 401 2520; x_wconf 88' lang='lat' dir='ltr'><strong>aut</strong></span> <span class='ocrx_word' id='word_1_210' title='bbox 418 2463 520 2537; x_wconf 89' lang='lat' dir='ltr'><strong>plures</strong></span> <span class='ocrx_word' id='word_1_211' title='bbox 532 2480 670 2538; x_wconf 84' lang='lat' dir='ltr'><strong>personae</strong></span> <span class='ocrx_word' id='word_1_212' title='bbox 688 2463 866 2539; x_wconf 76' lang='lat' dir='ltr'><strong>singillatim,</strong></span> <span class='ocrx_word' id='word_1_213' title='bbox 889 2469 918 2522; x_wconf 92' lang='lat' dir='ltr'><strong>et</strong></span> <span class='ocrx_word' id='word_1_214' title='bbox 935 2461 1107 2537; x_wconf 86' lang='lat' dir='ltr'><strong>specialiter</strong></span> <span class='ocrx_word' id='word_1_215' title='bbox 1127 2461 1172 2520; x_wconf 89' lang='lat' dir='ltr'><strong>ei·</strong></span> 
     </span>
     <span class='ocr_line' id='line_1_25' title="bbox 141 2552 251 2606; baseline 0.027 -2"><span class='ocrx_word' id='word_1_216' title='bbox 141 2552 251 2606; x_wconf 87' lang='lat' dir='ltr'><strong>tantur.</strong></span> 
     </span>
    </p>

    <p class='ocr_par' dir='ltr' id='par_1_7' title="bbox 140 2637 1172 3337">
     <span class='ocr_line' id='line_1_26' title="bbox 176 2637 1172 2716; baseline 0.007 -23"><span class='ocrx_word' id='word_1_217' title='bbox 176 2639 238 2696; x_wconf 78' lang='lat'><strong>779.</strong></span> <span class='ocrx_word' id='word_1_218' title='bbox 259 2642 295 2696; x_wconf 88' lang='lat' dir='ltr'><strong>Ut</strong></span> <span class='ocrx_word' id='word_1_219' title='bbox 313 2637 413 2698; x_wconf 88' lang='lat' dir='ltr'><strong>citatio</strong></span> <span class='ocrx_word' id='word_1_220' title='bbox 433 2655 518 2698; x_wconf 88' lang='lat' dir='ltr'><strong>reum</strong></span> <span class='ocrx_word' id='word_1_221' title='bbox 539 2656 600 2699; x_wconf 90' lang='lat' dir='ltr'><strong>non</strong></span> <span class='ocrx_word' id='word_1_222' title='bbox 623 2647 847 2716; x_wconf 88' lang='lat' dir='ltr'><strong>comparentem</strong></span> <span class='ocrx_word' id='word_1_223' title='bbox 864 2641 969 2700; x_wconf 87' lang='lat' dir='ltr'><strong>reddat</strong></span> <span class='ocrx_word' id='word_1_224' title='bbox 988 2640 1172 2716; x_wconf 87' lang='lat' dir='ltr'><strong>judicialiter</strong></span> 
     </span>
     <span class='ocr_line' id='line_1_27' title="bbox 142 2727 1171 2806; baseline 0.006 -24"><span class='ocrx_word' id='word_1_225' title='bbox 142 2732 349 2786; x_wconf 87' lang='lat' dir='ltr'><strong>contumacem</strong></span> <span class='ocrx_word' id='word_1_226' title='bbox 368 2727 457 2787; x_wconf 89' lang='lat' dir='ltr'><strong>debet</strong></span> <span class='ocrx_word' id='word_1_227' title='bbox 479 2745 547 2787; x_wconf 89' lang='lat' dir='ltr'><strong>esse</strong></span> <span class='ocrx_word' id='word_1_228' title='bbox 562 2731 645 2805; x_wconf 89' lang='lat' dir='ltr'><strong>prius</strong></span> <span class='ocrx_word' id='word_1_229' title='bbox 665 2747 719 2804; x_wconf 90' lang='lat' dir='ltr'><strong>per</strong></span> <span class='ocrx_word' id='word_1_230' title='bbox 734 2729 843 2806; x_wconf 91' lang='lat' dir='ltr'><strong>judicis</strong></span> <span class='ocrx_word' id='word_1_231' title='bbox 865 2729 1021 2789; x_wconf 89' lang='lat' dir='ltr'><strong>decretum</strong></span> <span class='ocrx_word' id='word_1_232' title='bbox 1043 2729 1171 2803; x_wconf 87' lang='lat' dir='ltr'><strong>sancita,</strong></span> 
     </span>
     <span class='ocr_line' id='line_1_28' title="bbox 141 2813 1171 2893; baseline 0.005 -21"><span class='ocrx_word' id='word_1_233' title='bbox 141 2813 249 2873; x_wconf 88' lang='lat' dir='ltr'><strong>deinde</strong></span> <span class='ocrx_word' id='word_1_234' title='bbox 264 2831 319 2890; x_wconf 89' lang='lat' dir='ltr'><strong>per</strong></span> <span class='ocrx_word' id='word_1_235' title='bbox 334 2833 488 2876; x_wconf 90' lang='lat' dir='ltr'><strong>cursorem</strong></span> <span class='ocrx_word' id='word_1_236' title='bbox 502 2835 554 2878; x_wconf 90' lang='lat' dir='ltr'><strong>reo</strong></span> <span class='ocrx_word' id='word_1_237' title='bbox 565 2817 694 2893; x_wconf 84' lang='lat' dir='ltr'><strong>legitime</strong></span> <span class='ocrx_word' id='word_1_238' title='bbox 709 2818 896 2891; x_wconf 90' lang='lat' dir='ltr'><strong>denunciata,</strong></span> <span class='ocrx_word' id='word_1_239' title='bbox 912 2817 1051 2878; x_wconf 81' lang='lat' dir='ltr'><strong>caeliam</strong></span> <span class='ocrx_word' id='word_1_240' title='bbox 1069 2819 1171 2893; x_wconf 89' lang='lat' dir='ltr'><strong>quoad</strong></span> 
     </span>
     <span class='ocr_line' id='line_1_29' title="bbox 140 2904 1171 2983; baseline 0.008 -25"><span class='ocrx_word' id='word_1_241' title='bbox 140 2917 225 2960; x_wconf 88' lang='lat' dir='ltr'><strong>auam</strong></span> <span class='ocrx_word' id='word_1_242' title='bbox 239 2904 443 2965; x_wconf 87' lang='lat' dir='ltr'><strong>executionem</strong></span> <span class='ocrx_word' id='word_1_243' title='bbox 457 2907 496 2966; x_wconf 90' lang='lat' dir='ltr'><strong>ad</strong></span> <span class='ocrx_word' id='word_1_244' title='bbox 509 2914 575 2966; x_wconf 86' lang='lat' dir='ltr'><strong>acta</strong></span> <span class='ocrx_word' id='word_1_245' title='bbox 587 2908 676 2966; x_wconf 89' lang='lat' dir='ltr'><strong>debet</strong></span> <span class='ocrx_word' id='word_1_246' title='bbox 689 2924 755 2967; x_wconf 89' lang='lat' dir='ltr'><strong>esse</strong></span> <span class='ocrx_word' id='word_1_247' title='bbox 770 2907 1004 2983; x_wconf 65' lang='lat' dir='ltr'><strong>transcriptam</strong></span> <span class='ocrx_word' id='word_1_248' title='bbox 1017 2907 1056 2966; x_wconf 91' lang='lat' dir='ltr'><strong>de</strong></span> <span class='ocrx_word' id='word_1_249' title='bbox 1063 2907 1171 2966; x_wconf 88' lang='lat' dir='ltr'><strong>eadem</strong></span> 
     </span>
     <span class='ocr_line' id='line_1_30' title="bbox 140 2993 1171 3068; baseline 0.008 -20"><span class='ocrx_word' id='word_1_250' title='bbox 140 3007 259 3065; x_wconf 82' lang='lat' dir='ltr'><strong>semper</strong></span> <span class='ocrx_word' id='word_1_251' title='bbox 287 2993 469 3053; x_wconf 86' lang='lat' dir='ltr'><strong>sufficienler</strong></span> <span class='ocrx_word' id='word_1_252' title='bbox 489 3003 628 3068; x_wconf 79' lang='lat' dir='ltr'><strong>constet3</strong></span> <span class='ocrx_word' id='word_1_253' title='bbox 651 2997 740 3055; x_wconf 89' lang='lat' dir='ltr'><strong>debet</strong></span> <span class='ocrx_word' id='word_1_254' title='bbox 760 2996 848 3055; x_wconf 90' lang='lat' dir='ltr'><strong>etiam</strong></span> <span class='ocrx_word' id='word_1_255' title='bbox 873 2997 984 3056; x_wconf 86' lang='lat' dir='ltr'><strong>referre</strong></span> <span class='ocrx_word' id='word_1_256' title='bbox 1007 3012 1119 3054; x_wconf 89' lang='lat' dir='ltr'><strong>nomen</strong></span> <span class='ocrx_word' id='word_1_257' title='bbox 1141 3003 1171 3056; x_wconf 90' lang='lat' dir='ltr'><strong>et</strong></span> 
     </span>
     <span class='ocr_line' id='line_1_31' title="bbox 142 3082 1170 3162; baseline 0.004 -24"><span class='ocrx_word' id='word_1_258' title='bbox 142 3095 313 3154; x_wconf 74' lang='lat' dir='ltr'><strong>cognomen</strong></span> <span class='ocrx_word' id='word_1_259' title='bbox 331 3082 441 3142; x_wconf 84' lang='lat' dir='ltr'><strong>actoris</strong></span> <span class='ocrx_word' id='word_1_260' title='bbox 459 3089 488 3142; x_wconf 91' lang='lat' dir='ltr'><strong>et</strong></span> <span class='ocrx_word' id='word_1_261' title='bbox 509 3084 560 3162; x_wconf 58' lang='lat' dir='ltr'><strong>rei,</strong></span> <span class='ocrx_word' id='word_1_262' title='bbox 583 3101 691 3157; x_wconf 85' lang='lat' dir='ltr'><strong>nomen</strong></span> <span class='ocrx_word' id='word_1_263' title='bbox 706 3085 755 3143; x_wconf 89' lang='lat' dir='ltr'><strong>vel</strong></span> <span class='ocrx_word' id='word_1_264' title='bbox 768 3084 898 3144; x_wconf 81' lang='lat' dir='ltr'><strong>officium</strong></span> <span class='ocrx_word' id='word_1_265' title='bbox 913 3083 1034 3160; x_wconf 86' lang='lat' dir='ltr'><strong>judicis,</strong></span> <span class='ocrx_word' id='word_1_266' title='bbox 1049 3101 1089 3144; x_wconf 84' lang='lat' dir='ltr'><strong>ex</strong></span> <span class='ocrx_word' id='word_1_267' title='bbox 1102 3085 1170 3160; x_wconf 88' lang='lat' dir='ltr'><strong>jure</strong></span> 
     </span>
     <span class='ocr_line' id='line_1_32' title="bbox 142 3159 1167 3248; baseline 0.003 -21"><span class='ocrx_word' id='word_1_268' title='bbox 142 3159 297 3243; x_wconf 81' lang='lat' dir='ltr'><strong>canonico,</strong></span> <span class='ocrx_word' id='word_1_269' title='bbox 315 3177 453 3230; x_wconf 91' lang='lat' dir='ltr'><strong>naturam</strong></span> <span class='ocrx_word' id='word_1_270' title='bbox 475 3189 584 3246; x_wconf 85' lang='lat' dir='ltr'><strong>causae,</strong></span> <span class='ocrx_word' id='word_1_271' title='bbox 611 3174 711 3232; x_wconf 90' lang='lat' dir='ltr'><strong>locum</strong></span> <span class='ocrx_word' id='word_1_272' title='bbox 728 3173 839 3248; x_wconf 90' lang='lat' dir='ltr'><strong>judicii,</strong></span> <span class='ocrx_word' id='word_1_273' title='bbox 860 3189 896 3232; x_wconf 89' lang='lat' dir='ltr'><strong>ac</strong></span> <span class='ocrx_word' id='word_1_274' title='bbox 914 3172 1075 3232; x_wconf 89' lang='lat' dir='ltr'><strong>terminum</strong></span> <span class='ocrx_word' id='word_1_275' title='bbox 1094 3189 1167 3232; x_wconf 90' lang='lat' dir='ltr'><strong>con-</strong></span> 
     </span>
     <span class='ocr_line' id='line_1_33' title="bbox 141 3259 1100 3337; baseline 0.006 -21"><span class='ocrx_word' id='word_1_276' title='bbox 141 3265 293 3331; x_wconf 82' lang='lat' dir='ltr'><strong>gramnat</strong></span> <span class='ocrx_word' id='word_1_277' title='bbox 312 3266 426 3318; x_wconf 87' lang='lat' dir='ltr'><strong>certum</strong></span> <span class='ocrx_word' id='word_1_278' title='bbox 441 3259 478 3320; x_wconf 88' lang='lat' dir='ltr'><strong>ad</strong></span> <span class='ocrx_word' id='word_1_279' title='bbox 494 3262 726 3336; x_wconf 88' lang='lat' dir='ltr'><strong>comparendum</strong></span> <span class='ocrx_word' id='word_1_280' title='bbox 740 3261 945 3337; x_wconf 83' lang='lat' dir='ltr'><strong>assignatum(</strong></span> <span class='ocrx_word' id='word_1_281' title='bbox 965 3265 986 3335; x_wconf 89' lang='lat'><strong>).</strong></span> <span class='ocrx_word' id='word_1_282' title='bbox 1097 3261 1100 3268; x_wconf 83' lang='lat'><em>&#39;</em></span> 
     </span>
    </p>
   </div>
   <div class='ocr_carea' id='block_1_7' title="bbox 127 3401 1164 3685">
    <p class='ocr_par' dir='ltr' id='par_1_8' title="bbox 127 3401 1164 3685">
     <span class='ocr_line' id='line_1_34' title="bbox 168 3401 1164 3471; baseline 0.007 -22"><span class='ocrx_word' id='word_1_283' title='bbox 168 3401 203 3462; x_wconf 92' lang='lat' dir='ltr'><strong>(l)</strong></span> <span class='ocrx_word' id='word_1_284' title='bbox 220 3401 312 3450; x_wconf 81' lang='lat' dir='ltr'><strong>Solent</strong></span> <span class='ocrx_word' id='word_1_285' title='bbox 326 3415 358 3451; x_wconf 88' lang='lat' dir='ltr'><strong>ex</strong></span> <span class='ocrx_word' id='word_1_286' title='bbox 372 3402 450 3465; x_wconf 82' lang='lat' dir='ltr'><strong>praxi</strong></span> <span class='ocrx_word' id='word_1_287' title='bbox 465 3405 594 3455; x_wconf 89' lang='lat' dir='ltr'><strong>canonica</strong></span> <span class='ocrx_word' id='word_1_288' title='bbox 608 3405 636 3454; x_wconf 92' lang='lat' dir='ltr'><strong>in</strong></span> <span class='ocrx_word' id='word_1_289' title='bbox 654 3405 706 3456; x_wconf 86' lang='lat' dir='ltr'><strong>fine</strong></span> <span class='ocrx_word' id='word_1_290' title='bbox 720 3403 854 3456; x_wconf 87' lang='lat' dir='ltr'><strong>citationis</strong></span> <span class='ocrx_word' id='word_1_291' title='bbox 867 3405 928 3456; x_wconf 81' lang='lat' dir='ltr'><strong>duae</strong></span> <span class='ocrx_word' id='word_1_292' title='bbox 943 3404 1041 3471; x_wconf 85' lang='lat' dir='ltr'><strong>apponi</strong></span> <span class='ocrx_word' id='word_1_293' title='bbox 1057 3405 1164 3456; x_wconf 87' lang='lat' dir='ltr'><strong>clausu·</strong></span> 
     </span>
     <span class='ocr_line' id='line_1_35' title="bbox 140 3468 1163 3541; baseline 0.01 -25"><span class='ocrx_word' id='word_1_294' title='bbox 140 3468 175 3517; x_wconf 87' lang='lat' dir='ltr'><strong>lae</strong></span> <span class='ocrx_word' id='word_1_295' title='bbox 188 3488 194 3515; x_wconf 72' lang='grc' dir='ltr'>ι</span> <span class='ocrx_word' id='word_1_296' title='bbox 208 3470 273 3522; x_wconf 79' lang='lat' dir='ltr'><strong>item</strong></span> <span class='ocrx_word' id='word_1_297' title='bbox 286 3469 365 3534; x_wconf 82' lang='lat' dir='ltr'><strong>quod,</strong></span> <span class='ocrx_word' id='word_1_298' title='bbox 380 3475 439 3529; x_wconf 81' lang='lat' dir='ltr'><strong>etc..</strong></span> <span class='ocrx_word' id='word_1_299' title='bbox 455 3475 533 3536; x_wconf 90' lang='lat' dir='ltr'><strong>cujus</strong></span> <span class='ocrx_word' id='word_1_300' title='bbox 550 3475 659 3526; x_wconf 80' lang='lat' dir='ltr'><strong>effectus</strong></span> <span class='ocrx_word' id='word_1_301' title='bbox 673 3483 723 3536; x_wconf 88' lang='lat' dir='ltr'><strong>est,</strong></span> <span class='ocrx_word' id='word_1_302' title='bbox 738 3477 879 3532; x_wconf 76' lang='lat' dir='ltr'><strong>utcitetus</strong></span> <span class='ocrx_word' id='word_1_303' title='bbox 894 3475 1110 3540; x_wconf 86' lang='lat' dir='ltr'><strong>ajurisdictlono</strong></span> <span class='ocrx_word' id='word_1_304' title='bbox 1119 3481 1163 3541; x_wconf 87' lang='lat' dir='ltr'><strong>ju-</strong></span> 
     </span>
     <span class='ocr_line' id='line_1_36' title="bbox 135 3535 1160 3612; baseline 0.013 -28"><span class='ocrx_word' id='word_1_305' title='bbox 135 3535 203 3586; x_wconf 90' lang='lat' dir='ltr'><strong>dicis</strong></span> <span class='ocrx_word' id='word_1_306' title='bbox 215 3553 268 3588; x_wconf 92' lang='lat' dir='ltr'><strong>non</strong></span> <span class='ocrx_word' id='word_1_307' title='bbox 283 3540 399 3598; x_wconf 86' lang='lat' dir='ltr'><strong>recedat,</strong></span> <span class='ocrx_word' id='word_1_308' title='bbox 412 3541 464 3590; x_wconf 84' lang='lat' dir='ltr'><strong>nisi</strong></span> <span class='ocrx_word' id='word_1_309' title='bbox 479 3544 571 3594; x_wconf 89' lang='lat' dir='ltr'><strong>relicto</strong></span> <span class='ocrx_word' id='word_1_310' title='bbox 584 3553 773 3609; x_wconf 87' lang='lat' dir='ltr'><strong>procuratore;</strong></span> <span class='ocrx_word' id='word_1_311' title='bbox 787 3553 814 3598; x_wconf 85' lang='lat' dir='ltr'><strong>et</strong></span> <span class='ocrx_word' id='word_1_312' title='bbox 827 3547 895 3600; x_wconf 84' lang='lat' dir='ltr'><strong>clia:</strong></span> <span class='ocrx_word' id='word_1_313' title='bbox 906 3546 1037 3612; x_wconf 75' lang='lat' dir='ltr'><strong>alioquin,</strong></span> <span class='ocrx_word' id='word_1_314' title='bbox 1046 3551 1106 3606; x_wconf 59' lang='grc' dir='ltr'><strong>αἴας</strong></span> <span class='ocrx_word' id='word_1_315' title='bbox 1118 3561 1160 3598; x_wconf 90' lang='lat' dir='ltr'><strong>au·</strong></span> 
     </span>
     <span class='ocr_line' id='line_1_37' title="bbox 127 3609 1157 3685; baseline 0.017 -32"><span class='ocrx_word' id='word_1_316' title='bbox 127 3615 173 3664; x_wconf 81' lang='lat' dir='ltr'><strong>Jus</strong></span> <span class='ocrx_word' id='word_1_317' title='bbox 187 3613 228 3656; x_wconf 84' lang='lat' dir='ltr'><strong>est</strong></span> <span class='ocrx_word' id='word_1_318' title='bbox 240 3609 359 3666; x_wconf 78' lang='lat' dir='ltr'><strong>adactus.</strong></span> <span class='ocrx_word' id='word_1_319' title='bbox 375 3614 405 3662; x_wconf 86' lang='lat' dir='ltr'><strong>ut</strong></span> <span class='ocrx_word' id='word_1_320' title='bbox 418 3613 441 3662; x_wconf 89' lang='lat' dir='ltr'><strong>sl</strong></span> <span class='ocrx_word' id='word_1_321' title='bbox 457 3612 573 3673; x_wconf 83' lang='lat' dir='ltr'><strong>recedat.</strong></span> <span class='ocrx_word' id='word_1_322' title='bbox 594 3629 648 3668; x_wconf 79' lang='lat' dir='ltr'><strong>nau</strong></span> <span class='ocrx_word' id='word_1_323' title='bbox 663 3618 756 3670; x_wconf 77' lang='lat' dir='ltr'><strong>redata</strong></span> <span class='ocrx_word' id='word_1_324' title='bbox 770 3624 957 3684; x_wconf 85' lang='lat' dir='ltr'><strong>procuratore,</strong></span> <span class='ocrx_word' id='word_1_325' title='bbox 974 3619 1061 3685; x_wconf 88' lang='lat' dir='ltr'><strong>possit</strong></span> <span class='ocrx_word' id='word_1_326' title='bbox 1080 3619 1157 3672; x_wconf 83' lang='lat' dir='ltr'><strong>citari</strong></span> 
     </span>
    </p>
   </div>
   <div class='ocr_carea' id='block_1_8' title="bbox 0 0 1269 4080">
    <p class='ocr_par' dir='ltr' id='par_1_9' title="bbox 0 0 1269 4080">
     <span class='ocr_line' id='line_1_38' title="bbox 0 0 1269 4080; baseline 0 0"><span class='ocrx_word' id='word_1_327' title='bbox 0 0 1269 4080; x_wconf 95' lang='lat' dir='ltr'><strong> </strong></span> 
     </span>
    </p>
   </div>
  </div>
 </body>
</html>
