2432 4078
459 215 620 272 ..ppp-

43 335 133 396 tionem
145 337 183 396 ad
195 335 284 410 eliud,
297 337 370 398 utsi
384 335 499 397 dicatur
516 357 522 396 :
541 337 632 398 vendo
648 335 698 396 tibi
715 337 822 413 quanti
833 336 894 414 ipso
908 337 975 412 omi,
993 337 1041 398 vel

41 426 124 499 munti
136 426 169 484 t'rt
186 428 251 502 soro
263 427 402 486 venditur
410 446 420 499 ,·
436 431 465 486 et
480 433 594 486 certum
608 442 661 502 per
676 425 830 486 arbitrium
850 425 928 485 tertii
942 425 1040 486 deter-

41 513 121 588 minati
138 515 227 588 foret,
249 514 275 574 si
292 515 442 575 diceretur
459 533 466 572 :
487 515 578 576 vendo
599 514 650 572 ttot
664 515 769 591 quenti
785 514 877 574 Titius
891 515 1040 574 coutimu-

40 602 106 675 otuu
121 603 173 663 sed
187 603 212 662 si
225 602 315 664 Titius
329 602 499 662 existimare
522 601 659 673 noluerit,
676 603 774 663 nullus
794 609 839 662 est
853 609 1038 676 ooutrsetus,

40 691 90 764 quia
101 693 213 752 nullum
225 691 280 752 luit
299 689 492 752 constitutum
504 690 642 767 pretium.
669 694 794 766 Insuper
814 695 940 767 pretium
953 691 1042 752 debet

39 793 89 837 esse
97 781 217 854 justum,
237 781 325 856 quale
340 779 437 852 est,si
458 779 645 841 contineatur
665 778 744 838 intre
766 789 916 840 summum
932 785 962 838 et
975 778 1041 838 intl-

38 881 103 926 num
115 868 224 928 valoris
237 868 282 928 rei
294 887 302 927 :
317 884 366 928 res
380 868 461 928 enim
476 867 518 928 ite
536 867 741 928 allectorilms
754 866 926 940 aestimettn,
940 874 974 928 ut
987 868 1040 927 he·

37 953 90 1015 beat
101 956 243 1030 intimum,
261 956 402 1030 medium,
417 963 448 1018 et
468 972 617 1018 summum
638 957 776 1033 pretium,
791 955 860 1016 lieet
873 955 902 1014 in
917 973 954 1016 eo
969 956 1043 1016 detl-

37 1041 127 1104 nieudo
142 1061 203 1104 uon
218 1045 407 1116 conveniant,
419 1043 515 1122 quiae
529 1044 667 1122 qualitate
680 1044 735 1118 rei,
750 1050 806 1104 eta
817 1043 1043 1116 circumstantiis

37 1130 165 1206 dependet
187 1137 238 1206 (2).
254 1135 346 1209 Engel
364 1133 443 1194 euim
454 1133 613 1206 existimet,
627 1150 702 1208 rem,
715 1149 781 1210 quae
793 1132 823 1192 in
837 1133 932 1209 pretio
942 1133 1041 1194 medio

37 1219 179 1282 estimatur
192 1222 308 1294 decem,
324 1222 354 1282 iu
368 1223 470 1283 intimo
483 1225 583 1284 valere
594 1239 712 1295 novem,
727 1229 758 1282 et
771 1221 802 1282 in
814 1238 932 1282 summo
945 1223 1041 1282 unde·

37 1305 148 1384 oiu'(3);
164 1311 217 1371 sed
232 1317 352 1372 sanetus
364 1312 402 1372 de
417 1311 532 1388 ligerio
547 1312 645 1383 docet,
661 1327 736 1385 rem,
746 1327 813 1387 quae
827 1311 856 1370 iu
872 1310 1038 1389 pretlome·

35 1395 236 1460 dioaestimatur
250 1400 390 1477 quinque,
406 1402 506 1462 valere
518 1417 572 1460 sex
583 1399 614 1458 in
624 1415 751 1474 summo,
767 1400 838 1460 etin
851 1400 954 1462 infimo
966 1417 1040 1478 qne-

37 1487 88 1546 tuor
102 1492 154 1560 (l).
245 1535 246 1542 ,

56 1656 154 1724 (lltlap.
168 1659 226 1711 5de
240 1661 322 1726 empt.
333 1683 363 1698 -·
374 1659 404 1723 (tl
424 1657 489 1712 llaee
503 1659 645 1713 estimatio
657 1672 711 1712 non
726 1659 808 1712 habet
823 1658 920 1720 losum,
930 1659 1038 1726 quando

33 1729 152 1789 quantitas
171 1729 251 1797 pretii
265 1730 375 1782 delinito
387 1729 440 1782 suit
454 1745 470 1782 a
484 1731 555 1796 lege,
565 1731 609 1782 vel
629 1745 645 1782 a
662 1731 832 1796 magistratu,
844 1730 888 1784 vel
902 1745 918 1781 a
933 1735 1039 1782 sonus·

34 1795 152 1924 itatenus.
163 1829 194 1840 ·—
210 1801 243 1866 (3)
257 1801 322 1854 Goll.
335 1803 392 1868 jur.
404 1815 464 1854 ean.
482 1803 516 1854 do
530 1804 613 1868 empt.
623 1815 651 1854 n.
669 1802 708 1855 11.
718 1829 749 1842 ·-
759 1803 793 1869 (1)
803 1801 895 1855 Theol.
907 1801 974 1854 llor.
984 1801 1003 1852 l.
1012 1801 1037 1862 3,

56 2095 111 2153 613.
132 2091 228 2154 Laesio
247 2083 388 2166 eudrmis,
409 2093 457 2153 vel
469 2093 546 2152 ultra
560 2092 712 2154 dimidium
724 2091 755 2153 in
769 2093 976 2155 constituendo
990 2093 1035 2154 rei

32 2181 142 2242 renditae
152 2180 250 2258 pretio
269 2181 319 2255 J'us
328 2180 430 2241 tribuit
441 2183 512 2241 laeso
526 2182 564 2241 ad
584 2181 683 2258 ipsum
694 2182 903 2241 resolvendum
914 2187 1035 2242 contre·

32 2272 97 2328 otum
109 2273 162 2342 (l).
172 2269 256 2330 Unde
265 2268 290 2328 si
304 2269 439 2330 venditor
448 2272 537 2331 laesus
549 2269 587 2329 sit
597 2270 675 2329 ultra
687 2268 840 2329 dimidium
851 2270 922 2346 justi
936 2269 1032 2346 pretii,

32 2363 111 2427 potest
125 2359 163 2418 sd
178 2358 222 2418 rei
234 2357 360 2418 venditae
374 2359 591 2419 restitutionem
602 2375 691 2434 agere
700 2364 856 2434 eeoeptum
869 2375 1035 2434 repraesen-

30 2446 103 2505 tando
116 2446 262 2523 pretium3
278 2447 331 2506 sed
349 2452 466 2522 emptor
486 2453 585 2523 potest
608 2463 641 2506 se
659 2465 677 2505 e
694 2445 879 2506 restitutione
895 2446 1033 2521 liberere,

29 2531 47 2588 si
62 2537 136 2609 quoti
156 2537 243 2596 deest
258 2536 339 2610 justo
362 2535 458 2611 pretio
476 2534 623 2595 venditori
637 2535 744 2594 offerat
765 2538 815 2608 (2).
836 2539 916 2594 Tune
935 2540 1036 2596 autem

30 2625 112 2693 moad
132 2623 321 2685 venditorem
340 2640 379 2683 ex
393 2623 544 2684 communi
556 2628 717 2684 Doctorum
731 2615 876 2684 sententia
891 2621 974 2682 laesio
989 2623 1037 2684 ul·

29 2712 227 2774 tradimidium
240 2712 334 2786 adest,
357 2730 426 2772 oum
439 2711 577 2789 pretium,
604 2713 684 2789 quod
705 2713 829 2788 aceepit,
853 2729 912 2772 nou
937 2718 1037 2788 sqnat

28 2801 200 2862 medietatem
223 2801 295 2876 justi
306 2801 392 2878 pretii
409 2801 512 2876 intimi,
532 2808 565 2862 ut
579 2800 604 2861 si
617 2818 673 2878 pro
686 2818 731 2876 re,
751 2817 817 2877 quas
831 2801 862 2860 in
879 2800 975 2878 pretio
990 2801 1036 2860 iu·

28 2883 82 2947 imo
101 2892 182 2950 velet
207 2894 269 2963 100,
292 2890 438 2966 reciperet
457 2895 571 2950 tantum
585 2895 636 2963 483
659 2889 759 2966 quoad
772 2897 938 2966 emptorem
958 2907 1035 2951 vero

28 2975 153 3038 loetores
180 2978 318 3037 eamdem
337 2979 486 3038 inversam
507 2985 667 3054 sequentes
681 2979 815 3054 regulam
838 2979 1036 3040 communiter

27 3060 129 3140 docent,
146 3073 221 3126 tuno
234 3066 338 3126 adesse
350 3068 511 3140 laesionem,
527 3084 596 3128 oum
607 3066 745 3144 pretium,
759 3068 838 3143 quod
853 3067 944 3142 dedit,
962 3067 1034 3144 J'nsti

41 3155 95 3213 retii
108 3155 220 3216 summi
234 3154 423 3216 medietatem
434 3162 564 3231 superat,
579 3163 613 3216 ut
625 3155 650 3242 si
666 3172 776 3232 prore,
792 3173 858 3232 quae
869 3156 900 3214 in
915 3171 1036 3216 summo
1090 3171 1092 3174 ·

26 3241 104 3311 pretio
116 3245 199 3304 valet
214 3249 276 3314 100,
295 3242 431 3304 solvisset
451 3249 510 3303 152.
527 3244 584 3304 sed
602 3261 661 3303 uon
680 3245 788 3305 desunt
808 3251 962 3315 Doctores,
980 3241 1037 3318 qui

26 3335 123 3403 putant,
136 3331 269 3408 pretium
280 3348 430 3394 summum
439 3349 506 3392 esse
517 3332 729 3408 duplicandum
740 3335 778 3392 ad
790 3333 942 3394 laesionem
950 3333 1028 3392 ultra

26 3414 166 3480 dimidium
178 3419 420 3492 eonstiueudam3
436 3437 472 3503 eo
486 3421 612 3496 proinde
635 3428 705 3481 tuuc
719 3423 816 3482 solum
828 3422 943 3492 adesse,
957 3433 1027 3478 eum

26 3507 137 3575 pretium
155 3509 258 3569 datum
277 3525 317 3568 ex
335 3511 426 3585 duplo
449 3517 570 3586 superet
591 3527 741 3571 summum
757 3512 871 3586 Justum
892 3507 934 3568 roi
957 3523 1028 3583 pre·

25 3591 93 3674 lum,
104 3605 140 3660 ut
161 3596 188 3658 si
200 3615 256 3674 pro
269 3615 313 3674 re,
328 3615 395 3676 quae
414 3598 446 3658 iu
463 3615 581 3664 summo
602 3600 700 3678 pretio
720 3599 799 3660 volet
812 3601 878 3673 100,
892 3594 1043 3658 solvisset.
