2426 4070
609 112 767 170 ,(69..

184 235 214 292 et
231 229 348 306 publica
367 232 552 306 parlamente
565 231 731 292 habeantur
751 235 803 306 (3),
822 249 860 292 ne
875 233 948 292 flent
966 232 1187 294 comessation

184 321 449 393 confabulationes,
457 320 720 394 deambulationes,
731 321 922 397 trepitus3ne
930 339 1047 397 organo
1057 322 1187 382 sivecar

184 407 328 469 lascivum
342 415 372 468 et
385 408 542 483 'impurum
563 409 684 486 aliquod
697 409 868 483 misceatur,
884 417 935 470 aut
949 411 1032 470 alind
1047 410 1158 472 simile
1173 411 1187 470 i

184 497 265 573 quod
279 497 411 557 divinum
431 503 521 572 queat
541 499 664 557 turbare
683 499 825 572 officium,
845 505 896 559 aut
915 501 1021 561 oculos
1037 498 1187 560 divinael

180 585 297 662 jestatis
319 586 350 644 in
373 587 441 646 loco
469 586 612 646 orationis
633 587 795 660 offendere,
825 604 862 654 nc
889 588 940 647 ubi
963 595 1187 661 peccatorum}

131 749 133 753 Ι
182 675 269 734 venia
286 673 476 750 postulanda,
497 674 536 734 ibi
556 675 695 750 peccandi
714 676 800 735 delur
814 677 923 736 occasio
941 679 995 749 (4).
1017 676 1104 736 Licet
1119 675 1187 735 nihi

183 761 293 837 minus,
314 768 348 822 ut
366 763 535 824 communis
556 764 614 822 lert
635 768 798 823 Doctorum
818 763 976 836 sententia,
1002 763 1187 823 litterariae,

184 850 317 910 Ecclesia
330 851 443 910 habere
457 850 682 926 disputationes,
697 851 888 912 academicos
906 852 1047 928 prolysiS,
1064 859 1099 912 et
1113 853 1187 911 laur

183 939 294 1014 gradus
303 940 450 1012 conterre,
466 940 616 1013 synodum
629 939 868 1002 ecclesiasticum
877 957 1064 1017 congregare
1076 945 1122 1013 (ὅ)
1139 960 1146 1000 ε
1160 957 1187 1016 ql

184 1027 215 1088 hi
228 1033 313 1089 actus
327 1027 468 1104 pietatem
481 1029 593 1104 fovent,
608 1027 726 1106 locique
740 1029 926 1090 sanctitatem
940 1045 1001 1088 non
1014 1029 1137 1089 laedunt
1149 1033 1187 1102 (6]

212 1174 249 1240 (1)
262 1175 361 1226 Lucius
375 1173 456 1224 mm
470 1187 529 1240 cap.
547 1173 571 1236 ὅ,
587 1172 620 1224 de
637 1173 747 1226 immun.
764 1175 837 1226 Eccl.
856 1173 938 1240 huJ'us
952 1174 991 1226 rei
1005 1174 1054 1226 dat
1066 1175 1187 1226 ratione

183 1245 248 1310 quia
262 1245 385 1297 Ecclesia
404 1244 498 1296 domus
517 1244 648 1296 orationis
669 1259 721 1297 esse
745 1244 828 1304 debet,
844 1257 899 1297 noo
922 1245 1048 1312 spelunca
1068 1245 1187 1298 latrone

184 1321 232 1369 out
246 1316 386 1382 sanquine-ir
399 1315 532 1382 sorum...
547 1315 701 1368 absurdam
716 1315 788 1368 enim
803 1319 850 1375 cst,
865 1319 889 1369 cl
902 1315 1015 1374 crudele,
1030 1315 1070 1368 ibi
1079 1316 1187 1382 judicil

183 1387 326 1452 sanquinir
340 1385 466 1446 exerceri,
483 1387 531 1439 ubi
544 1390 581 1440 cst
594 1387 680 1440 tulela
692 1387 794 1452 rcfnqii
804 1389 960 1440 constituta.
970 1415 1002 1424 -
1011 1388 1047 1452 (2)
1061 1388 1121 1438 Hoc
1138 1389 1187 1438 inu

184 1463 226 1511 est
240 1460 311 1509 inter
329 1460 478 1510 sententies
496 1457 650 1508 criminales
671 1458 740 1509 latas
771 1461 800 1508 ln
819 1458 949 1517 Ecclesia,
964 1461 991 1508 et
1007 1460 1170 1510 contractus

183 1529 273 1586 initos,
288 1528 360 1594 quod
371 1525 567 1594 processus,'et
582 1525 722 1580 sententiae
738 1532 831 1578 carent
845 1529 941 1580 robore
963 1529 1112 1593 firmitatiS,
1132 1544 1187 1594 cap

183 1601 217 1651 da
233 1600 307 1648 imm.
323 1598 388 1649 eccl.
405 1599 434 1648 in
457 1601 485 1660 63
502 1603 654 1650 contractus
674 1613 738 1650 vero
756 1613 920 1664 quamquam
935 1599 1034 1660 illiciti,
1048 1603 1114 1650 sunt
1128 1605 1187 1650 tam

183 1669 277 1731 validi,
292 1683 353 1719 cnm
365 1670 492 1733 nuspiam
507 1669 535 1718 in
546 1670 608 1732 jnre
624 1671 795 1734 reperiantur
803 1670 918 1724 irritati.
932 1670 1000 1721 Sunt
1014 1671 1150 1722 Doctores
1164 1686 1187 1722 m

184 1741 230 1804 gni
246 1739 372 1801 nominis,
387 1739 434 1803 qui
449 1739 611 1804 permittunt
632 1739 661 1790 in
682 1740 811 1791 Eccleslis
830 1741 911 1792 vendi
933 1741 1069 1799 candelas,
1093 1753 1187 1794 corant

183 1823 262 1861 sacra
275 1809 448 1870 numismata,
461 1811 489 1860 et
505 1809 614 1870 similia,
629 1809 708 1862 morlo
728 1811 756 1862 id
777 1811 823 1862 fiat
842 1812 901 1862 sina
916 1812 1109 1876 impedimento
1124 1813 1187 1870 divil

185 1882 285 1939 cultus,
298 1885 325 1932 et
344 1893 405 1930 cum
426 1885 590 1944 augumento
611 1881 740 1946 pietatis3
763 1882 842 1933 nohis
856 1885 947 1933 tamen
966 1883 1054 1946 placet
1074 1883 1187 1940 decretu

185 1951 291 2004 concilii
303 1949 481 2002 Prouincialis
497 1951 668 2020 parisiensis,
680 1953 752 2018 quod
764 1953 802 2003 sic
816 1953 928 2003 statuit:
945 1951 1115 2006 Prodibilnm
1131 1955 1170 2007 sit
1185 1967 1187 2005 l

184 2024 262 2076 intra
276 2023 404 2086 templum
413 2021 501 2086 ipsrrm
512 2020 668 2075 venduntur
677 2023 819 2087 inruptum,
830 2023 902 2086 libri,
915 2036 1016 2075 corona
1026 2023 1187 2090 deprecator

185 2097 211 2146 cl
224 2093 281 2146 ulia
299 2091 495 2159 hujuscemodi.
513 2093 564 2143 Tit.
576 2094 602 2156 2,
613 2107 671 2157 cap.
687 2095 711 2144 l.
723 2095 781 2146 Hoc
795 2109 860 2146 sane
874 2095 1000 2146 convenit
1016 2109 1075 2146 oum
1090 2109 1187 2160 exemp

185 2163 296 2226 Christi,
310 2165 357 2228 qui
378 2164 535 2226 reprobavit
555 2166 655 2215 acriter
673 2165 842 2216 venditiones
861 2165 1047 2216 columbarum
1062 2167 1090 2216 in
1102 2169 1187 2232 templ

185 2235 250 2286 licet
262 2248 311 2299 pro
325 2234 465 2285 sacrificiis
477 2234 654 2288 deservirent.
668 2263 699 2272 -
710 2236 745 2300 (3)
755 2235 845 2297 Quare
851 2239 929 2300 juxta
941 2241 1077 2288 auctorem
1088 2239 1187 2290 Praelet

184 2305 244 2358 dur.
259 2307 323 2356 Cen.
337 2309 401 2357 tom.
417 2307 442 2364 2,
456 2318 484 2356 n.
499 2305 554 2362 529,
568 2310 715 2358 conventus
730 2308 828 2358 civium
842 2319 925 2358 causa
934 2309 1115 2371 pertractandi
1131 2315 1187 2373 negt

185 2378 223 2428 tia
236 2377 376 2442 profanas
393 2375 460 2428 locis
474 2377 641 2428 immunibus
651 2377 759 2442 penitus
774 2379 965 2429 exeluduntur.
987 2379 1080 2443 Neque
1099 2379 1151 2444 ipsi
1168 2382 1187 2430 Ρ

185 2451 273 2500 stores
283 2452 397 2514 possunt
407 2448 436 2499 in
446 2448 569 2500 Ecclesia
581 2448 683 2513 aliquid
695 2449 923 2514 publicare‚quod
933 2448 1091 2514 simpliciter
1101 2451 1135 2499 ad
1145 2455 1187 2502 ten

185 2519 289 2586 paralio
304 2519 455 2579 referatnrr
472 2523 499 2572 et
514 2519 661 2570 auctoritas
681 2519 820 2572 saecularis
840 2520 935 2584 nequit
948 2521 1105 2572 Pastoribns
1119 2521 1148 2570 id
1163 2523 1187 2574 al

185 2605 238 2658 quo
251 2589 330 2641 modo
344 2589 532 2656 praescribere,
551 2590 604 2640 nisi
621 2589 694 2642 adsit
706 2589 832 2656 Episcopi
850 2589 1017 2640 mandatum.
1030 2591 1128 2654 Andre,
1145 2593 1187 2644 Cu

183 2663 238 2726 jnr.
251 2675 311 2712 can.
325 2661 408 2716 verbo
422 2659 533 2725 affairer
546 2659 683 2729 profanes,
697 2661 791 2726 Neque
802 2661 888 2726 judex
907 2661 1047 2712 saecularis
1057 2667 1144 2726 potest
1162 2668 1187 2713 tr

186 2731 270 2782 hunul
290 2732 319 2782 in
333 2731 462 2784 Ecclesils
476 2733 588 2795 erigere.
607 2731 743 2794 Zallinger
762 2730 796 2782 da
813 2731 887 2781 imm.
902 2731 973 2782 Eccl.
988 2732 1000 2796 fi
1013 2732 1066 2790 483,
1083 2732 1111 2782 in
1119 2737 1187 2784 not.‹

187 2801 303 2866 (lttlap.
318 2802 334 2851 2
347 2801 381 2852 da
394 2802 469 2852 imrn.
489 2802 559 2853 Ecol.
578 2803 606 2854 in
621 2797 645 2859 ’6,
659 2806 688 2854 et
700 2801 773 2853 Trid.
787 2815 854 2853 sess.
870 2801 911 2866 it,
926 2803 954 2853 in
970 2803 1062 2854 decrat
1075 2803 1107 2856 de
1123 2803 1187 2856 cele]

187 2870 264 2922 miss.
279 2897 308 2908 -
322 2873 357 2935 (5)
371 2871 535 2923 Benedictus
545 2873 610 2924 Xlll
625 2872 659 2923 de
670 2872 769 2937 synod.
783 2873 801 2922 l.
816 2874 837 2934 t,
849 2879 868 2924 t.
883 2875 905 2924 5.
922 2873 955 2910 -'
966 2873 1000 2938 (6)
1014 2874 1145 2938 Zallinger
1158 2876 1187 2925 lot

187 2942 230 2992 cit.
246 2941 379 3004 adjungit,
393 2943 622 3006 inaugurationes,
638 2947 665 2994 et
678 2944 829 2995 creationes
849 2944 961 3009 Regum,
981 2946 1124 2996 creationes
1144 2946 1187 2996 illu

187 3011 283 3062 strlurn
298 3013 428 3074 equitum,
447 3017 474 3061 et
493 3013 595 3064 alicubi
618 3027 651 3064 ex
672 3015 784 3078 antiqua
804 3015 999 3068 consuetudine
1020 3017 1158 3067 electiones
1182 3027 1187 3068 l

186 3081 403 3132 confirmationes
419 3083 629 3146 magistratuum
644 3084 763 3134 cirillum
778 3085 805 3134 iu
820 3086 950 3137 Ecclesiis
964 3087 1020 3137 lieri
1034 3100 1123 3152 posse:
1142 3086 1187 3138 tale

188 3152 258 3202 anim
274 3153 443 3217 operationes
454 3154 544 3218 aliquo
564 3154 642 3205 modo
657 3154 691 3206 ad
707 3160 783 3206 actus
798 3169 890 3207 sacros
904 3160 1070 3220 revocantur,
1082 3157 1152 3222 quia,
1166 3159 1187 3208 in

184 3226 278 3274 vocato
287 3222 377 3274 divino
392 3224 502 3283 anxilio,
517 3238 566 3290 pro
581 3227 651 3277 bono
662 3225 792 3278 Ecclesia
809 3231 837 3278 et
850 3227 967 3279 civitatis
978 3233 1144 3294 peraguntur.

191 3355 195 3358 “
220 3393 283 3450 itt.
303 3394 355 3450 lus
366 3390 442 3466 asyli
455 3391 532 3450 sacri
545 3397 591 3451 est
603 3362 800 3468 privilegium,
816 3411 877 3470 quo
893 3393 1041 3454 donantur
1052 3394 1187 3456 debitores

186 3477 271 3564 atrei
292 3478 450 3562 erluinum
464 3495 526 3538 uon
549 3485 745 3566 cuocptorum
764 3481 802 3540 ad
821 3481 983 3544 Ecclesiam
1000 3483 1187 3558 confugientes
