2560 4080
183 305 238 358 lam
251 304 409 360 absolvatur
418 305 495 370 iuxta
509 306 646 360 mbricam
662 320 720 373 cap.
738 306 776 368 te,
798 304 833 358 de
846 305 934 371 appel.
952 305 1017 358 dum
1033 309 1124 357 mrtem
1136 308 1179 366 est,

182 377 409 442 irregularitatem
423 377 562 430 incurrere
583 376 744 430 insecundo
766 391 840 441 casu,
855 377 927 442 quia,
941 390 996 428 nou
1018 377 1129 428 obstante
1139 389 1179 440 ap·

182 448 336 514 pellatioue,
351 453 440 500 manet
451 461 567 500 censura
583 449 690 513 ligatus.
705 448 733 500 Sl
748 463 812 500 vero
827 448 990 500 consumsit
1010 449 1064 500 lata
1075 446 1119 498 sub
1128 459 1181 498 con·

183 519 284 570 ditione
298 532 341 570 ex.
354 532 395 583 gr.
409 519 433 570 si
447 519 519 570 iutra
532 519 739 571 determinatum
754 525 861 586 tempus
872 518 982 584 aliquod
993 533 1048 570 non
1061 518 1184 575 laciatre·

182 590 240 642 rius
256 596 306 650 est.
321 603 371 656 per
381 589 591 655 appellationem
604 589 656 642 boc
665 595 787 656 tempore
798 591 987 654 interpositam
1001 596 1186 642 censuramnon

182 658 289 712 allicere
309 673 461 726 personam.
476 664 504 712 et
526 674 585 712 eam
601 661 748 714 violantem
771 675 826 714 non
850 661 910 714 fleri
931 661 1114 728 irregularem,
1133 658 1188 725 quia

182 743 298 782 censura
319 729 444 784 affectum
458 745 513 784 uon
526 731 660 798 producit,
678 731 732 784 nisi
754 736 892 784 transacto
913 735 1034 798 tempore
1055 733 1189 791 statutaet

182 801 319 853 vamtleata
337 802 498 854 conditione.
515 830 543 841 -
560 804 594 867 (3)
609 803 737 855 Giraldus
751 802 803 856 loc.
819 803 864 856 cit.
879 804 997 869 append.
1017 805 1038 855 l.
1053 829 1083 842 -
1094 803 1126 868 (ll
1137 801 1190 852 lino
1254 851 1255 864 ,

182 877 271 924 umen
283 872 329 925 bic
341 873 460 926 notanda
478 876 542 926 sunt
556 894 563 925 ι
580 875 612 926 1·
626 874 698 941 quod
714 889 755 935 ea.
772 889 834 942 qum
847 875 1023 940 exposuimus
1037 875 1070 928 de
1083 871 1191 926 censuris
1254 871 1255 912 ἓ

182 941 284 996 habent
300 943 466 997 solummodo
479 944 569 997 locum
591 945 620 996 in
645 947 767 998 censuris
789 947 900 1012 proprie
919 945 1009 1008 dictis,
1023 959 1077 998 non
1095 941 1190 996 veroin

182 1014 351 1080 aliispcnls,
367 1029 430 1082 qua
439 1017 562 1069 censuris
576 1016 773 1076 assimilantur,
789 1020 820 1069 ut
833 1017 1025 1082 estaepcstuo,
1041 1014 1191 1082 devoluto,
1255 1015 1256 1018 ’

181 1092 210 1140 et
219 1087 333 1154 privatio
342 1089 417 1142 vocis
430 1089 533 1148 nodva,
542 1101 575 1142 ac
587 1087 703 1154 passiva
713 1107 721 1140 ε
733 1089 762 1140 in
770 1087 904 1152 biaeuim,
915 1093 942 1140 et
955 1087 1092 1140 similibus
1109 1083 1191 1152 appol·

182 1160 247 1212 latio
261 1159 412 1212 admittitur
423 1159 458 1212 ad
471 1163 617 1226 utrumque
637 1157 761 1212 effaetum
773 1177 780 1221 ;
794 1160 827 1212 2·
839 1159 913 1225 quod
926 1159 1060 1212 absolutio
1078 1159 1105 1210 in
1116 1155 1193 1210 causis

182 1229 507 1296 violatiajurisdictionis,
522 1230 710 1295 immunitatis,
729 1235 758 1284 et
775 1231 911 1284 libermtis
934 1230 1123 1282 ecclesiastice
1143 1225 1193 1282 aad
1256 1251 1257 1266 ι

183 1305 288 1354 tantum
302 1305 390 1368 potest
401 1303 559 1354 auctoritate
573 1302 601 1353 S.
613 1302 833 1367 congregationis
843 1301 1039 1360 immunitatis.
1052 1314 1111 1368 qua
1123 1298 1193 1350 talen

184 1374 371 1426 auctoritatem
386 1374 512 1440 delegare
526 1373 594 1426 solet
603 1373 690 1440 judici
704 1387 721 1425 a
737 1388 790 1441 quo
813 1387 846 1426 oa
867 1373 937 1438 lege,
950 1375 982 1424 ut
997 1373 1072 1425 intra
1089 1371 1195 1423 tridutuu

183 1445 327 1506 absolvat;
341 1445 388 1511 qui
400 1445 424 1497 si
437 1445 579 1498 absolvere
591 1446 765 1506 recusaverit,
775 1459 836 1498 eam
853 1444 961 1511 deleget
971 1445 1131 1511 cuicumque
1141 1453 1195 1495 ooa-

183 1517 309 1572 lessario.
324 1516 375 1569 Git.
394 1515 737 1578 bul.BenedictiX111.n.
755 1516 784 1568 ta
792 1522 820 1570 et
835 1517 872 1568 ts.

219 1690 282 1746 880.
302 1684 384 1746 sicut
402 1685 497 1761 iudex
516 1703 535 1745 a
553 1702 613 1762 quo
635 1692 754 1748 tenetur
775 1683 969 1762 appellationi
991 1684 1197 1757 deterrarum

183 1773 358 1851 interposita
371 1779 417 1834 est
431 1790 470 1834 ex
480 1775 561 1851 justa
575 1791 675 1850 causa,
691 1775 806 1837 etiamsi
827 1774 953 1850 probata
970 1789 1033 1836 uon
1048 1773 1086 1832 sit
1100 1773 1150 1845 (t);
1165 1769 1199 1829 ita

181 1865 276 1942 judex
286 1863 325 1923 ad
337 1879 426 1940 quem
440 1862 669 1939 appellationem
683 1862 813 1940 legitime
833 1862 1038 1925 introductam
1058 1859 1200 1921 admittere

184 1959 315 2014 tenetur:
336 1953 409 2013 alias
431 1957 557 2028 uterque
575 1953 671 2029 judex
687 1969 720 2012 se
740 1968 827 2013 reum
847 1951 1045 2012 constitueret
1059 1951 1201 2026 denegate

161 2100 165 2109 .
181 2041 312 2119 justitia.
331 2042 376 2104 td
389 2042 470 2102 hunc
484 2048 583 2102 umen
597 2043 737 2102 effectum
752 2039 921 2102 exhibenda
943 2046 1014 2102 sunt
1034 2040 1202 2100 documenta

184 2131 314 2208 publica,
329 2147 368 2192 ex
382 2131 490 2208 quihus
502 2135 630 2204 constet,
644 2147 699 2207 per
719 2131 881 2206 legitimam
895 2145 1070 2206 personam
1089 2133 1120 2189 et
1134 2126 1203 2186 intra

182 2220 314 2298 legitima
326 2226 463 2296 tempora
478 2219 571 2280 luisse
592 2220 803 2296 appellatuma
821 2217 971 2279 sententia
990 2216 1149 2288 definitiva,
1161 2213 1203 2271 vel

183 2310 313 2398 habente
325 2309 387 2372 vim
408 2307 576 2383 definitivae,
597 2315 649 2368 aut
671 2309 814 2368 affereme
834 2323 999 2383 gravamen
1016 2307 1050 2366 in
1063 2301 1204 2366 definitiva

183 2397 438 2477 irreparabilem).
453 2402 527 2458 Nam
541 2397 696 2458 citationes
714 2402 745 2458 et
757 2395 952 2458 inhibitiones
966 2401 1037 2456 ante
1056 2391 1203 2455 exhibitio

184 2505 254 2550 nem
277 2488 546 2561 documentorum,
575 2503 611 2548 ac
636 2486 803 2562 praesertim
829 2483 999 2560 sententie,
1026 2491 1058 2544 et
1085 2479 1205 2542 debitam

185 2593 284 2638 cauare
311 2575 536 2654 appellationis,
564 2593 601 2636 aa
628 2580 764 2636 actorum
787 2573 1004 2652 inspectionem
1033 2571 1128 2632 emitti
1150 2583 1205 2628 uon

184 2673 324 2744 possuut3
344 2683 411 2742 quae
425 2665 450 2725 si
473 2664 644 2726 emittantur
657 2663 699 2724 ita
717 2663 887 2724 inconsulta
907 2679 941 2722 re
959 2662 1050 2722 uullae
1065 2666 1135 2720 suut
1147 2657 1205 2734 ipso

181 2754 305 2831 jure,·et
318 2772 478 2834 processus
498 2756 626 2830 desuper
649 2755 802 2814 coniectus
815 2752 960 2814 invalidus
974 2751 1114 2813 habetur.
1130 2745 1208 2820 Quod

184 2845 386 2924 siappellaus
412 2845 568 2907 decretum
592 2842 795 2904 authenticum
820 2843 931 2902 habere
953 2858 1016 2901 non
1044 2837 1150 2918 possit,
1171 2835 1206 2895 ob

184 2934 412 3011 denegationem
436 2933 525 3011 primi
546 2933 664 3008 judicis,
683 2933 821 2992 sufficere
844 2937 946 3009 potest
969 2930 1109 3007 eiusdem
1127 2923 1207 3002 copia

185 3024 323 3100 simplex,
338 3041 405 3100 quae
423 3023 454 3083 in
476 3021 581 3083 litteris
603 3019 851 3082 inbibitorialibus
873 3020 931 3081 erit
957 3019 1119 3080 inserenda
1143 3030 1206 3076 cum

186 3111 380 3174 conditione:
398 3113 548 3182 Quatenus
561 3128 628 3172 uero
647 3119 730 3172 terror
752 3113 881 3172 insertus
896 3126 971 3180 vere,
987 3116 1014 3168 et
1027 3110 1061 3168 iu
1073 3107 1207 3168 substau-

186 3202 304 3262 tioliius
319 3217 387 3261 curu
401 3200 541 3276 oripiucti
554 3200 715 3270 oouocrdet,
730 3199 878 3275 ridemur
897 3197 1037 3274 oripiooli
1055 3200 1206 3273 presentes

188 3292 290 3351 littere
310 3290 423 3350 siritio
447 3297 573 3366 temporo
592 3290 777 3366 posteriores,
804 3287 937 3364 cloquio
960 3286 1062 3356 uuila,
1079 3281 1205 3346 atterite

186 3387 362 3441 censeantur
373 3383 424 3452 (3).

217 3518 254 3580 (t)
265 3517 295 3568 Si
305 3515 390 3580 judex
404 3513 581 3580 appellationi
588 3517 672 3581 juste
681 3529 734 3568 non
749 3516 843 3580 defert,
855 3515 999 3567 terminata
1018 3511 1202 3582 appellationis

187 3597 278 3644 causa.
294 3585 347 3636 as.
364 3585 433 3638 Sede
447 3586 576 3648 punitur,
594 3588 701 3651 quando
712 3601 776 3640 vero
789 3586 962 3654 appellationi
972 3587 1083 3653 injustae
1095 3597 1150 3638 uon
1163 3582 1200 3634 de
