2432 4078
511 157 544 173 ..
562 129 668 212 283¹.

88 255 177 306 satra
192 252 376 305 ecelesiastica
388 249 461 305 bona
474 253 562 316 legem
575 253 676 304 tulerat
688 271 695 303 r
713 251 752 306 tia
765 260 817 318 aisa
829 251 927 309 aiebat,
943 249 997 302 trac
1014 249 1057 302 lea
1069 249 1107 300 'est

87 323 232 382 observata,
246 323 315 376 ailril
328 323 390 376 bani
403 327 511 388 mattas
524 325 555 376 ln
572 324 735 378 maiomam
747 336 830 389 usqae
846 321 918 374 dam
935 321 996 374 vita
1009 324 1108 376 nostra

89 393 220 456 accurrit3
239 394 287 446 saci
304 398 399 447 eontra
417 395 524 448 nattam
537 395 644 461 penitas
660 393 824 449 calamitatis
836 406 918 458 aenas
935 391 1032 458 detuit.
1049 391 1108 442 Hae

87 465 181 516 tectum
193 466 289 516 iisdem
303 467 394 517 verbis
406 465 489 517 refert
498 467 564 518 Pius
574 467 622 525 VI,
631 467 660 516 in
672 467 750 532 epist.
762 465 796 516 ad
806 465 894 530 Episc.
907 463 976 516 Gall.
990 463 1018 516 10
1027 465 1106 514 mart

87 537 145 586 anni
163 535 234 588 1791.
251 536 483 588 Theinerdocum.
500 537 571 588 ined,
587 551 613 587 n.
632 537 668 588 te.
685 537 754 588 Item
767 537 914 602 imperator
925 535 1038 586 Carolus
1049 547 1106 584 ma·

85 621 148 672 gnus
158 607 196 658 ad
209 608 368 672 petitionem
377 609 541 659 Francorum
552 608 598 672 qui
608 609 684 660 salva
692 621 799 672 semper
808 605 938 658 Ecclesiae
947 607 1018 658 bona
1027 619 1107 670 expa-

86 679 182 736 sahmi.
192 677 485 758 respondit-ilaeimas
494 679 683 743 montarcene
699 682 724 732 ct
737 691 809 744 repes
818 691 909 730 eornm
919 680 1107 742 praetereati-

85 747 185 810 ciaiase,
196 762 262 814 quea
270 747 594 815 Ecclesiasspelcaoeraal
603 763 695 816 resque
704 763 799 802 aarum
808 751 991 810 anteveniet,
1003 747 1106 799 altata-

84 823 176 872 aarum
188 817 229 871 ecl
241 818 425 884 abiecerunt.
437 819 477 871 Id
487 820 551 872 ibid
558 819 688 872 Notabile
699 822 806 872 demum
816 819 936 888 estquod
944 818 1107 869 Hrncmarus

85 889 226 941 Remensis
239 891 374 941 liudovico
383 891 547 943 Francorum
557 892 614 955 regi
626 891 775 942 scribebat:
769 886 855 943 ·Saal
868 904 915 956 aar
911 889 1021 942 'diasat
1024 888 1107 956 ‚quia

84 973 122 1012 res
135 959 318 1014 aocknastice
333 959 552 1026 Episceporum'
541 974 572 1013 ra
584 965 675 1013 eastra
688 960 745 1014 rim
757 964 895 1027 potestate,
905 963 937 1012 at
950 958 1108 1040 ceimaraae

84 1031 221 1084 aalaaltis
231 1044 276 1082 aas
289 1031 413 1098 (ΙοηΙΙΙΙς
427 1031 498 1096 quad
509 1031 533 1083 si
544 1032 585 1084 ita
595 1035 641 1090 est,
654 1031 698 1084 illa
713 1031 848 1096 matacrei
859 1030 982 1096 spiritus,
991 1029 1040 1095 aui
1048 1027 1107 1095 pri·

83 1113 123 1152 ma
135 1104 265 1166 parentas
279 1104 385 1154 uestras
397 1101 527 1164 peruicit,
541 1101 720 1166 perditionem
732 1105 850 1154 vestram
862 1101 893 1153 ia
908 1113 989 1154 auras
1003 1104 1106 1153 vertras

84 1175 218 1224 nuurrat.
229 1171 358 1224 Gonzalez
368 1173 402 1223 ad
416 1171 545 1236 capide
558 1173 614 1223 reb.
626 1171 690 1223 eccl.
700 1171 841 1222 nonaiien.
851 1185 926 1222 num.
937 1171 960 1220 5.
968 1197 995 1208 -
1007 1170 1042 1234 (5)
1053 1169 1106 1220 Ra·

84 1255 145 1293 rara
157 1242 335 1295 Innocentius
348 1243 399 1302 ΙΙΙ,
411 1243 448 1293 ita
462 1243 594 1294 sancivit·
587 1239 657 1293 ·Nos
670 1241 845 1300 attendentes,
857 1241 929 1306 quad
937 1239 1013 1292 laicis
1023 1238 1107 1294 etiam

84 1312 213 1378 reliaiasis
225 1325 306 1378 super
319 1313 449 1376 ticalesic's,
462 1315 487 1365 et
501 1313 621 1393 pertaesis
633 1311 820 1365 ecclesiasticis
834 1311 910 1363 aella
924 1311 959 1364 sit
973 1309 1107 1365 attributa

82 1383 239 1446 sacwlasa„
244 1379 302 1436 ,δι’
318 1385 385 1450 qaid
400 1388 475 1437 roera
489 1399 517 1449 pr
520 1395 600 1448 aprio
613 1383 746 1448 (iliorum)
767 1385 903 1436 statatum
923 1381 1019 1446 iuml,
1035 1378 1107 1446 quad

84 1452 264 1506 Ecclesiarrsm
280 1454 407 1520 respiciat
417 1453 586 1506 commodum
596 1457 620 1506 et
634 1454 766 1519 scemari,
777 1452 878 1504 callim
893 1451 1034 1518 firmitatis
1047 1449 1105 1502 cai-

82 1524 135 1586 stit,
148 1524 207 1576 nisi
220 1525 254 1576 al>
267 1523 382 1578 Ecclesia
398 1525 484 1590 fuerit
501 1523 689 1604 approbatam.
708 1523 780 1576 {leda
802 1526 937 1577 statatum
954 1521 1052 1574 Basilii
1075 1519 1108 1572 de

82 1607 135 1647 aaa
148 1593 303 1647 alienandis
313 1595 423 1662 prediis
434 1593 552 1652 emitas,
566 1594 607 1646 aet
618 1594 731 1646 arianis
741 1593 910 1656 ministeriis,
923 1597 948 1646 et
965 1606 1108 1646 ornamen-

82 1665 113 1718 tis
123 1665 306 1719 Ecclesiamm
317 1666 366 1718 illa
379 1666 552 1731 reprobatam
565 1665 620 1730 salt
635 1665 776 1729 potissima
787 1665 894 1718 ratione
907 1663 978 1731 quoti
985 1662 1107 1717 auctari·

83 1740 135 1790 late
151 1749 209 1788 aaa
221 1737 282 1818 seit.
292 1736 406 1790 flammai
420 1735 556 1800 pontilicis
577 1735 743 1790 roboratam.
758 1737 822 1800 Cap.
839 1736 868 1788 ΙΙ)
884 1737 918 1788 da
935 1739 1021 1790 const
1036 1737 1107 1788 Cau

83 1807 176 1858 cordat
189 1821 251 1858 cum
265 1807 308 1866 iis,
323 1807 394 1872 quod
408 1807 568 1861 habemus·
561 1819 590 1855 m
608 1805 861 1859 constitutionibus
870 1807 1065 1872 apostolicisl.
1081 1805 1106 1864 2.

83 1890 104 1927 c
121 1878 162 1950 ³5
173 1870 226 1928 ubi
236 1878 296 1929 iaici
308 1881 460 1934 monentur.
470 1880 501 1928 ut
513 1883 624 1926 careant
638 1890 654 1927 a
668 1877 792 1942 petendis
805 1879 839 1928 ab
857 1877 1000 1942 Episcopis
1014 1890 1107 1928 eorum

82 1913 321 1999 administrationis
339 1948 499 2008 rationibus,
514 1949 541 1998 et
559 1947 594 1997 ab
614 1961 708 1998 aarum
722 1949 849 2014 operibus
863 1946 1055 2012 pervigilandis
1072 1945 1107 1996 ad

82 2018 160 2070 finem
171 2019 359 2083 cognoscendi,
372 2033 407 2069 an
416 2019 495 2076 bena,
507 2015 551 2068 val
564 2017 636 2069 mala
649 2019 780 2070 bonorum
794 2017 1038 2071 ecclesiasticorum
1047 2017 1106 2068 tru-
1171 2018 1176 2027 '

82 2094 139 2140 atus
151 2089 325 2154 impetierint.

113 2259 178 2316 ΙΙΙ.
199 2259 260 2316 Nec
273 2254 424 2316 mouens
434 2260 566 2331 potestas
577 2271 617 2314 ex
631 2256 700 2331 jura
713 2271 801 2315 sacro
817 2255 897 2315 valet
909 2253 1071 2316 Ecclesiam
1088 2271 1107 2313 a

82 2343 229 2402 bonerum
251 2344 458 2418 temporalium
478 2343 671 2418 acquisitione
687 2343 856 2419 prohibere.
883 2349 946 2404 Hoc
967 2349 1067 2402 amen
1081 2359 1108 2400 a

83 2433 189 2490 mairia
204 2430 322 2491 decimo
337 2438 454 2506 quarto,
468 2431 517 2491 vel
531 2431 647 2490 decimo
663 2430 766 2508 quinto
781 2429 905 2490 nimium
913 2430 993 2490 malo
1008 2429 1107 2488 omine

84 2519 201 2594 quidam
220 2519 357 2578 iecerunt
378 2519 539 2595 principes,
560 2524 590 2577 et
610 2537 691 2580 nunc
712 2519 774 2579 iere
793 2535 898 2578 omnes
919 2517 1031 2577 faciunt
1052 2533 1108 2592 per

82 2607 187 2682 legem,
196 2625 287 2683 qnam
296 2609 446 2683 appellant
458 2607 730 2678 Amastiazatiaeis,
739 2623 794 2682 per
807 2623 898 2683 pram
908 2607 988 2665 bona
1000 2605 1109 2666 civium

82 2696 245 2770 prasertim
264 2695 426 2756 immobilia
444 2697 479 2755 ia
502 2705 612 2756 manas
631 2703 778 2768 mortuas,
805 2703 839 2756 nt
862 2696 976 2770 dicunt,
995 2695 1059 2756 sive
1075 2696 1106 2754 in

83 2784 254 2858 Ecclesiam,
274 2791 327 2844 aut
344 2784 374 2843 in
391 2783 481 2843 alium
495 2783 579 2860 pium
601 2785 711 2859 locam,
730 2784 884 2844 transferri
905 2801 965 2844 non
980 2790 1107 2861 possunt

83 2869 192 2946 absque
207 2889 357 2932 consensu
370 2877 400 2933 et
414 2871 519 2934 litteris
532 2872 684 2932 saecularis
703 2871 856 2948 principis,
874 2873 925 2948 qui
944 2873 1106 2948 permicat,

83 2957 184 3018 eedem
198 2959 278 3018 bona
296 2958 327 3018 in
349 2976 456 3018 marrus
468 2966 602 3019 mortuas
623 2959 742 3034 cadere,
761 2961 824 3020 sive
835 2962 1032 3022 amartiazari
1049 2967 1101 3035 (t).

84 3049 161 3104 liene
175 3046 272 3120 legem
286 3045 427 3120 iniquam,
443 3052 474 3105 et
488 3045 627 3104 Ecclesiae
639 3046 811 3122 injuriosam
827 3065 931 3108 omnes
945 3050 1107 3108 traducant

84 3134 196 3206 probati
210 3138 369 3206 bocmres3
384 3132 546 3208 etquidem
556 3134 682 3193 merito:
698 3151 768 3194 narn
782 3136 911 3196 Ecclesia
920 3143 966 3197 est
979 3137 1106 3196 societas

84 3220 220 3279 divinitus
240 3221 387 3294 libertate,
403 3226 434 3280 et
449 3219 679 3296 independentia
696 3223 820 3295 munita,
835 3225 920 3284 utsii
941 3231 1103 3299 perpataa3

86 3308 137 3366 scd
151 3309 199 3367 lex
211 3309 468 3370 amortizzatiaais
481 3309 648 3371 libertatem
660 3311 800 3372 ecelesia
815 3312 960 3371 indirecte
979 3318 1010 3368 et
1031 3309 1106 3370 dira-

87 3399 132 3452 cte
148 3397 250 3468 aufert,
272 3397 344 3457 dum
358 3396 508 3472 prohibet,
521 3403 555 3456 ut
571 3398 692 3472 juvetur
706 3398 812 3459 mediis
825 3399 863 3458 ad
877 3395 1064 3458 existendum
1073 3403 1105 3458 et

87 3483 228 3555 agendum
241 3484 298 3546 sibi
310 3484 496 3560 necessariis,
512 3490 543 3546 et
554 3499 572 3546 a
586 3484 694 3560 pietate
704 3486 836 3550 bdelium
849 3483 967 3560 oblatis,
979 3485 1105 3563 ejusque
