2524 4080
511 205 670 261 -357—
759 215 771 260 t

87 339 168 398 nnnc,
179 325 321 402 ouodnon
335 325 504 401 ostroldi,
517 333 668 402 peccatum
681 333 733 399 cst,
743 323 881 402 synodali
891 323 1005 402 jndicio
1019 325 1086 404 defi·

84 413 207 488 cinnor,
223 416 297 492 quod
311 415 400 475 nnllo
412 415 510 475 volout
531 413 636 490 obsone
654 413 799 488 bonafide
820 413 1000 490 prescriptio
1022 421 1085 475 tant

84 503 216 572 cononice,
233 520 322 580 onnon
334 503 426 563 ciuilis
435 523 446 578 ;
462 519 531 563 onon
543 502 719 578 ponorolitcr
733 501 772 561 sit
783 503 866 562 ornni
884 501 1086 564 constitutioni

82 597 155 666 omne
172 593 373 652 consuetudini
393 591 685 668 decorandumque
705 590 810 668 absque
829 590 952 651 mortali
969 598 1083 668 perroto

82 695 132 738 non
141 687 228 754 potest
240 681 396 742 obseruari.
415 681 494 741 llndo
507 688 627 758 oportet,
649 688 684 741 nt
701 680 752 756 oni
766 681 926 756 prescribit
945 681 979 740 in
996 679 1085 741 nullo

82 769 202 844 tcnrporis
213 777 296 846 porto
310 771 355 830 rei
368 771 473 831 nobem
487 770 694 830 conscientiam
705 767 809 829 ollone
823 771 873 842 (i).
889 774 971 828 Bone
984 773 1085 828 nutem

80 854 142 916 ides
154 857 246 928 deum,
257 875 326 920 eum
337 859 405 936 quis
418 875 472 936 per
481 875 615 919 errorem
625 856 695 918 fecti
709 858 872 935 prudenter
881 857 1005 936 judicet,
1021 856 1083 917 sive

68 944 169 1018 eredit,
188 962 251 1007 rem
272 965 291 1006 e
312 964 346 1007 se
366 962 539 1023 possessam
558 964 624 1007 esse
644 963 739 1020 suam,
763 954 797 1005 ut
816 962 886 1006 cum
906 943 1085 1006 credit'rem
1135 998 1138 1004 .

79 1031 126 1091 sibi
137 1034 284 1096 venditam
299 1051 369 1096 eum
385 1035 496 1096 habere
516 1036 680 1108 dominum,
696 1035 747 1111 qui
760 1033 901 1108 vendidit,
918 1033 989 1094 licet
1006 1032 1084 1094 iilius

78 1134 138 1180 vere
149 1139 207 1184 non
220 1124 259 1184 sit
272 1129 324 1197 (2).
337 1129 409 1184 Cum
422 1139 525 1184 errore
539 1140 610 1184 vero
620 1124 695 1198 Jnris
709 1123 789 1182 boue
803 1121 877 1182 fides
890 1139 957 1183 esse
970 1121 1083 1199 neqrrit,

78 1207 125 1267 nisi
147 1227 230 1272 error
248 1211 287 1272 sit
312 1230 384 1273 vere
406 1211 593 1286 invincibilis,
614 1214 663 1273 vel
685 1213 790 1272 saltem
806 1209 992 1284 verosimilis,
1008 1215 1042 1269 ut
1060 1208 1086 1268 si

77 1297 206 1372 quierem
216 1319 234 1360 a
244 1302 312 1378 jure
326 1301 448 1362 alienari
460 1301 649 1378 prohibitam,
664 1301 744 1378 quod
756 1300 882 1376 ignoret,
903 1297 1012 1374 judicis
1029 1315 1083 1359 nu-

76 1387 198 1452 etoritste
211 1390 354 1451 obtineat.
368 1395 412 1452 Ex
421 1391 520 1451 verbis
534 1397 633 1452 sutem
647 1389 728 1450 citati
736 1388 859 1449 oenorris
872 1387 1083 1448 conciliiiete·

75 1477 198 1538 tenensis
225 1479 380 1555 sequitur,
392 1479 503 1539 borram
522 1479 611 1539 fldem
629 1477 829 1539 necessariam
851 1493 917 1538 esse
937 1476 975 1536 ab
1001 1474 1084 1536 initio

73 1565 351 1643 prescriptionem
371 1567 480 1628 debere
494 1583 561 1628 esse
579 1567 751 1628 continuem
772 1572 834 1626 toto
851 1565 1085 1643 prescriptionis

74 1655 207 1729 tempore,
222 1657 304 1732 quod
318 1655 525 1716 confirmatum
535 1654 589 1716 fuit
602 1654 777 1715 ottoniiecio
791 1658 860 1728 vill,
873 1653 924 1730 qui
937 1653 967 1712 in
980 1653 1085 1728 regula

70 1738 135 1813 juris
156 1744 200 1804 sic
220 1743 394 1806 constituit:
417 1745 569 1806 Possessor
591 1745 679 1804 mole
705 1743 857 1819 fidoisnln
885 1749 1086 1820 tomporenon

70 1833 218 1902 presmilit
234 1836 287 1906 (3).
307 1838 404 1906 Quare
421 1833 472 1910 qui
492 1833 616 1905 dubitet,
640 1850 678 1892 nn
697 1849 747 1893 res
767 1849 821 1892 sua
836 1831 883 1906 sit,
904 1848 965 1890 uon
985 1835 1085 1906 potest

71 1913 202 1980 inchoare
216 1919 484 1998 prescriptionem.
506 1920 535 1981 si
548 1937 621 1980 vero
633 1921 691 1980 hoc
704 1919 827 1981 dubium
840 1926 909 1995 post
921 1918 1085 1995 incoeptam

71 2002 217 2069 bonafide
238 2009 493 2086 prescriptionem
520 2008 698 2083 suboriatur,
719 2025 774 2084 per
794 2023 998 2085 possessorem
1018 2006 1082 2067 diti-

69 2103 165 2168 genter
185 2095 394 2174 investigeude
410 2104 456 2159 est
477 2099 604 2171 veritus,
620 2115 680 2173 quo
696 2098 786 2174 moto,
805 2096 831 2158 si
846 2097 969 2158 dubium
986 2096 1084 2156 adhoc

69 2191 252 2260 perseveret,
278 2203 436 2263 possessor
455 2194 553 2262 potest
575 2186 766 2260 continuere,
790 2191 821 2246 et
838 2186 984 2261 perticere
1005 2201 1083 2260 prae-

69 2271 268 2350 seriptionem,
286 2275 353 2350 quie
367 2275 398 2334 in
412 2275 503 2336 dubio
516 2273 623 2336 melior
636 2281 683 2335 est
695 2274 825 2334 conditio
839 2272 1042 2350 possidentis(
1062 2276 1083 2345 ).

69 2362 214 2438 complete
235 2363 355 2422 tandem
369 2363 604 2440 prescriptione,
618 2363 697 2422 male
710 2362 784 2422 tides
797 2359 1009 2436 superveniens
1022 2377 1083 2422 nou

68 2455 159 2523 potest
180 2449 309 2528 amplius
329 2468 450 2526 nocere,
470 2451 539 2528 qum
559 2449 793 2528 praescriptionis
815 2450 1010 2524 effectusjam
1028 2449 1084 2510 init

67 2547 215 2613 operatum
231 2547 262 2602 et
273 2539 351 2613 ideo,
367 2540 417 2618 qui
430 2541 595 2616 cognoscit,
609 2557 675 2604 rem
694 2539 785 2600 fuisse
798 2538 935 2612 niceam,
959 2554 1019 2598 non
1039 2543 1083 2598 te-

68 2633 148 2688 netur
160 2628 292 2706 emplius
304 2629 459 2690 restituere
471 2633 522 2702 (6).

87 2778 127 2844 (Ι)
140 2780 207 2848 Cep·
221 2779 263 2839 66,
276 2778 311 2830 de
325 2780 475 2848 praescript.
493 2782 521 2831 et
539 2779 684 2831 concordet
702 2792 762 2844 esp.
776 2779 800 2840 5,
820 2778 877 2831 eod.
894 2782 919 2830 et
933 2791 993 2846 cep.
1007 2777 1033 2842 i,
1050 2777 1084 2830 de

67 2859 117 2914 reg.
129 2852 184 2916 jur.
200 2851 230 2902 in
246 2850 270 2900 6.
285 2877 317 2888 -
336 2851 372 2916 (i)
393 2851 475 2902 Error
497 2856 586 2904 temen
605 2852 634 2903 in
655 2850 724 2902 secto
738 2849 847 2918 proprio
860 2849 1019 2916 regulariter
1031 2849 1082 2901 bo-

66 2932 123 2971 nnm
145 2922 229 2976 fldem
250 2922 347 2985 sutori,
366 2937 398 2974 ee
420 2924 537 2974 maxime
557 2923 708 2988 ignor-sntio
730 2935 831 2985 cresse,
848 2925 876 2973 et
898 2920 1029 2974 mooun.
1053 2945 1085 2958 -

67 2990 98 3054 (3)
111 2993 161 3044 cit.
175 3007 237 3057 esp.
252 2994 277 3044 i.
292 2993 325 3046 de
339 3007 394 3060 reg.
414 2995 469 3059 jur.
484 2995 512 3046 in
525 2994 549 3046 6.
562 3019 595 3032 -·
607 2994 643 3058 (i)
656 2993 720 3058 Gup.
737 2993 777 3056 65,
790 2995 851 3045 eod.
861 3021 893 3030 -
905 2993 942 3058 (5)
955 2991 1041 3045 Gloss.
1056 2992 1085 3044 in

67 3061 105 3114 cit.
120 3077 179 3131 cop.
194 3065 236 3125 26,
246 3063 280 3117 do
292 3065 445 3134 prescript.
454 3065 536 3118 verbo
549 3063 636 3125 nullo.
649 3067 677 3117 ot
690 3077 747 3132 esp.
763 3064 808 3117 cit.
821 3065 845 3126 5.
853 3064 912 3118 eod.
927 3065 956 3116 in
965 3065 989 3124 6,
999 3063 1084 3117 verbo

66 3135 175 3189 nouerit.

97 3313 159 3373 eet.
182 3312 268 3373 circs
281 3311 398 3372 tertiam
417 3311 619 3374 conditionem
632 3311 670 3372 de
686 3311 767 3389 justo
789 3314 874 3374 titulo
892 3312 1084 3372 observemus

68 3395 179 3462 titulum
193 3407 269 3462 tunc
283 3401 342 3461 dici
351 3401 474 3477 justum,
492 3417 562 3462 cum
583 3417 638 3477 per
652 3418 685 3462 se
697 3401 803 3462 habilis
815 3406 861 3462 est
874 3400 913 3460 ed
931 3399 974 3460 rei
987 3398 1084 3460 domi·

66 3486 143 3548 nium
157 3490 198 3550 de
216 3507 277 3550 uno
291 3489 319 3549 in
337 3489 427 3550 elium
440 3488 689 3564 transferendum,
704 3489 746 3549 uti
759 3497 805 3550 est
816 3487 947 3561 donatio,
962 3487 1083 3564 emptio,

67 3576 255 3654 nmmumtio,
268 3580 408 3668 tegetum,
422 3583 493 3655 etc.;
506 3577 566 3655 qui,
581 3577 604 3638 si
620 3578 753 3640 silverus
764 3583 794 3639 et
807 3575 964 3652 legitimus,
974 3575 1017 3636 rei
1030 3575 1085 3637 do·
