2410 4068
509 149 672 208 ..pp-p..

94 267 192 332 clericis
214 269 399 346 regularibus
422 280 492 331 sunt
514 271 695 332 conterenda
719 272 770 346 (2).
791 275 865 332 llem
884 267 912 331 in
938 279 1055 348 curete,
1070 279 1101 336 et

92 361 208 437 duplicia,
234 360 342 436 quibus
367 365 561 438 opponuntur
580 359 738 436 simplicia.
759 365 866 421 Curate
887 360 935 420 illa
948 360 1099 438 dicuntur,

91 449 255 525 quaebabent
269 449 443 524 adjunctam
460 465 564 510 curem
581 449 766 522 animarum
790 448 919 526 duplicia
931 467 1015 525 vero,
1031 468 1099 528 quae

89 539 124 596 vel
143 553 240 596 cumin
260 536 439 612 animarum,
453 539 502 597 vel
518 537 768 613 jurisdictionem,
787 539 836 598 vel
855 539 1098 616 praecedentiam,

89 626 124 684 rel
134 625 423 698 administrationem,
432 625 480 685 vel
490 625 580 686 etiem
590 624 782 686 residentiam
793 625 904 686 habent
913 627 1098 704 adjunctam,

29 723 32 778 5
89 713 120 772 uti
130 720 191 772 sant
201 713 364 789 parochiae,
378 713 547 788 dignitates,
559 719 751 788 personatus,
770 715 878 788 officia,
894 721 925 776 et
938 715 1100 779 canonica-

28 791 31 870 ξ
88 809 124 860 tus
134 801 330 862 residentiales
342 806 394 876 (3).
410 807 482 862 ltern
497 802 626 878 denique
639 801 670 860 in
681 801 808 876 electiva,
824 820 892 880 quae
903 804 1098 866 conteruntur

87 905 129 963 per
139 887 311 956 electionem
324 889 450 966 Capituli
460 891 546 965 iaxta
565 905 671 950 sacros
684 907 816 955 canones
830 891 1022 966 celebratam,
1037 901 1067 954 et
1078 911 1099 954 a

86 977 223 1053 superiore
243 979 464 1051 continuatam
480 978 511 1038 in
527 979 673 1051 cellettee,
695 995 763 1053 quae
781 979 975 1038 conteruntur
993 997 1048 1056 per
1060 981 1098 1042 li-

84 1063 169 1124 beram
187 1065 353 1142 Superioris
374 1067 597 1139 auctoritatem
613 1072 643 1127 ct
666 1065 697 1124 in
717 1073 889 1144 petronate,
909 1083 977 1144 quae
989 1067 1027 1128 ad
1041 1086 1101 1144 pe*

85 1158 220 1216 bonorum
239 1156 501 1230 praesentationem
520 1156 728 1237 conteruntur.
745 1159 804 1214 Nos
826 1155 915 1230 hujus
935 1165 1096 1231 postremae

82 1240 215 1302 dirbionis
237 1243 375 1304 ordinem
393 1244 423 1302 in
437 1244 484 1303 his
506 1241 739 1304 institutionibus
763 1244 1096 1318 coenomanensem

82 1334 165 1389 umen
178 1331 276 1390 adbuc
292 1331 513 1408 arragmatteis
528 1338 727 1392 recensentur
739 1331 895 1404 beneficia,
911 1348 979 1408 quae
994 1332 1097 1394 dicun·

81 1419 290 1492 eumeceelie,
306 1421 369 1480 sive
388 1419 578 1493 monechilde,
595 1437 632 1480 eo
647 1419 728 1496 quod
743 1420 899 1480 adnutum
913 1419 1096 1483 conterentis

81 1507 122 1566 vel
132 1508 246 1568 alienus
260 1519 386 1586 possunt
404 1508 618 1570 abeneticiatis
631 1508 740 1569 auferri
756 1512 807 1583 tt).

108 1653 137 1718 tl)
150 1655 201 1707 Sed
210 1657 316 1721 majera
328 1655 461 1718 beneficia
477 1657 529 1709 sub
540 1656 657 1724 simplici
667 1655 849 1724 appellatione
858 1656 1052 1710 beneticiorurn
1064 1657 1093 1712 in

79 1727 176 1777 materia
189 1723 280 1778 odiosa
293 1740 348 1777 non
362 1727 450 1778 solent
463 1727 673 1794 comprehendi,
688 1731 715 1778 et
729 1727 904 1793 dispensatus
918 1729 952 1779 ad
961 1729 1092 1781 beneficia

80 1795 203 1860 ingenere
226 1797 383 1861 obtinenda,
405 1811 460 1848 non
480 1800 570 1861 potest
591 1796 832 1863 ad'opiscopatnm
847 1799 1008 1863 promoveri,
1027 1799 1092 1866 quia

78 1865 226 1932 dispensatio
248 1871 341 1932 utpote
360 1868 454 1920 odiosa
469 1869 562 1921 stricte
579 1871 621 1919 est
633 1867 848 1932 interpretenda.
864 1867 1042 1921 Reitienstuel
1056 1870 1091 1921 de

16 1957 17 1962 ¹
78 1939 200 2000 praebend.
214 1953 242 1990 n.
258 1940 300 1990 ti.
314 1965 346 1976 -·
362 1939 397 2002 (i)
421 1939 551 1990 Netamus
568 1937 710 1990 secularia
727 1938 859 1990 beneficia
878 1938 938 1988 lieri
955 1940 1093 2004 regularia

77 2021 120 2058 nen
129 2010 440 2075 pessanequericissim,
448 2011 502 2060 nisi
512 2023 545 2062 ex
557 2009 731 2074 dispositione
739 2009 1048 2073 summlPentillcis,aut
1056 2023 1091 2062 ex

77 2079 98 2128 n'
110 2080 227 2144 legitimae
249 2087 276 2133 et
291 2080 514 2147 quadragenariae
528 2079 761 2146 praescriptionis3
777 2080 806 2130 in
816 2080 899 2132 dubio
911 2094 974 2132 vero
985 2081 1089 2132 banell-

77 2148 109 2198 cla
120 2157 319 2214 praesumuntur
335 2149 487 2204 saecularia.
501 2151 632 2202 Geneatae
648 2151 677 2201 in
693 2164 748 2216 reg.
764 2153 779 2202 8
791 2151 898 2204 Cancel.
912 2177 942 2192 ·-
952 2149 987 2216 (3)
999 2151 1091 2214 Quare

76 2219 197 2284 bnetcia',
214 2235 277 2288 quae
290 2223 334 2274 bis
346 2227 443 2273 carent
460 2222 692 2284 attributionibos,
707 2221 849 2286 solumque
866 2235 935 2274 onus
948 2223 1091 2276 involvunt

76 2294 200 2346 canonicas
216 2294 348 2346 sociandi
364 2293 457 2354 boras,
471 2293 578 2344 divinas
603 2293 717 2344 canendi
731 2293 837 2352 laudes,
854 2297 881 2346 et
896 2305 1003 2344 saonem
1017 2295 1090 2346 cele·

75 2361 155 2414 brandi
168 2365 305 2429 simplicia
319 2368 402 2420 eunte
416 2364 444 2414 ia
466 2365 567 2430 quibus
585 2363 655 2417 illud
672 2364 830 2422 notandum,
845 2377 899 2428 que
913 2363 1088 2430 dispensatus

75 2431 101 2481 ad
119 2435 288 2486 obtinendum
312 2435 476 2485 beneficium
504 2433 628 2500 simplex,
652 2433 749 2499 nequit
771 2435 899 2499 consequi
925 2435 1087 2486 beneficium

75 2501 166 2568 duplex,
180 2505 245 2572 quia
260 2505 416 2570 hujusmodi
429 2505 562 2571 rescripta
575 2505 808 2570 dispensationum
819 2505 912 2556 stricte
926 2510 990 2554 sunt
1002 2505 1087 2556 inter-

75 2577 193 2636 pretanda.
208 2604 240 2614 -
253 2578 289 2641 (u
304 2577 370 2627 Haec
386 2576 518 2627 benetlcia
534 2575 602 2636 ,licet
619 2590 636 2627 a
655 2575 827 2626 benefactore
846 2571 968 2637 lundata,
986 2579 1014 2625 et
1026 2575 1084 2638 epi·

75 2647 132 2711 scopi
144 2649 303 2702 auctoritate
318 2651 418 2708 erecta,
431 2661 497 2698 vera
513 2647 646 2698 beneficia
659 2661 713 2697 non
733 2649 804 2703 suut,
820 2658 882 2696 curn
896 2645 1086 2710 perpetuitatis

74 2719 183 2770 attribute
193 2723 311 2770 careant.
327 2717 509 2769 Nihilominus
520 2719 547 2769 in
562 2717 758 2768 favorabilibus
770 2717 878 2768 nemine
892 2715 1085 2769 beneficiorum

74 2788 181 2849 veniunt;
195 2790 310 2854 ideoque
326 2790 418 2840 levore
432 2789 549 2855 publicae
562 2789 689 2840 utilitatis
703 2792 744 2840 est
758 2788 943 2851 constitutum,
958 2788 989 2839 ut
1001 2791 1084 2840 etiam

73 2854 216 2912 bnanuali
229 2859 361 2912 benedmo
375 2860 491 2910 simonia
505 2860 697 2920 committatur,
711 2863 739 2910 et
755 2863 786 2910 ut
799 2859 957 2924 obreptione
970 2859 1082 2914 vitietur

73 2925 206 2995 inpetratio
220 2929 333 2983 secundi
353 2930 487 2994 beneficii,
502 2931 525 2980 si
542 2931 569 2980 in
584 2929 781 2996 supplicatione
795 2935 885 2981 orator
899 2931 1022 2983 omiserit
1035 2945 1082 2982 ex·

73 3011 164 3061 ponere,
179 3017 208 3054 se
220 3001 295 3053 aliud
313 3001 439 3054 manuale
457 2999 621 3054 beneficium
635 3000 786 3066 possidere,
799 3002 831 3052 ut
843 3002 955 3054 tradunt
968 3013 1084 3054 commu·
1177 3069 1178 3076 ἵ

72 3069 128 3122 niter
140 3073 276 3126 Doctores.

99 3250 154 3306 tit.
169 3249 252 3308 circa
265 3249 331 3308 baec
349 3247 498 3308 manualia
521 3246 667 3308 beneficia
696 3248 849 3324 quaeritur,
871 3265 910 3308 an
925 3247 964 3307 ad
982 3263 1084 3306 remo-
1174 3241 1176 3322 ,

71 3334 185 3396 rendum
205 3335 415 3397 beneficiatum
437 3335 621 3396 abenedcio
644 3335 743 3412 aliqua
769 3353 860 3396 causa
887 3332 1082 3409 requiratur?
1172 3353 1174 3409 ς

70 3422 202 3484 tenentia
215 3424 392 3486 affirmativa
405 3442 445 3486 ex
456 3443 492 3486 eo
507 3423 679 3499 metiretur,
695 3424 776 3500 qnod
789 3421 900 3484 amotio
913 3421 1001 3480 debet
1014 3437 1082 3481 esse

70 3507 242 3585 alienabitis,
256 3529 325 3594 quae
340 3512 366 3574 si
378 3514 430 3578 tiat
447 3513 562 3594 amque
584 3513 683 3593 atiquo
700 3529 800 3588 musa,
816 3506 1001 3574 rationabilis
1013 3509 1080 3572 nul-
