2560 4080
173 399 206 463 (i)
220 397 282 450 Bul.
296 395 370 450 ditos
388 393 531 450 amiralios
544 393 587 446 Pii
600 391 647 446 IV.
667 420 698 431 -
715 391 751 460 (i)
765 391 814 446 cit.
831 389 890 446 itui.
912 385 1053 450 immeoo
1071 393 1165 449 sumt

139 469 206 524 sixti
220 471 253 521 V.
269 497 296 508 -
310 469 345 533 (i)
361 469 428 523 Cum
439 469 468 519 in
482 467 567 533 gradu
580 464 769 531 appellationis
790 479 873 518 causa
890 467 991 530 agitur,
1006 466 1035 517 S.
1049 465 1164 528 Congre-
1189 487 1192 492 ’

138 542 210 610 gotio
223 540 334 594 Goneiiii
356 555 412 592 uon
433 540 502 592 solat
519 539 554 589 ab
579 537 732 590 ordinariis
755 537 959 589 informationes
980 541 1088 605 petere,
1104 538 1168 603 quia

140 614 179 665 rei
193 616 279 664 status
291 625 323 664 ex
337 611 476 682 productis
490 612 558 662 actis
570 609 668 672 (iuriae,
684 622 700 659 a
715 621 769 673 qua
790 608 954 674 appellatur,
968 607 1037 662 setis
1050 611 1167 660 constat.

139 682 322 736 Nihilominus
336 695 410 750 saepe
437 681 534 738 evenit.
552 684 583 731 ut
596 677 706 744 aliquod
726 678 839 730 dubium
861 677 890 729 in
902 679 982 738 iacto,
999 679 1044 730 rei
1059 679 1089 728 in
1103 679 1168 730 lacti

140 753 351 806 circumstantiis
378 753 543 813 suboriatur,
558 764 611 818 quo
632 763 699 801 casu
722 750 758 800 ai)
785 747 938 802 ordinariis
959 749 1168 802 informationes

139 825 282 890 exquirere
290 825 366 876 solet.
378 823 445 876 tium
454 821 553 876 veroin
563 822 650 887 prima
660 821 789 874 instantia
800 833 884 874 eausa
894 821 994 886 ¹agitur.
1006 821 1079 873 tales
1087 821 1170 874 infor

139 897 281 959 mationes,
293 899 322 949 at
335 895 472 950 ordinarii
495 900 588 946 votum
609 892 772 960 regulariter
785 892 913 960 exquirit,
930 906 994 960 qua
1011 892 1167 948 secesseris

139 967 274 1030 ridentur,
287 971 319 1024 ut
332 967 366 1021 da
376 981 440 1020 rere
454 965 495 1020 rei
507 970 579 1020 statu
592 966 760 1021 certioratur.

170 1183 235 1240 ilie.
249 1183 283 1240 in
296 1177 465 1254 procedure
479 1192 583 1240 coram
594 1177 652 1238 hoo
667 1182 697 1238 S.
712 1175 947 1254 congregatione
960 1174 1018 1238 tria
1030 1175 1168 1240 orente

138 1267 501 1342 commasticare:
516 1268 667 1343 utromodo
676 1283 767 1328 musa
779 1267 999 1340 introducatur,
1014 1266 1168 1342 montedo

139 1363 294 1430 metetur,
306 1363 337 1418 ei
350 1355 503 1432 quomodo
516 1355 685 1417 definiatm.
705 1356 890 1418 introductio
908 1371 964 1432 per
981 1355 1168 1431 petitionem,

140 1447 204 1508 aira
217 1445 387 1508 instantiam
400 1461 504 1506 coram
525 1449 556 1506 S.
575 1443 821 1521 congregationis
842 1443 1004 1504 secretario
1019 1443 1052 1504 in
1067 1444 1170 1504 libello

140 1553 160 1596 a
178 1534 272 1612 partis
295 1541 492 1612 procuratore
505 1541 668 1608 exaratam,
684 1541 715 1594 et
728 1533 919 1595 sanctissimo
932 1532 1111 1610 inscriptam
1122 1533 1171 1592 iris

140 1623 252 1694 verbis,
264 1623 434 1686 Beatissimo
448 1623 548 1698 Pater,
562 1623 593 1683 in
604 1641 664 1700 qua
677 1623 839 1698 exponitur
851 1639 972 1698 nomen,
987 1639 1170 1699 cognomen,

142 1713 279 1788 qualitas,
291 1710 441 1786 dioecesis,
456 1717 486 1773 et
499 1712 650 1789 objectum
662 1711 886 1788 supplicationis
904 1717 957 1787 (i).
971 1716 1054 1772 intra
1066 1711 1172 1788 viginti
1255 1778 1259 1791 ,

142 1800 260 1864 &emm
270 1799 401 1876 apetium
413 1807 591 1877 prommtor
603 1800 723 1862 eririhet
736 1817 824 1862 auum
836 1802 875 1862 ed
884 1817 1010 1863 oausam
1022 1801 1172 1878 agendam

142 1889 274 1966 speciale
287 1889 471 1964 mandalum,
489 1897 520 1951 et
534 1889 634 1952 omnia
646 1890 826 1953 documenta
838 1891 878 1952 ad
891 1905 1014 1952 musam
1025 1897 1170 1967 epactam

143 1980 185 2040 tia
198 1977 229 2038 in
243 1979 340 2040 iorma
352 1979 522 2040 numantiae
535 1979 659 2042 aGuriis
672 1979 890 2057 episcopalibus
900 1979 1036 2053 remissa,
1049 1981 1099 2040 rel
1107 1980 1171 2042 sal·

143 2075 205 2130 tem
216 2069 256 2130 ab
266 2068 371 2130 iisdem
385 2070 540 2146 recognita
553 2075 705 2146 tamquam
726 2077 803 2146 rats,
817 2076 868 2131 aut
885 2069 961 2130 alias
974 2076 1093 2130 omnm
1118 2085 1171 2130 eo-

143 2174 212 2220 rum
225 2157 454 2222 authenddtatis
469 2158 588 2234 signum
600 2159 754 2234 habentia3
770 2177 837 2236 quae
848 2159 926 2236 parti
939 2159 1075 2219 adrersae
1091 2173 1172 2219 com·

143 2247 334 2308 munioautur
347 2263 403 2323 per
420 2247 593 2310 anthentica
610 2248 803 2326 exemplaria,
817 2267 855 2310 sc
867 2255 974 2325 postea
986 2248 1025 2308 da
1037 2255 1173 2310 secreta·

143 2334 180 2398 rii
191 2336 334 2396 mandato
347 2352 438 2396 causa
451 2337 573 2412 ponitur
586 2338 617 2401 iu
629 2337 712 2414 lolio,
725 2343 757 2413 et
769 2339 803 2400 iit
812 2337 915 2402 dtetio
930 2338 969 2400 aii
980 2337 1172 2400 concordan-

144 2427 217 2490 dum
228 2425 352 2488 dubium
366 2428 418 2500 (2).

176 2599 212 2666 (i)
225 2599 389 2652 Procurator
411 2599 439 2654 in
463 2600 637 2654 contentiosis
657 2599 739 2654 debet
756 2613 819 2654 esse
841 2615 912 2656 unta
927 2602 961 2656 de
973 2603 1019 2666 ils,
1029 2603 1081 2670 qui
1094 2604 1172 2660 urbs

145 2670 180 2724 od
192 2671 381 2734 postulandum
391 2671 588 2734 admittuntur;
600 2672 628 2727 in
647 2672 709 2726 aliis
722 2686 786 2725 tero
799 2675 915 2738 negotiis
931 2675 1034 2728 suflicit
1047 2677 1175 2744 quicum-

146 2755 199 2808 que
216 2743 295 2802 alius,
311 2742 359 2808 qui
372 2741 528 2807 petitionem
547 2747 703 2810 praesentet,
718 2747 745 2796 et
758 2743 792 2796 ad
811 2759 971 2814 responsum
985 2747 1178 2812 recipiendum

133 2813 256 2874 ·redeat;
271 2813 321 2865 sed
342 2814 519 2866 communiter
533 2813 568 2866 sd
583 2815 634 2867 hoo
647 2815 758 2882 Apsalos
772 2816 865 2868 Roma
879 2818 1020 2870 constituti
1034 2819 1174 2872 adhiben-

146 2887 208 2946 tur;
222 2898 276 2936 non
289 2885 362 2937 enirn
375 2887 577 2938 veredariorum
596 2900 679 2952 opere
692 2885 774 2951 (delle
788 2887 879 2952 Porto)
893 2889 934 2940 uti
949 2889 1021 2954 licet,
1035 2889 1111 2955 quod
1124 2891 1178 2943 rite

146 2967 201 3009 non
213 2961 303 3020 posset
315 2959 434 3020 optatum
448 2956 513 3010 dare
526 2956 738 3023 ellectum—(t)
753 2958 928 3012 concordatio
949 2961 1026 3012 dubii
1045 2961 1087 3012 nii
1100 2961 1175 3014 eliud

147 3028 197 3084 est,
213 3039 294 3092 quam
308 3027 423 3093 precisa
444 3027 630 3080 determinatio
645 3029 803 3094 questionis
824 3034 906 3084 certis
919 3032 1011 3084 verbis
1025 3046 1175 3100 expressa,

148 3103 175 3150 et
188 3097 215 3149 S.
235 3097 441 3164 congregationi
463 3113 511 3164 pro
534 3100 696 3152 resolutione
712 3101 902 3168 proponendae.
917 3102 960 3152 Ad
981 3102 1098 3157 dubium
1112 3119 1178 3158 oon-

147 3168 313 3222 oordandum
327 3168 426 3220 debent
440 3170 602 3223 intervenire
616 3177 708 3238 partes
723 3173 922 3233 contendentes,
938 3178 965 3226 et
985 3176 1013 3226 in
1027 3177 1109 3240 dubii
1121 3178 1178 3228 ior-

148 3241 222 3294 mula
238 3240 401 3292 consentire.
418 3242 536 3294 Dubium
550 3247 640 3296 autem
652 3244 692 3296 sic
702 3245 902 3311 concordatum,
917 3250 944 3297 et
957 3247 1178 3314 accogregatia-

147 3313 191 3364 nis
204 3310 347 3364 secretario
361 3313 550 3378 subsignatum
563 3315 662 3366 mutari
684 3315 801 3383 amplius
813 3319 917 3382 nequit,
935 3319 989 3370 nisi
1003 3319 1094 3372 citatis
1109 3333 1177 3386 par·

148 3383 232 3443 tibus,
247 3387 274 3434 et
290 3383 318 3434 in
331 3397 424 3434 aarum
438 3386 653 3452 contradictorio,
667 3388 732 3452 quia
746 3390 779 3439 ad
795 3403 904 3442 causam
915 3403 968 3442 uno
983 3391 1083 3458 potius,
1093 3405 1179 3456 quam

149 3453 202 3502 elio
216 3453 294 3504 modo
310 3453 488 3506 dirimendam
502 3453 617 3508 mulium
637 3457 741 3510 confert
754 3459 832 3510 dubii
846 3461 977 3528 propositi
998 3463 1126 3514 formula.
1140 3463 1178 3514 At

149 3519 174 3569 si
188 3526 280 3585 partes
293 3523 379 3574 nolint
395 3525 547 3578 consentire
561 3527 589 3577 ln
607 3528 702 3580 eadam
723 3527 841 3582 formula
854 3529 939 3592 dubii,
954 3533 1066 3596 etinter
1080 3547 1110 3586 se
1126 3548 1177 3586 na-

150 3593 250 3666 queent
262 3594 413 3654 convenire,
438 3596 599 3648 secretarius
615 3600 836 3665 congregationis
851 3615 884 3654 ex
899 3603 1125 3668 productionibus
1137 3605 1176 3658 t’a·

151 3661 210 3715 cus,
224 3665 255 3710 ut
268 3661 367 3712 auditis
381 3664 514 3728 partibus,
529 3678 561 3716 ex
572 3667 658 3720 cilicio
667 3671 827 3727 auctoritate
836 3687 887 3726 sua
900 3673 1012 3730 demtum
1026 3676 1174 3742 componit,
