2524 4080
519 187 550 200 -
570 161 676 217 aet·-

97 263 157 314 ,quae
171 252 197 303 in
211 268 242 306 eo
255 255 412 317 consistunt,
425 255 497 322 quod
508 255 593 322 judex
608 256 707 318 actoris
725 256 890 322 petitionem,
911 257 1004 324 reique
1018 257 1109 312 delen·

101 321 195 374 sionem
219 325 317 389 audiat,
338 327 409 392 qnod
431 325 574 378 dilationes
594 325 629 377 od
652 326 821 392 probandum
844 329 872 378 et
891 328 1111 393 respondendum

99 397 257 448 necessarias
269 397 405 457 concedet,
416 395 489 463 quod
502 397 534 448 de
547 411 630 450 causa
641 400 793 462 cognoscet,
808 399 1021 466 sententiamque
1031 401 1110 452 leret.

98 463 232 518 tttlormae
242 468 404 532 jndiciorum
418 469 556 532 legitimae,
572 471 629 520 sive
648 472 781 522 solemnes
800 473 896 534 ajuro
916 471 1030 536 positivo
1050 472 1109 524 fue·
1157 521 1159 526 .

97 540 155 586 runt
174 540 331 602 constitutae,
351 540 380 592 in
402 553 454 606 quc
469 540 602 604 praecellit
612 542 664 604 jus,
672 540 837 600 canonicum,
853 543 924 606 quod
938 542 1054 606 primum
1069 548 1109 598 te-

96 603 147 654 lam
161 609 329 672 judiciariam
343 611 371 662 in
385 611 503 662 secundo
521 612 702 667 Decretalium
715 612 783 663 libro
798 613 941 675 contexuit,
957 625 972 663 a
989 627 1042 678 qua
1062 613 1110 666 de·

96 673 154 728 indo
168 693 342 747 quecumque
356 681 443 736 civllis
456 683 605 746 procedure
625 683 740 734 deducta
759 683 818 746 luit,
837 687 868 734 ut
886 697 939 734 uno
963 697 1056 736 omnes
1069 689 1110 736 te-

93 750 194 800 stantur
207 751 345 816 Doctores,
359 757 385 804 ct
401 754 554 816 specialiter
576 753 675 819 Flanry
693 754 722 805 in
736 757 794 806 suis
807 755 873 805 Inst.
886 756 941 818 jnr.
962 757 1028 807 cccl.
1042 771 1070 824 p.
1087 755 1111 820 3,

94 827 115 868 c.
128 819 155 878 ef
165 821 208 873 his
221 825 312 876 verbis
326 847 340 872 a
360 825 454 876 Omnis
464 825 614 890 procedure
629 827 765 878 curiarum
781 827 982 878 saeculariurns
1000 827 1111 880 canoni-

94 891 169 944 rstis
187 893 339 957 deducitur,
358 900 385 946 et
407 896 455 961 qui
475 895 590 948 voluerit
613 911 672 948 eam
694 897 813 949 studiose
826 897 975 960 addiscere,
990 899 1113 963 eJusdem

92 979 103 1008 ι
119 963 234 1028 origines
248 966 363 1018 debetin
374 968 559 1018 decretalibus
573 969 741 1032 perquirere.
754 967 863 1018 »Simili
875 968 1112 1034 modosuemape·

91 1031 125 1082 rit
139 1039 299 1090 sententiam
313 1038 485 1104 nuperrimos
502 1037 649 1090 Gallicanae
672 1039 759 1090 civilis
783 1039 939 1104 procedurae
958 1041 1113 1104 explanator

90 1102 168 1156 Gerre
183 1107 212 1159 in
226 1109 324 1160 introd.
339 1110 357 1161 l.
375 1109 397 1172 l,
417 1113 440 1160 t·
455 1110 480 1172 2,
503 1123 529 1160 n.
557 1111 593 1173 15,
612 1109 665 1161 ubi
688 1109 734 1174 att,
756 1129 768 1157 ι
787 1110 940 1174 praecipuos
954 1111 1113 1176 procederae

91 1193 101 1222 ι
117 1176 205 1230 tontes
218 1180 248 1230 in
259 1179 361 1246 tegnlis
375 1180 566 1232 ecclesiasticis
580 1193 650 1243 esse,
665 1193 727 1246 quae
737 1186 850 1244 possunt
859 1182 933 1246 jnste
947 1182 1113 1234 considerari
1155 1247 1157 1252 Ι

91 1263 101 1292 ι
118 1249 257 1315 tamquam
271 1251 420 1318 complexio
438 1251 641 1316 elementorum,
653 1265 717 1316 quac
729 1251 868 1316 ingenium
880 1255 907 1302 et
922 1253 990 1303 ratio
1007 1252 1070 1304 inde
1085 1251 1114 1303 in

88 1337 100 1370 a
117 1316 233 1384 legibus,
245 1327 272 1374 et
283 1323 435 1388 procedure
448 1322 610 1373 evolverunt.
622 1341 635 1365 n
644 1323 678 1372 Et
688 1333 754 1374 sone
763 1323 848 1386 ajuro
859 1323 986 1374 canonico
998 1322 1112 1382 civilem,

86 1393 111 1438 et
123 1390 293 1444 criminalem
306 1393 484 1460 procederem
490 1391 754 1460 deprompsitItelia,
765 1403 847 1457 quern
857 1405 980 1444 summus
990 1393 1114 1444 Pontifex

87 1457 211 1514 Clemens
226 1463 262 1524 V,
276 1465 424 1515 transverti
441 1463 607 1515 Arenionem
626 1465 654 1514 in
676 1463 802 1525 Galliam,
822 1477 838 1514 e
856 1477 910 1528 que
923 1463 1005 1530 hujus
1021 1463 1114 1515 seduli

84 1529 170 1595 initio,
186 1535 262 1600 quod
277 1535 397 1599 dederet,
407 1534 502 1586 denuit
513 1535 696 1586 reformatum»
703 1534 824 1601 accipere
837 1536 866 1586 in
881 1535 1028 1589 Gallicanis
1042 1535 1114 1587 codi-

84 1601 160 1656 cibus
177 1606 212 1660 de
227 1607 381 1672 procedure
396 1605 482 1669 civili,
501 1611 528 1658 et
545 1606 722 1674 instructione
743 1606 888 1668 criminali,
907 1608 964 1672 qui,
978 1610 1008 1660 ut
1022 1619 1115 1660 omnes

81 1679 192 1740 norunt,
207 1691 307 1744 perum
318 1677 415 1729 mutati
429 1677 458 1728 in
467 1677 547 1728 Italia
560 1679 589 1746 in
600 1678 658 1730 loro
671 1677 744 1729 civili
758 1677 913 1730 etiamnunc
927 1678 1114 1730 observentur.

81 1745 202 1814 Insuper
227 1749 381 1816 procedure
404 1749 531 1799 canonice
544 1749 645 1802 nedum
657 1749 686 1798 in
702 1749 786 1799 totam
799 1749 907 1800 Italiam
920 1749 1013 1802 schole
1025 1748 1114 1800 Bono·

81 1816 186 1871 niensis
203 1819 343 1885 perduxit,
358 1818 449 1870 sedin
462 1819 593 1870 mundum
612 1819 782 1870 universum:
799 1819 979 1884 Legisletorcs
996 1821 1115 1886 prolecto

79 1887 257 1952 diversarum
278 1893 419 1945 nationum
441 1889 476 1941 ab
499 1903 532 1942 ce
555 1883 746 1943 substantialia
766 1891 932 1956 judiciorum
954 1891 1115 1958 desumpse-

80 1967 153 2025 runt,
164 1975 232 2030 quae
247 1962 366 2030 propriis
380 1962 510 2025 marthae,
529 1964 568 2014 et·
579 1962 788 2018 necessitatibus
807 1963 1056 2026 accommodarunt;
1069 1962 1116 2015 sed

79 2034 212 2086 meritum
227 2033 399 2098 inventionis,
414 2038 441 2086 et
453 2033 625 2098 perfectionis
641 2047 719 2086 nemo
729 2035 804 2100 justa
824 2037 915 2100 potest
927 2033 1057 2088 Ecclesiae
1069 2047 1115 2086 ne·

78 2117 153 2170 gere.

113 2297 180 2355 tao.
194 2296 211 2352 J
213 2289 348 2354 udioinm
358 2287 459 2351 multis
466 2289 564 2351 modis
572 2286 727 2349 dividitur:
739 2294 769 2349 at
776 2289 874 2366 primo
886 2289 1006 2366 quidem
1019 2291 1118 2366 quoad

76 2380 245 2442 materiam
260 2380 292 2438 in
311 2374 547 2453 ecclesiasticum,
567 2377 648 2454 quod
666 2394 769 2438 coram
784 2377 884 2453 judice
902 2377 1134 2452 ecclesiastica.

74 2476 106 2530 ct
120 2470 210 2530 circa
223 2485 381 2546 personas,
393 2484 508 2543 aesque
528 2466 745 2528 ecclesiasticas
756 2475 903 2541 versatur,
919 2473 949 2526 et
968 2465 1118 2541 aaromrc,

75 2559 162 2634 qnod
179 2571 289 2618 coram
299 2550 403 2632 Judice'
412 2543 500 2628 laico,
524 2564 554 2615 et
568 2553 648 2615 circa
667 2571 822 2632 personas,
837 2572 946 2630 resque
960 2557 1125 2618 saeculares

72 2644 461 2717 exercetur31nctctto,in
477 2661 537 2720 qno
556 2661 648 2708 cause
669 2644 771 2717 civilis,
788 2650 819 2712 et
833 2644 999 2718 criminata,
1016 2645 1120 2720 inquo

73 2734 251 2798 criminalis
274 2751 364 2794 cansa
378 2732 511 2792 vertitur.
536 2738 628 2792 Causa
642 2733 735 2792 civilis
754 2750 790 2792 ea
804 2732 923 2808 dicitnr,
943 2733 995 2792 uhi
1008 2734 1120 2810 princi-

71 2827 189 2903 paliter
205 2823 306 2899 agitur
317 2823 355 2882 nd
369 2823 560 2904 commodum
571 2821 732 2898 privatum,
747 2821 810 2881 sive
824 2821 902 2906 actio
915 2824 1071 2898 proveniat
1082 2841 1122 2884 ex

72 2923 259 2982 contractu,
274 2913 336 2975 sive
354 2927 394 2970 ex
412 2911 520 2970 delicto
535 2919 542 2983 ς
559 2909 721 2973 criminalis
744 2925 827 2984 vcro,
846 2911 898 2970 nbi
918 2911 1122 2988 principaliter

73 3005 182 3082 egitur
202 3003 245 3062 ad
258 2999 408 3078 publicem
421 2999 593 3074 vindictam,
609 3015 679 3059 cnm
690 2999 768 3060 ectio
782 3017 821 3060 ex
835 2999 942 3063 delicto
955 3002 1120 3062 descendit.

73 3096 155 3154 ilinc
170 3094 202 3154 ai
218 3107 258 3151 ex
271 3089 380 3150 delicto
393 3105 485 3165 poene
499 3089 680 3164 pecuniaria,
707 3095 758 3148 ant
776 3087 920 3151 interesse
941 3090 972 3150 in
989 3091 1123 3154 favorem

73 3184 199 3244 actoris
215 3185 344 3257 petatur,
360 3195 454 3238 causa
472 3185 518 3238 est
531 3177 638 3250 civilie3
658 3177 684 3254 si
701 3195 773 3238 vero
794 3195 885 3254 poena
905 3179 1042 3240 afflictiva
1055 3195 1122 3238 cor-

71 3274 166 3350 poris
183 3271 230 3332 ed
249 3267 399 3344 publicam
418 3267 589 3340 vindictam,
617 3273 669 3326 aut
690 3266 779 3326 etiam
797 3284 889 3343 poena
909 3267 1080 3344 pecuniaria
1093 3267 1124 3325 in

72 3349 227 3422 tenorem
241 3357 305 3418 fisci
319 3350 371 3416 reo
385 3357 565 3432 imponatur,
582 3371 673 3415 causa
687 3361 733 3414 est
745 3355 913 3416 criminalis.
934 3355 1010 3416 lltnd
1024 3362 1124 3416 tamen

70 3457 187 3530 potest
204 3447 336 3522 evenire,
356 3447 442 3522 ,quod
454 3446 599 3522 indicium
620 3461 659 3504 err
678 3443 765 3518 civili,
787 3452 817 3504 et
830 3444 982 3505 'criminati
999 3444 1127 3507 minium

72 3543 127 3618 sit,
144 3547 187 3602 ut
208 3535 333 3598 eumad
351 3535 524 3610 vindictam,
544 3553 581 3594 ac
602 3533 690 3596 simul
710 3534 748 3594 ed
767 3533 916 3610 privatum
935 3535 1127 3594 commodum

212 3637 249 3689 rt.
1003 3633 1035 3687 23
