2560 4080
511 149 671 246 -Μῇ-

94 304 161 378 timi
179 302 403 368 'damsecuuda
422 310 533 385 opponi
546 293 647 386 potest
667 321 856 384 quocumque
876 313 1012 384 tempore
1023 302 1111 368 etiem

91 403 156 470 post
172 386 359 470 seritentiam,
374 397 466 458 immo
482 405 550 474 post
566 405 628 458 tres
641 397 802 458 sententias
817 398 995 458 conformes.
1018 401 1110 458 Ferus

91 493 187 544 autem
207 493 287 548 16616
306 487 494 547 declinatur:
519 487 638 563 quando
658 487 752 563 judex
775 493 821 546 est
843 485 1111 562 incompetensrel
1147 527 1150 546 .

90 580 252 649 suspectus,
266 582 298 634 ut
313 581 403 650 supra
415 577 478 652 jam
492 576 637 647 vidimus,
653 582 704 635 aut
716 576 837 652 quando
848 574 1110 634 estexoommuni·

89 668 178 736 catus,
187 680 255 722 cum
266 665 542 724 excommunicatus
557 671 685 740 nequeat
696 663 933 740 Jurisdiotiouem
947 659 1108 735 exercere;

88 752 125 820 (t)
139 756 189 808 aut
202 753 321 826 quando
336 753 422 812 locus
436 753 552 814 notorie
566 771 627 812 nou
642 759 688 812 est
699 758 780 812 tutus
795 758 918 827 propter
929 751 1108 825 inimicitias,

86 845 207 913 propter
225 848 349 915 pestem,
365 842 487 914 bellum,
504 853 533 900 et
544 841 704 902 seditiones
719 841 902 912 civium(3;l
919 847 972 899 eut
990 841 1109 916 quando
1169 905 1171 926 ,
1205 894 1207 899 .

87 927 167 986 adest
180 930 343 1004 praeventio
357 945 395 989 ex
410 938 495 1007 parte
509 931 630 992 alterius
639 930 758 1032 judicis,
773 929 842 1006 quia
856 928 906 988 ubi
922 937 1003 1006 coept
1004 947 1055 990 um
1064 936 1110 990 est

83 1015 236 1093 judicium,
250 1018 292 1077 ihi
305 1019 394 1079 debet
408 1019 495 1080 finiri.

113 1159 148 1226 (l)
158 1161 209 1213 Hae
223 1162 394 1228 exceptiones
408 1166 522 1227 possunt
534 1177 548 1214 6
550 1163 615 1214 tiam
629 1161 794 1218 considerari
809 1167 944 1232 tamquam
950 1155 1110 1230 'perempto-

84 1232 140 1292 1116,
165 1235 231 1298 quie
247 1235 518 1300 perpetu0=reddunt
540 1235 746 1286 determinatum
764 1235 883 1301 judicem
907 1236 1055 1286 inhabilem
1075 1235 1110 1286 ed

81 1303 267 1366 judicandum.
283 1305 335 1356 Sed
349 1307 484 1356 communi
499 1307 698 1358 canonistarum
709 1307 811 1358 calculo
822 1308 893 1358 inter
907 1307 1046 1357 dilatorias
1060 1321 1111 1358 nu·

83 1380 231 1434 merantur
247 1389 277 1426 eo
293 1376 365 1441 quod
384 1377 516 1428 actionem
537 1391 590 1427 nou
615 1379 763 1442 perimunt,
783 1379 831 1429 sed
847 1384 951 1428 tantum
968 1376 1001 1428 de
1016 1391 1068 1428 uno
1082 1377 1111 1428 in

84 1445 165 1502 alium
179 1447 302 1511 Judicem
319 1448 535 1500 1616161611-
505 1449 584 1512 -121
596 1449 662 1514 Arg,
676 1462 733 1512 cap.
749 1449 916 1502 decernimos
931 1449 1047 1502 desani
1062 1462 1110 1510 ex-

84 1529 149 1568 com.
168 1517 278 1568 1116.-
305 1518 338 1583 13)
359 1519 423 1582 Gap
437 1517 514 1584 forus
538 1518 571 1570 de
587 1531 677 1586 spons.
693 1519 777 1572 Clam.
791 1519 938 1572 Perloralis
953 1519 1068 1572 deserat.
1084 1524 1111 1572 61

83 1588 467 1652 16]·1111.61.0161112,116161
482 1603 569 1659 cpmp.

117 1777 180 1834 821.
204 1773 308 1846 Quoad
322 1781 455 1836 actorem
477 1775 605 1852 proponi
622 1782 721 1852 potest
738 1777 876 1852 exceptio
895 1793 957 1838 11611
977 1777 1111 1852 lepitana

81 1880 224 1938 persone,
243 1863 312 1939 quia
333 1871 513 1942 potestatem
531 1883 591 1924 non
610 1865 700 1924 habet
714 1867 811 1925 standi
824 1866 854 1926 in
867 1866 988 1942 judicio.
1007 1865 1050 1926 Ad
1061 1867 1109 1942 ju-

82 1952 194 2013 dicium
210 1953 291 2014 enim
304 1953 475 2030 requiritur,
486 1961 523 2013 ut
538 1953 588 2029 qui
601 1954 681 2014 litem
697 1954 756 2030 agit
772 1957 868 2030 alege
883 1954 920 2014 sit
933 1955 1111 2014 constitutus

81 2041 186 2102 habilis
208 2044 248 2102 ad
270 2041 458 2118 litigandum,
474 2061 542 2102 cum
566 2043 622 2118 qui'
639 2041 733 2118 litigat
757 2044 842 2118 quasi
863 2045 1019 2102 contrahat
1042 2061 1111 2104 cum

80 2137 166 2206 parte
181 2133 310 2191 adversa
330 2131 367 2190 de
385 2119 477 2190 causa
498 2131 625 2207 agenda,
639 2138 671 2190 61
690 2131 727 2190 de
740 2131 872 2206 judicato
892 2132 1038 2207 servando
1057 2136 1109 2206 (l).

80 2219 163 2280 Unde
175 2226 211 2280 ut
224 2221 286 2296 iam
298 2217 437 2293 diximus
449 2217 479 2278 in
489 2217 591 2294 judicii
604 2218 727 2278 exordio
740 2219 805 2278 fleri
815 2219 907 2279 debet.
915 2235 1111 2298 personarum

80 2305 257 2384 legitimatio
271 2325 279 2381 3
300 2324 371 2368 nam
388 2307 415 2368 si
428 2323 565 2384 personae
579 2307 727 2382 litigantes
738 2307 880 2382 legitimae
894 2325 955 2370 nou
969 2315 1049 2383 suut,
1061 2309 1110 2383 Ju-

60 2473 66 2488 .
80 2397 196 2458 dicium
208 2397 331 2457 corruit.

110 2549 147 2616 (l)
158 2549 322 2614 Legitimam
342 2523 487 2614 personam
509 2562 563 2599 non
575 2547 674 2599 habet.
669 2564 675 2577 ·
647 2547 737 2614 iqui
751 2548 847 2612 minor,
865 2531 911 2600 aut
925 2550 1109 2600 excommuni-

78 2624 158 2672 catus
173 2625 230 2672 est·
224 2620 288 2686 ,qui
298 2621 354 2684 agit
367 2623 505 2702 tamquam
518 2620 615 2682 herae,
629 2620 672 2670 vel
686 2620 874 2682 cessionarius,
892 2625 918 2672 et
931 2621 980 2671 has
994 2621 1110 2686 qualita-

78 2699 119 2746 tes
139 2707 199 2745 non
223 2689 411 2752 (lausonensi,¹
431 2692 531 2788 quique
551 2691 607 2756 agit
626 2691 734 2742 nomine
755 2691 853 2758 alieno,
871 2698 898 2748 et
923 2706 978 2744 non
1000 2691 1111 2744 exhibet

78 2767 255 2820 mandatum

81 2974 83 2982 ·
111 2957 181 3012 825.
201 2950 305 3022 Quoad
319 2965 405 3008 rcum
419 2956 600 3012 conventum
613 2951 771 3026 praecipuae
792 2950 987 3026 exceptiones
1005 2949 1129 3011 dilato·-

76 3040 130 3099 riae
146 3047 221 3100 sunt
228 3044 397 3114 sequentes,
407 3037 562 3098 nimirum:
573 3041 712 3113 exceptio
726 3038 1062 3115 rauranuprastandae
1072 3037 1110 3096 ab

75 3137 186 3189 actore
201 3128 240 3187 de
253 3126 422 3187 reficiendis
437 3127 592 3202 expensis,x
604 3127 629 3186 si
650 3128 680 3186 in
695 3127 806 3203 judicio
829 3128 1014 3200 succumbat,
1029 3126 1111 3201 'quod

76 3219 271 3288 observatur,
288 3222 416 3276 cum-est
429 3203 570 3291 suspicio,
585 3233 623 3276 ne
637 3222 721 3302 actor
732 3217 802 3276 velit
817 3223 928 3276 temere
943 3216 1067 3290 litigare,
1081 3220 1111 3273 61

74 3321 166 3367 reum
181 3319 293 3365 vexare
304 3323 312 3378 3
324 3305 460 3380 exceptio
475 3306 664 3377 accessionis
680 3323 739 3381 qua
752 3323 822 3366 reus
833 3307 981 3382 obligatus
996 3310 1111 3364 tantum

74 3395 105 3455 in
118 3394 302 3468 subsidium,
314 3400 348 3456 ut
365 3393 490 3470 simplex
510 3395 678 3471 fidejussor,
693 3394 775 3470 petit,
790 3402 824 3455 ut
840 3395 921 3471 prius
942 3393 1112 3454 excutiatur

74 3481 202 3544 debitor
213 3483 402 3564 principalis:
419 3483 556 3559 exceptio
575 3483 765 3556 laudationis,
782 3490 812 3544 et
825 3481 1037 3544 nominationis
1055 3499 1109 3542 au·

71 3572 183 3648 cteris,
201 3589 269 3634 cum
282 3589 355 3633 reus
364 3589 412 3632 ex.
428 3587 479 3653 gr,
488 3578 616 3650 emptor,
631 3575 679 3634 vel
692 3585 850 3649 possessor
861 3573 971 3644 laudat,
987 3578 1039 3633 eut
1051 3585 1107 3632 no-

184 3670 233 3725 ιΙΙ.
954 3671 986 3723 26
