2560 4080
601 188 707 242 -479
728 216 759 228 -

205 313 268 369 862.
287 308 382 370 ludex
395 310 613 370 ecclesiasticus
629 308 660 368 in
675 326 765 369 causa
780 307 868 383 civili,
883 307 946 368 sive
959 307 1102 368 criminali
1117 323 1190 366 con·
1208 333 1210 346 =

168 403 216 456 tra
234 397 375 458 clericum
387 398 543 459 brachium
556 391 700 458 saeculare
722 398 753 457 in
776 397 952 457 necessitate
968 395 1108 456 invocare
1123 401 1189 471 pot-

171 491 216 546 est
229 491 290 546 tam
303 489 334 545 in
348 505 446 548 causae
465 488 621 565 principio,
645 504 735 564 quam
755 486 786 545 in
807 485 917 559 medio,
938 492 968 545 et
987 484 1017 544 in
1038 485 1108 559 fine,
1121 485 1192 561 quin

170 574 277 635 debeat
297 592 406 636 nomen
426 593 571 653 personae,
587 583 639 636 aut
652 577 769 637 titulum
783 592 890 647 causae,
906 581 956 635 aut
969 574 1102 651 ejusdem
1117 591 1191 650 qua·

171 662 283 724 litatem
296 665 464 740 exprimere
479 683 486 739 ;
511 672 540 726 et
553 666 578 724 si
591 667 621 724 in
636 664 781 742 principio
792 663 941 741 imploret,
956 669 986 724 et
1000 663 1192 737 concedatur,

170 749 209 810 ad
229 750 378 827 integrum
399 754 618 831 expediendum
637 752 789 828 negotium
812 752 944 828 prodest.
960 757 993 811 ln
1013 769 1104 814 causa
1117 751 1190 812 ve‘ro

170 847 277 901 contra
297 842 416 916 laicum,
437 844 488 903 uhi
509 844 540 903 in
563 860 631 904 amn
650 841 886 918 jurisdictionem
907 841 1005 915 habet,
1020 843 1195 918 regulariter

169 929 258 990 debet
268 931 362 1006 judex
375 933 592 994 ecclesiasticus
607 933 720 993 dictum
742 931 828 992 civile
849 930 1015 992 remedium
1028 931 1189 1006 implorare

169 1017 200 1076 in
214 1018 360 1096 principio
375 1039 483 1096 causae,
497 1022 614 1098 istoque
632 1028 768 1097 tempore
782 1037 960 1082 concessum
974 1021 1096 1095 prodest
1110 1022 1189 1097 pari·

170 1113 215 1167 ter
228 1109 267 1168 ad
279 1109 428 1186 integrum
442 1112 592 1187 negotium
603 1111 831 1186 expediendum.
845 1116 980 1170 Attamen
994 1111 1051 1170 hoc
1065 1127 1135 1170 casu
1151 1111 1189 1170 ci-

169 1194 234 1256 vilis
247 1205 379 1274 potestas
392 1207 494 1274 potest
508 1201 575 1276 jure
595 1193 734 1276 'personae
753 1216 872 1273 nomen,
895 1199 1071 1275 titulumque
1087 1213 1185 1260 causae

168 1293 230 1347 tam
242 1287 346 1362 civilia,
360 1306 450 1364 quam
463 1288 622 1348 criminalis
632 1291 669 1349 ab
683 1288 884 1353 ecclesiastico
893 1288 993 1365 judice
1008 1286 1187 1365 percontari.

168 1376 226 1436 Sed
245 1377 374 1439 diximus
394 1378 568 1454 regulariter
591 1379 712 1438 citatum
736 1378 821 1439 civile
835 1377 999 1438 remedium
1014 1384 1120 1437 contra
1133 1376 1188 1436 lai-

168 1483 236 1526 cum
249 1466 281 1525 in
295 1464 440 1542 principio
461 1483 559 1525 causae
572 1483 639 1527 esse
652 1467 870 1542 implorandum
894 1485 900 1525 :
926 1483 995 1526 nam
1009 1467 1066 1525 hoc
1079 1465 1188 1525 limita·

167 1555 255 1615 turin
269 1555 376 1628 caesia,
387 1555 418 1614 in
431 1554 538 1630 quibus
544 1554 638 1630 judex
651 1555 871 1616 ecclesiasticus
884 1553 1027 1630 privative
1040 1553 1186 1630 procedit,

166 1650 199 1704 ut
212 1645 242 1703 in
256 1643 354 1702 causis
367 1643 562 1714 matrimonii,
580 1651 631 1704 aut
650 1643 729 1718 fidei,
751 1652 823 1719 etc,
844 1645 874 1703 in
897 1645 1003 1720 quibus
1022 1642 1187 1704 admittitur

165 1731 277 1791 brachii
290 1730 439 1792 saecularis
452 1731 630 1807 imploratio,
648 1739 681 1793 ut
694 1732 725 1791 in
738 1732 896 1809 principio,
917 1732 961 1793 sic
983 1733 1012 1791 in
1028 1730 1138 1806 medio,
1155 1736 1187 1792 et

165 1819 196 1878 in
210 1820 279 1878 fine.

200 1912 262 1968 863.
282 1909 356 1969 Illud
371 1907 498 1985 denique
511 1910 821 1986 animadvertendum,
834 1911 924 1986 quod,
940 1911 991 1970 uhi
1005 1910 1117 1970 dictum
1132 1927 1185 1970 au-

165 1993 268 2056 xilium
282 1997 367 2058 civile
380 2015 435 2072 pro
449 1997 573 2073 alicujus
591 2015 687 2058 causae
707 1999 883 2060 executione
897 1999 1082 2075 imploratur,
1094 1998 1186 2074 judici

166 2086 300 2146 saeculari
312 2102 474 2162 numquam
483 2085 551 2146 licet
563 2094 630 2146 aete
641 2104 800 2162 processus
814 2088 997 2163 inspicienda
1009 2095 1125 2163 petere,¹
1137 2089 1186 2148 vel

165 2174 204 2233 de
218 2191 316 2234 causae
333 2174 446 2252 justitia
465 2192 657 2251 cognoscere,
681 2182 732 2235 aut
754 2175 863 2252 aliquid
883 2175 1014 2235 definire.
1035 2176 1116 2237 Licet
1137 2183 1185 2236 ta-

164 2279 234 2323 men
249 2263 345 2324 eidem
362 2280 450 2323 suum
471 2281 581 2340 negare
604 2264 768 2338 brachium,
796 2266 915 2340 quando
936 2265 1088 2324 evidenter
1110 2282 1184 2324 con-

165 2358 243 2425 stat,
268 2351 399 2429 jndicem
429 2352 664 2413 ecclesiasticum
695 2369 757 2412 suae
781 2353 992 2428 jurisdictionis
1018 2353 1183 2414 excessisse

165 2440 241 2500 fines
255 2447 265 2514 (
286 2446 307 2514 l.

165 2589 232 2714 r(l)
260 2589 393 2712 ffiarenm,
407 2589 442 2643 de
468 2587 561 2658 eccll
580 2591 635 2653 345,
662 2594 689 2646 ct
713 2604 798 2658 seqq„
825 2595 852 2644 et
876 2590 1050 2657 Monacallus,
1078 2591 1119 2642 tit.
1147 2593 1185 2652 15.

176 2675 243 2714 orm.
292 2701 297 2714 .
