2426 4070
558 122 717 180 ..120-

152 250 215 308 lla.
235 243 430 321 dispensatio,
445 245 496 305 uhi
509 249 618 322 potest,
629 249 659 305 et
672 239 990 317 selethaberelocmr'r,
1007 241 1070 303 aut
1081 255 1171 318 quaa·

116 335 192 399 ritur
208 333 397 394 matrimonio
408 335 470 408 jnm
484 340 647 406 contracto,
663 333 767 401 autad
779 332 1007 394 matrimonium
1028 337 1171 392 contra-

118 425 259 489 hendum.
273 422 303 482 si
319 428 478 498 qiiaeratur,
492 422 681 482 matrimonio
692 424 755 498 jem
769 429 933 496 contracto,
948 421 1085 481 facilius
1103 421 1171 480 dis-

119 517 224 590 pensat
237 527 371 570 summus
382 511 557 598 Pontifexjn
569 511 833 586 impedimentum
847 527 907 586 quo
913 511 1014 571 soleat
1030 510 1171 586 dispen-

118 619 195 673 sare,
213 601 302 662 etiam
316 617 355 660 ex
369 601 433 660 sola
446 599 562 659 radone
573 601 634 677 jam
649 600 794 660 contracti
807 599 1002 674 matrimonii,
1017 599 1173 658 maxime

120 691 146 752 si
163 691 201 751 sit
224 697 472 764 consummatum,
487 690 578 750 modo
592 690 672 749 bona
691 690 766 750 fides
780 689 857 749 adsit
870 705 909 749 ex
927 690 1024 750 unius
1051 691 1173 748 saltem

122 779 258 857 conjugis
279 785 377 855 parte.
403 779 432 840 si
456 795 529 838 vero
552 787 703 854 quaeratur
723 777 761 838 ad
783 776 1009 839 matrimonium
1032 784 1172 838 contra-

121 869 253 930 hendum
272 869 370 944 abque
389 868 469 944 Justa
491 883 581 928 causa
599 867 637 926 ad
657 865 890 943 dispensandum
908 866 1089 944 requiritur
1114 869 1125 938 (
1146 869 1170 936 ).

155 1033 191 1100 (l)
202 1033 261 1085 Huc
274 1035 378 1098 spectet
387 1033 524 1085 decretum
532 1032 683 1084 Tridentini
697 1033 726 1084 iu
740 1034 812 1085 Sess.
827 1033 867 1098 al,
882 1047 904 1085 e.
921 1033 944 1092 5,
955 1033 989 1084 de
1005 1033 1066 1086 ref.
1081 1035 1170 1083 matr.

124 1105 164 1158 sic
183 1110 357 1170 conceptum:
373 1099 404 1157 Si
424 1103 485 1170 quis
506 1104 584 1158 intra
601 1102 704 1168 praeter
717 1103 864 1170 prohibitos
877 1103 991 1156 scienter
1006 1104 1171 1156 matrimo-

124 1177 205 1230 nium
231 1176 390 1230 contrahere
411 1175 623 1242 presumpserit,
642 1179 799 1238 separetur,
821 1179 846 1228 et
870 1189 915 1242 spe
938 1173 1172 1240 cuperuan'onr'r

127 1247 314 1314 eomeqaenda
338 1249 439 1300 careat.
460 1245 534 1312 Quod
556 1246 580 1298 si
601 1247 760 1312 &narentur
775 1245 807 1299 id
828 1245 940 1312 fecerit:
956 1246 1108 1312 siquidem
1128 1258 1172 1297 se·

57 1325 60 1330 ’
127 1320 278 1372 lemnitates
298 1318 443 1384 requisitas
460 1318 491 1368 in
512 1317 695 1371 contrahendo
712 1317 888 1371 matrimonio
906 1317 1084 1381 nepieaerit,
1115 1315 1168 1368 eis-

129 1391 190 1442 dem
203 1389 365 1456 subjiciatur
376 1389 476 1454 penta·
490 1401 545 1440 non
558 1388 631 1440 enirn
646 1389 743 1454 dianus
756 1391 803 1451 est,
813 1389 860 1455 qui
873 1387 990 1441 Ecclesia
1000 1388 1170 1452 benipnita·

130 1465 184 1515 tem
195 1459 275 1525 facite
291 1460 455 1524 experiatur,
469 1461 546 1524 cujus
557 1459 677 1511 salubria
690 1463 822 1525 precepta
833 1461 926 1512 timere
941 1460 1135 1526 contempsit,·
1146 1457 1172 1509 si

128 1545 191 1586 uero
203 1531 416 1584 solemnitatibus
429 1529 566 1590 adhibitis,
581 1530 806 1595 impedimentum
819 1531 929 1598 aliquod
942 1535 1042 1598 postea
1060 1531 1168 1583 subesse

129 1607 311 1669 eopncscatur,
325 1603 401 1667 eujus
413 1601 458 1653 itte
472 1601 634 1666 probabilem
647 1601 833 1667 ipnorantiam
846 1601 947 1661 habuit.
965 1606 1036 1656 tunc
1051 1601 1168 1668 facilius

131 1689 193 1728 eum
212 1686 250 1735 eo,
265 1677 290 1725 et
306 1672 392 1737 pratis
412 1671 562 1736 dispensari
574 1673 682 1738 poterit.
697 1671 732 1724 ln
745 1673 936 1726 contrahendis
957 1671 1166 1727 matrimoniis,

132 1745 173 1798 uel
185 1744 261 1797 nuile
274 1743 383 1794 omnino
397 1741 476 1795 detur
489 1741 661 1807 dispensatio,
676 1745 716 1795 uel
725 1757 798 1803 raro,
813 1745 892 1810 idque
906 1759 937 1796 ea
951 1759 1048 1803 eausa,
1063 1747 1091 1796 et
1101 1756 1169 1806 pra·

133 1817 168 1870 tis
187 1813 356 1868 concedatur.
373 1814 424 1865 Hic
436 1814 593 1874 notandum,
612 1815 684 1880 quod
703 1815 890 1866 'tridentinum
910 1829 957 1880 per
970 1816 1073 1880 verba,
1089 1815 1169 1864 intra

132 1886 234 1953 padus
244 1885 400 1950 prohibitos,
415 1884 541 1949 intelligit
553 1899 631 1936 omne
644 1886 866 1950 impedimentum
878 1887 1019 1938 dirimene.
1038 1886 1167 1936 Barbosa

136 1958 169 2008 ud
185 1957 228 2008 cit.
240 1971 298 2022 cap.
314 1959 328 2008 5
343 1963 368 2006 et
381 1971 429 2020 per
445 1957 556 2007 verbum
571 1956 655 2022 pratis
669 1957 795 2022 prohibet
808 1959 943 2009 executori
958 1958 1104 2023 episcopo,
1120 1957 1167 2004 aut

135 2029 243 2080 Vicario
254 2028 379 2080 Generali
394 2027 496 2093 aliquid
511 2035 621 2094 propter
636 2029 820 2080 executionem
831 2029 954 2094 accipere
968 2029 1055 2080 etiam
1069 2030 1167 2092 sponte
1204 2061 1205 2070 ἦ

135 2100 263 2152 oblatum.
275 2099 456 2150 Nihilominus
470 2099 533 2150 licet
543 2099 648 2150 notario
665 2113 713 2164 pro
727 2113 775 2150 suo
790 2100 881 2152 labore
894 2099 1016 2165 accipere
1035 2101 1163 2164 quartam
1204 2153 1205 2156 Ἴ

136 2175 241 2237 partem
255 2171 340 2234 aurei,
355 2172 528 2230 niveducati,
549 2176 581 2221 ut
594 2170 742 2222 declaravit
756 2170 784 2221 S.
809 2171 1004 2236 congregatim
1026 2171 1116 2221 immo
1139 2170 1166 2215 et

136 2244 265 2307 majorem
280 2255 460 2294 summamex
474 2242 594 2308 legitima
608 2242 800 2294 consuetudine
816 2243 957 2308 probatam
971 2243 1083 2292 notario
1103 2243 1164 2288 tan·
1204 2279 1205 2288 ,

137 2318 194 2364 tum
208 2313 330 2365 coneedit
343 2312 516 2365 Reiffenatuel
534 2315 562 2364 iu
576 2313 698 2382 Append.
719 2313 753 2365 ad
772 2313 819 2366 lib.
834 2315 857 2366 l.
874 2314 981 2366 Deerat.
997 2314 1010 2377 ἣ
1024 2313 1051 2372 7,
1066 2325 1096 2364 n.
1107 2308 1161 2360 ele.

172 2529 234 2585 lll.
255 2526 358 2584 Plures
371 2541 410 2585 ex
423 2525 592 2600 hujusmodi
607 2523 704 2584 causis
717 2541 735 2584 a
748 2525 938 2601 Pragmaticis
951 2528 1161 2592 recensentur,

137 2631 212 2691 quas
230 2615 314 2690 juvat
335 2615 466 2674 breviter
486 2614 587 2674 citare.
610 2620 637 2674 l·
652 2619 745 2674 Causa
763 2622 808 2674 est
827 2615 941 2675 bonum
964 2615 1060 2689 pecie,
1078 2617 1112 2671 ut
1127 2608 1161 2678 si,
1204 2681 1205 2686 ἵ

136 2703 286 2764 mediante
308 2703 506 2774 matrimonio,
532 2703 631 2778 gravis
652 2703 688 2761 lis
711 2704 789 2764 inter
807 2720 987 2780 sponsorum
1011 2705 1161 2784 parentes,
1204 2765 1205 2770 ,

138 2799 189 2852 aut
203 2793 307 2852 aflines
321 2792 415 2867 possit
429 2792 579 2867 componi,
599 2799 649 2852 aut
671 2794 770 2868 gravis
783 2792 934 2852 inimicitia
949 2789 1095 2868 extingui,
1111 2791 1162 2844 aut

139 2899 200 2957 pax
218 2881 356 2940 inchoata
376 2881 556 2940 confirmari.
572 2885 601 2940 i·
620 2881 760 2958 Angustia
782 2882 851 2955 loci,
875 2887 908 2941 ut
930 2881 955 2940 si
979 2881 1009 2939 in
1030 2877 1158 2945 civitate,

139 2987 206 3046 quae
220 2977 362 3043 tercenta,
386 2970 540 3047 utdicunt,
555 2971 698 3030 iocularia
711 2987 772 3031 non
793 2971 927 3043 excedat,
944 2977 994 3030 aut
1016 2971 1047 3028 in
1070 2981 1157 3043 pagOr
1204 3005 1205 3010 κ

138 3061 187 3119 vel
201 3058 321 3134 oppido,
337 3059 436 3134 puella
449 3076 594 3135 sponsum
608 3060 661 3119 sibi
677 3077 780 3136 parem
793 3076 853 3118 non
867 3059 1007 3129 inveniat,
1022 3057 1080 3117 nisi
1092 3069 1159 3114 con·

138 3148 344 3222 sarrguineum,
359 3149 407 3206 vel
421 3148 551 3221 affinem,
566 3150 614 3209 vel
627 3149 685 3208 alio
699 3147 911 3224 impedimento
922 3148 1093 3208 devinctum
1108 3147 1118 3214 (
1136 3145 1156 3214 i·

140 3240 167 3296 3·
182 3235 318 3295 Defectus
331 3237 528 3310 competentis
550 3236 638 3310 dotis,
654 3238 693 3297 ob
707 3254 797 3314 quem
811 3237 1044 3312 puella'deberet
1058 3235 1104 3313 vel
1118 3231 1157 3289 in·

140 3332 233 3400 nupta
247 3340 377 3398 manere,
392 3325 440 3384 vel
454 3323 560 3400 impari
573 3326 695 3400 nubere,
706 3325 832 3385 maxime
848 3327 1014 3402 sisponsus
1027 3327 1076 3386 vel
1086 3319 1155 3382 alius
1204 3359 1205 3364 η

141 3420 261 3490 paratus
275 3413 313 3473 sit
327 3430 393 3473 eam
408 3414 512 3475 dotare
529 3433 535 3474 τ
551 3421 579 3476 l·
594 3419 673 3474 AEtas
694 3415 835 3490 foeminae,
852 3432 918 3492 quae
938 3431 1033 3492 iisque
1053 3411 1091 3474 ad
1105 3423 1155 3469 an·

54 3569 59 3576 ,
140 3520 213 3562 num
226 3501 401 3578 vigesimum
415 3509 553 3579 quartum
565 3503 690 3581 innupta
702 3504 820 3568 mansit.
841 3509 869 3565 b·
883 3503 1078 3582 Praerogetira
1092 3509 1153 3577 per‘
