2410 4068
508 103 694 158 -227-·

76 221 209 281 1555115115
222 221 442 296 parochialibus
454 239 462 296 ;
479 238 549 282 uam
571 221 642 281 satis
656 227 759 297 aperta
770 225 815 282 est
829 218 918 280 citata
929 218 1083 295 dispositio

75 308 203 368 Benedicti
218 314 280 370 illll
302 313 355 380 (t).
370 311 476 383 Tertia,
492 316 593 384 potest
616 309 774 385 epiecopus
795 308 832 368 de
852 309 920 382 jure
942 323 981 368 ex
999 309 1086 383 juxta

76 409 159 466 musa,
176 393 353 454 beneficiato
367 393 566 455 consentienti
588 395 743 470 imponere
757 393 934 470 pensionem
946 392 1086 452 modera-

76 483 123 538 tam
139 481 174 540 ad
188 483 253 558 ejus
273 481 367 543 ritem
381 484 556 544 duraturam
580 487 633 556 (5),
656 499 723 558 quae
737 481 903 558 personalis
923 483 1010 554 toret,
1024 497 1085 540 nou

75 569 162 629 realis:
175 569 304 633 dicimus
323 571 450 647 dejure,
466 589 536 631 nam
549 571 580 632 in
599 571 686 648 praxi
701 573 783 654 solus
796 575 874 646 Pap'a
889 587 928 630 ex
942 587 1086 646 quaeum-

76 673 121 730 555
133 673 220 719 eausa
233 659 394 736 pensiones
407 659 544 736 imponit,
555 660 618 719 siva
632 659 701 736 quia
724 658 861 736 Episcopi
871 665 1018 735 potestate
1029 657 1085 718 sibi

76 744 172 820 dejure
185 748 368 824 competenti
392 765 453 810 nou
465 755 599 822 utuntur,
610 748 673 808 sire
685 749 754 825 quia
767 749 864 825 stylus
873 747 966 808 Curiae
975 763 1085 830 „omnes

75 835 219 908 pensiones
234 841 263 898 s.
280 837 349 898 Sodi
361 843 529 898 reservatas
542 837 632 898 hebet
647 842 657 912 <
677 844 698 912 ).

97 1008 127 1074 (l)
139 1011 203 1076 Cap.
221 1013 245 1070 7,
260 1011 294 1063 (15
309 1013 413 1064 censib.
433 1039 464 1054 -
482 1013 518 1079 (1)
532 1013 597 1077 usp.
614 1013 629 1064 8
647 1011 679 1062 de
699 1012 785 1078 praeb.
801 1035 829 1048 -
850 1011 887 1076 (3)
903 1011 954 1062 Tit.
970 1012 1083 1064 Uiben.

75 1079 116 1131 sin.
128 1081 189 1133 dim.
204 1085 273 1135 eous.
289 1111 316 1120 -
332 1085 367 1148 (lt
382 1085 441 1136 Bul.
459 1085 576 1149 055515.
588 1111 619 1122 -
632 1084 668 1148 (5)
684 1083 773 1150 Hujus
792 1084 974 1134 conclusionis
986 1083 1083 1134 sunda·

74 1159 178 1203 mentum
192 1158 233 1204 est
253 1155 282 1205 in
303 1169 363 1220 cap.
379 1155 440 1208 lltet
455 1159 541 1208 essent
561 1155 601 1214 tt,
618 1155 651 1206 de
664 1155 747 1219 praeb.
764 1156 792 1205 in
806 1168 859 1220 quo
873 1153 1026 1206 Alexander
1044 1155 1085 1205 ΙΙΙ

74 1236 117 1273 555
128 1225 254 1289 reprobat
267 1226 425 1291 pensionem
445 1226 495 1290 per
508 1225 615 1290 judiees
634 1225 833 1277 commissarios
851 1223 1006 1289 impositam
1026 1225 1083 1275 eui·

74 1293 124 1344 darn
136 1297 303 1358 beneficiato,
318 1302 344 1348 et
356 1297 391 1348 ad
404 1297 463 1362 ejus
477 1297 559 1348 vitam
575 1297 748 1355 duraturam
762 1301 789 1347 et
809 1295 881 1360 quod
898 1297 987 1360 potest
996 1295 1081 1360 judex

75 1366 269 1429 commissarius,
283 1371 401 1432 potesta
418 1367 523 1417 fortiori
533 1367 618 1432 judex
632 1366 794 1424 ordinarius.
809 1379 907 1431 nempe
922 1365 1083 1432 Episcopus

74 1439 96 1484 et
106 1435 139 1487 ita
150 1437 219 1487 iuter
235 1439 338 1502 priseos
355 1441 429 1489 tenet
442 1437 546 1502 rigidus
559 1439 702 1502 Fegnanus
717 1437 744 1486 in
758 1437 802 1487 eit.
823 1450 881 1502 cap.
903 1451 963 1488 cum
977 1441 1085 1488 caterva

75 1505 213 1570 Doctorum,
231 1521 299 1573 quos
314 1509 373 1574 ipsa
392 1509 466 1570 citat,
481 1511 508 1558 et
525 1510 594 1559 inter
608 1508 770 1560 recentiores
785 1508 866 1559 sentit
884 1507 1007 1572 Berardi,
1020 1507 1085 1572 quia

74 1577 125 1627 olim
139 1581 279 1642 pensiones
293 1581 431 1646 imponere
445 1585 570 1646 poteraut
586 1579 733 1636 Ordinerii,
747 1578 848 1643 quibus
863 1579 891 1629 in
908 1579 1083 1642 115555555-

74 1653 139 1710 paret
150 1650 272 1714 adempta
289 1652 489 1702 auctoritas-
509 1651 545 1714 (6)
565 1650 709 1715 Fagnanus
728 1649 756 1700 ia
776 1649 821 1701 oit.
837 1663 894 1714 cap.
910 1649 1018 1714 Riganti
1032 1649 1082 1700 leo.

75 1719 108 1769 eit.
119 1733 146 1770 n.
164 1721 215 1784 155,
230 1725 258 1772 51
270 1723 305 1773 ad
320 1735 377 1786 reg.
391 1722 430 1784 tt,
445 1735 472 1772 n.
486 1721 525 1772 61).

101 1907 156 1963 tat.
166 1906 207 1964 tu
217 1906 393 1981 pensionem
402 1905 533 1982 legitime
547 1905 785 1967 constituendam
792 1905 953 1982 requiritur
961 1921 1086 1965 eonsen-

73 1993 362 2069 ausbenelieiati,siue
371 2013 432 2071 quo
442 2011 577 2054 summus
586 1995 871 2068 Pontifexdeelarat‚
880 2011 913 2054 se
923 1995 1003 2055 nolle
1013 2011 1084 2069 pen-

74 2079 172 2142 sienem
185 2083 369 2143 constituere
383 2088 434 2154 (l).
448 2089 511 2143 lloo
522 2083 646 2151 obtinet,
661 2084 686 2142 si
697 2085 875 2144 beneficium
891 2085 928 2145 sit
943 2085 1084 2160 plenum3

74 2185 129 2229 nem
142 2172 165 2230 si
179 2173 359 2232 beneficium
379 2175 459 2236 esset
478 2188 598 2248 vacans,
615 2172 754 2232 defensor
773 2173 830 2250 ipsi
847 2173 995 2233 beneficio
1009 2171 1083 2232 dair-

75 2257 119 2317 dus
129 2260 288 2332 videretur,
305 2260 375 2336 quia
398 2260 550 2336 pensionis
571 2261 740 2334 reservatio
755 2262 915 2338 quamdam
930 2261 1083 2324 alienatio-

75 2346 248 2424 nisspeciem
263 2349 404 2414 continet,
422 2367 488 2426 quae
511 2345 575 2410 lieri
599 2367 660 2410 non
684 2350 782 2423 debet,
804 2349 861 2408 nisi
881 2348 919 2409 de
933 2365 1085 2425 consensu

76 2436 191 2510 Capituli,
205 2443 236 2498 et
249 2437 320 2496 dato
333 2438 479 2498 beneflcio
493 2439 612 2498 vacanti
626 2444 695 2514 apto
710 2433 866 2498 defensore
880 2443 890 2511 (
910 2441 930 2508 ).

100 2591 128 2657 (tt
140 2593 206 2659 aeg.
221 2594 252 2645 45
273 2593 382 2647 Cenaei.
397 2619 427 2632 -
441 2595 476 2659 (t)
490 2594 611 2660 Ptrhiug,
626 2595 663 2646 Ut
677 2595 739 2646 ben,
758 2593 811 2645 sin.
830 2593 896 2644 dim.
910 2592 978 2644 cent.
994 2606 1022 2644 n.
1046 2593 1083 2645 15.

103 2771 157 2828 535.
176 2775 229 2829 155
242 2770 281 2829 ad
297 2771 473 2845 pensionem
494 2771 725 2831 eeclesiasticam
740 2770 919 2846 acquisitum
941 2770 1017 2844 aedi,
1033 2777 1084 2832 aut

77 2853 182 2916 alenari
196 2859 309 2933 absque
331 2863 360 2918 S.
382 2859 466 2918 Sedis
488 2859 664 2920 auctoritate
682 2875 743 2918 uon
758 2865 866 2935 potest.
888 2863 950 2919 lloe
962 2859 1084 2936 quidem

78 2949 112 3000 est
122 2946 167 3018 jus
180 2946 208 3005 in
223 2964 268 3021 re,
288 2964 355 3023 qaae
377 2948 522 3023 spirituali
536 2948 738 3024 conjungitur,
753 2949 838 3024 eujus
859 2948 997 3010 alienatio
1012 2964 1082 3026 pro·

78 3035 131 3100 pter
147 3037 306 3110 temporale
328 3037 457 3114 pretium
476 3037 632 3098 simoniam
650 3038 778 3098 redolet.¹
798 3038 994 3099 Nihilominus
1014 3039 1084 3099 olim

79 3120 203 3184 tectores
225 3125 436 3201 permittebant
449 3125 657 3186 alienationem
671 3126 888 3188 commoditatis
902 3127 1085 3204 percipiendi

79 3213 236 3282 pensionem
256 3215 344 3274 etiam
353 3216 477 3291 absque
491 3232 642 3275 consensu
656 3215 743 3288 illius,
758 3215 808 3294 qui
823 3217 950 3276 debebat
963 3214 1083 3292 pensio-

80 3314 137 3362 nem
147 3305 268 3378 sabere,
284 3311 313 3366 et
325 3305 439 3386 absque
452 3305 621 3380 apostolico
635 3305 833 3380 heneplacito,
849 3305 918 3380 quia
931 3302 1082 3362 existima-

80 3385 139 3448 bant
149 3391 254 3454 dictam
268 3393 510 3454 commoditatem
523 3395 564 3454 nil
577 3394 690 3454 babere
702 3393 746 3454 rei
763 3392 934 3468 spiritualia,
957 3400 1008 3448 aut
1021 3391 1083 3465 spi-

12 3521 13 3552 ,
81 3474 162 3544 rituti
173 3483 296 3550 adnexae
310 3487 363 3554 tl).
378 3488 413 3548 st
427 3499 507 3545 nune
521 3483 609 3546 etiam
624 3483 683 3544 hoe
696 3482 820 3544 vetitum
834 3478 1017 3540 declaratum
1030 3478 1085 3540 luit
