2432 4078
591 225 752 284 —ttt-
1207 302 1208 356 1

168 349 212 412 rei
221 349 369 428 Judicotae.
384 348 488 421 Quoad
503 347 632 424 primum
648 348 689 409 ito
702 347 827 426 imponit
844 347 936 408 fldem
955 344 1109 424 questioni,
1129 351 1166 420 nt,
1207 369 1208 384 ¹

168 439 194 500 si
215 439 295 498 bono
314 438 384 511 tide,
402 443 432 498 et
450 435 581 513 legitime
600 437 679 497 tecto
699 437 747 512 sit,
775 438 886 497 nedum
907 436 991 497 litem
1011 441 1168 512 presentem

167 526 327 598 interimat,
343 526 397 586 sed
416 531 447 586 ct
460 541 546 585 norae
565 525 733 602 ingressum
752 525 893 602 impediet
915 530 967 600 (1),
993 532 1027 585 ut
1039 535 1131 598 cesset,
1143 529 1169 584 et
1208 518 1209 608 1

167 613 378 676 vncusreddst
391 613 491 674 omnin
501 613 700 690 praecedentia
716 613 922 688 instrumente,
941 620 971 674 et
989 613 1167 690 probationes,

167 708 202 763 ut
213 703 328 763 auferat
339 700 604 780 praescriptionem,
624 701 820 778 privilegium,
835 709 865 762 et
878 718 967 763 omne
979 703 1059 762 eliud
1072 718 1169 778 prece·
1209 734 1210 774 1

168 791 304 868 densius
318 791 348 852 in
365 807 409 865 re,
432 789 470 851 de
493 808 553 868 qun
575 790 672 866 egitur
694 795 743 864 (2).
767 791 870 863 Quoad
883 791 1048 852 secundum
1061 807 1124 850 vero
1137 790 1168 850 ita
1209 781 1210 788 '

169 878 247 958 perit
262 879 470 956 exceptionem
488 879 532 939 rei
547 878 696 956 indicate,
716 885 749 940 nt
766 879 957 940 novationem
979 882 1134 955 operetur(
1150 884 1167 952 i·
1210 950 1211 968 1

169 975 202 1030 ut
225 971 327 1030 iocum
348 967 505 1030 definitivae
520 973 550 1028 et
568 967 781 1044 inoppeliabilis
802 967 956 1028 sententiae
975 973 1082 1040 tenent,
1100 973 1125 1027 et
1142 974 1168 1026 nt

170 1063 321 1135 tamqnam
339 1073 412 1116 vero
429 1055 567 1132 exceptio
585 1056 795 1132 peremptoria,
809 1073 846 1116 ac
863 1056 922 1116 litis
935 1056 1025 1116 tinitae
1041 1071 1164 1132 quocum·

171 1163 229 1224 que
243 1151 451 1224 temporetam
465 1150 543 1220 ente,
566 1161 657 1222 quem
678 1151 747 1222 post
764 1143 822 1208 litis
836 1145 1082 1208 contestationem
1092 1146 1168 1223 possit
1211 1166 1212 1250 1

170 1236 283 1314 0110111
298 1241 349 1310 (⁴)-
1211 1257 1212 1260 ’

202 1391 237 1458 (t)
252 1391 318 1458 (inp.
333 1391 357 1444 1.
371 1390 405 1445 dc
425 1391 464 1443 iit.
485 1393 588 1444 contest
616 1391 681 1444 int.
696 1392 773 1457 -111
794 1391 859 1459 Gap.
883 1392 903 1452 1,
919 1393 953 1446 dc
968 1393 1091 1446 transoet.
1108 1420 1131 1430 -
1142 1390 1168 1455 (t)
1212 1382 1213 1460 1

171 1463 285 1516 Neratio
308 1465 351 1516 ost
372 1463 472 1524 prioris
491 1463 663 1529 obligationis
687 1464 717 1516 in
743 1465 825 1516 etism
850 1477 947 1518 nouem
965 1463 1106 1518 transfusio
1124 1463 1169 1514 stro

171 1533 319 1588 construo.
333 1561 361 1572 -
377 1535 413 1599 (t)
427 1533 493 1601 cop.
508 1535 560 1610 tot
569 1536 594 1598 t.
605 1534 640 1588 ds
654 1535 693 1590 lit.
703 1539 815 1590 contest.
831 1537 860 1588 in
873 1535 897 1588 t.
