2426 4070
589 151 747 210 -lte-

140 272 241 334 nullus
265 271 296 332 in
320 269 377 331 illis
400 271 487 332 terris
512 270 551 332 sit
571 273 734 348 parochus,
756 275 803 334 vel
818 273 981 350 Episcopus
995 277 1194 349 catholicuS,

144 368 196 422 aut
210 377 272 421 non
285 359 380 436 possit
392 358 477 434 adiri,
494 366 545 420 aut
559 362 680 422 alterius
694 361 858 422 sacerdotis
872 363 1000 440 delegati
1015 365 1193 426 existentia

142 451 174 512 in
191 448 278 510 dictis
294 449 368 509 locis
390 450 565 524 ignoretur:
589 452 621 510 in
635 453 692 511 hac
707 450 786 511 enim
800 451 1022 512 circumstantia
1036 455 1193 515 catholici

142 539 239 600 valide
261 533 442 599 contrahunt
465 538 692 613 clandestinum,
708 538 823 599 etiamsi
837 539 951 600 dictmn
964 542 1128 602 decretum
1142 542 1190 601 ibi

142 627 181 690 sit
199 627 392 703 publicatum,
415 627 506 688 modo
526 628 606 689 idem
630 629 800 702 observent,
817 635 961 704 quantum
975 629 1042 690 fieri
1063 635 1188 706 potest,

142 717 219 778 duos
232 717 338 777 saltem
349 716 529 776 assumendo
542 721 733 790 testes(l).lu
745 716 877 776 secundo
890 723 990 776 autern
1004 735 1079 778 casu
1096 719 1190 777 clan-

144 805 293 866 destinum
312 811 358 865 est
376 805 507 864 ualidum
527 822 583 880 pro
598 805 761 877 llollaudia,
777 812 810 864 et
827 822 883 880 pro
901 805 1048 866 foederato
1062 805 1186 881 Belgio,

74 939 77 944 .
145 893 169 954 si
185 895 301 955 ineatur
313 895 391 953 inter
405 893 572 965 haereticos,
587 895 636 953 uel
656 893 734 953 inter
747 893 920 954 haereticum
934 901 964 956 et
986 895 1185 968 catholicam,

146 991 179 1044 ut
200 983 332 1043 definivit
354 981 530 1043 Benedictus
550 987 609 1042 lllll
629 985 681 1056 (Ξ),
698 982 766 1058 quia
782 983 851 1043 liect
865 983 895 1042 in
909 983 1060 1059 parochiis
1081 983 1183 1043 dicta-

145 1089 214 1133 rum
228 1072 384 1148 regionum
405 1070 566 1131 Tridentini
589 1071 743 1146 decretum
767 1071 856 1131 fuerit
880 1073 1075 1147 publicatum,
1091 1089 1186 1131 novae

148 1168 247 1222 amen
262 1161 490 1236 protestantium
504 1160 663 1219 societates
685 1160 724 1219 ed
746 1175 798 1219 eas
820 1159 977 1235 parochias
991 1178 1054 1220 non
1071 1159 1184 1220 viden-

146 1256 197 1311 tur
209 1249 335 1326 amplius
348 1248 508 1325 pertinere.
526 1254 584 1310 Pro
598 1248 662 1308 aliis
676 1266 748 1308 vcro
772 1248 946 1324 regionibus
968 1249 1112 1324 publicati
1127 1249 1183 1308 de-

146 1339 231 1412 creti,
255 1337 306 1397 ubi
328 1337 451 1413 parochi
473 1337 621 1410 catholici,
646 1337 694 1396 vel
717 1352 821 1396 corum
839 1335 967 1412 delegati
986 1335 1075 1394 facite
1089 1353 1183 1410 repc-

146 1429 273 1499 r-iuutur,
299 1424 517 1485 clandestinum
543 1426 620 1485 iuter
642 1424 808 1497 haereticas,
833 1426 880 1484 vel
902 1426 980 1485 inter
1002 1424 1184 1484 haeretieum

147 1524 177 1575 et
191 1515 378 1587 catholicam,
393 1515 506 1573 nullum
520 1520 574 1586 est,
590 1513 659 1588 quie
682 1514 771 1573 citata
795 1514 943 1574 Benedicti
963 1518 1021 1573 lllll
1044 1513 1181 1572 definitio

149 1605 226 1662 ultra
239 1603 403 1662 faederatos
417 1604 520 1677 Belgas
534 1618 594 1661 uon
613 1601 783 1661 extenditur
797 1620 804 1675 3
822 1608 851 1662 ct
872 1595 939 1661 ideo
958 1601 1092 1661 haeretici
1105 1618 1180 1660 eon-

146 1693 233 1767 juges
248 1692 343 1766 Belga
364 1706 426 1749 nou
452 1697 592 1749 tenentur
614 1707 717 1749 cerem
737 1690 869 1765 parocho
894 1689 1003 1749 iterare
1022 1688 1181 1748 matrimo-

150 1779 244 1852 nium,
258 1778 311 1838 sed
327 1785 466 1838 tenentur
481 1777 592 1852 eaeteri,
607 1776 633 1837 si
646 1778 684 1837 ab
698 1778 805 1838 haeresi
819 1779 857 1838 ad
872 1783 901 1840 s.
916 1777 1056 1838 sceleste
1078 1778 1179 1837 sinum

149 1868 297 1939 redeant(
318 1871 339 1940 ).

182 2043 218 2109 (l)
227 2043 388 2095 Benedictus
398 2043 460 2094 xlv
473 2042 506 2094 de
517 2041 615 2108 Synod.
631 2043 648 2094 l.
667 2041 704 2101 lt,
719 2055 741 2093 c.
755 2042 814 2100 5‚n.
830 2043 859 2104 5;
876 2043 903 2095 et
915 2041 973 2094 hul.
986 2040 1103 2096 aeduae
1115 2045 1178 2095 sant

153 2114 240 2180 ejusd.
253 2115 329 2166 Pout.
340 2115 437 2166 Postea
448 2114 514 2166 Pius
526 2114 571 2173 VI,
582 2115 611 2164 in
621 2115 700 2178 epist.
712 2113 745 2164 ad
755 2113 910 2179 episcopum
921 2113 1115 2167 Lucicnensem
1125 2114 1179 2164 diei

153 2187 184 2238 28
197 2185 342 2243 mahildi,
355 2189 498 2251 postquam
513 2185 668 2248 declaravit,
680 2185 772 2236 lideles
782 2185 918 2247 abstinere
933 2185 1040 2236 omnino
1054 2185 1178 2236 deheres

155 2257 337 2310 contrahendo
350 2257 519 2308 matrimonio
533 2271 624 2308 coram
641 2256 746 2306 officiali
760 2255 841 2315 ciuili,
857 2261 886 2306 ιιι
906 2255 1010 2306 terebat
1023 2255 1066 2306 lex
1083 2269 1100 2305 a
1114 2270 1175 2306 eou-

155 2331 237 2380 ventu
253 2329 383 2378 nationali
399 2327 494 2379 Gallim
508 2328 572 2385 lata,
587 2327 718 2392 permisit.
733 2330 763 2377 ut
781 2327 814 2378 ad
833 2325 992 2378 obtinendos
1010 2325 1177 2377 matrimonio

155 2401 266 2454 effectus
283 2399 374 2451 civiles
391 2403 501 2464 possent
525 2413 614 2450 coram
629 2399 723 2450 eodem
743 2398 848 2449 officiali
865 2411 958 2448 eorum
980 2398 1178 2448 matrimonium

155 2473 304 2529 declarare,
319 2471 397 2522 modo
413 2471 488 2536 prius
503 2484 592 2522 coram
606 2471 723 2537 parocho
737 2470 952 2531 contraxisseut;
968 2472 994 2520 et
1006 2469 1101 2520 deinde
1114 2470 1175 2520 suh·

153 2543 262 2608 junxit:
285 2542 418 2608 Quantam
439 2542 586 2609 complures
603 2555 637 2592 aa
656 2539 714 2593 istis
732 2539 852 2605 [tactibus
868 2553 923 2592 aaa
945 2543 1053 2605 possunt
1071 2539 1176 2591 omnino

155 2611 306 2678 parasitum
324 2612 474 2678 tapitiraam
497 2611 601 2672 habere,
615 2611 730 2664 totorum
754 2611 872 2674 profecto
895 2611 1022 2676 conjapia
1041 2613 1175 2664 contracta

145 2684 422 2748 citramontanas
442 2683 497 2734 siaa
516 2681 629 2748 parochi
650 2682 802 2752 prasentia,
815 2681 839 2732 si
859 2681 930 2734 nihil
946 2681 1023 2733 ottae
1044 2679 1130 2740 obstet.
1152 2684 1175 2733 ct

157 2755 251 2806 aalide
264 2759 288 2807 ct
304 2756 379 2808 licita
394 2757 485 2814 cruat,
503 2758 533 2806 ut
548 2754 642 2818 sapius
658 2751 827 2804 declaratam
840 2751 895 2818 fait
910 2767 928 2806 a
941 2765 1019 2804 saera
1033 2751 1174 2818 Oaaprapa·

159 2825 230 2878 ttoaa
254 2825 367 2878 Ooaaittt
387 2825 539 2878 lltdaatt'ai
561 2825 720 2889 interprete.
749 2824 874 2887 Theiner,
896 2826 941 2875 cit.
961 2825 1011 2874 loc.
1036 2837 1061 2874 n.
1082 2824 1121 2874 67,
1145 2824 1175 2874 In

160 2897 253 2948 eodem
266 2911 348 2948 seusu
366 2897 437 2947 idem
452 2897 574 2947 Pontifex
589 2895 632 2946 die
647 2897 660 2945 5
674 2895 791 2946 octobris
807 2895 875 2954 1793,
889 2896 1021 2962 Episcopo
1031 2895 1175 2946 Genevensi

160 2969 307 3034 rescripsit.
328 2968 386 3020 Hac
402 2969 437 3019 de
454 2981 483 3018 re
501 2967 584 3018 uariae
602 2967 672 3017 datm
692 2973 755 3017 sunt
777 2967 925 3017 decisiones
946 2973 973 3016 et
993 2966 1174 3017 instructiones

162 3039 337 3091 aCardinale
359 3041 478 3104 Caprere
494 3038 593 3102 Legata
607 3053 623 3088 a
637 3039 730 3088 Latere
750 3038 847 3088 summi
868 3038 1006 3088 Pontificis
1027 3051 1074 3102 pro
1096 3051 1174 3102 regno

162 3108 255 3161 Galliae
278 3109 306 3159 in
330 3110 452 3161 luctuosa
471 3109 634 3160 revolutione
656 3108 730 3159 illius
745 3108 829 3171 regni,
849 3121 910 3172 quae
925 3109 976 3158 suh
990 3108 1068 3159 tinem
1086 3107 1173 3160 seculi

162 3181 258 3232 decimi
273 3181 368 3239 octavi,
384 3181 474 3232 omnia
486 3180 612 3238 humana,
624 3184 650 3230 et
666 3179 757 3230 diviua
771 3180 928 3230 subvertere
943 3179 1003 3230 nisa
1016 3183 1064 3230 est.
1078 3179 1174 3246 Hujus·

162 3251 235 3302 modi
249 3252 350 3315 regulae
369 3265 385 3302 a
406 3251 517 3302 Gallicis
534 3251 690 3302 auctoribus
711 3255 848 3308 notantur,
864 3249 897 3299 ad
917 3263 984 3314 quos
998 3250 1120 3301 lectorem
1133 3265 1171 3302 re·

162 3323 302 3384 mittimus,
318 3325 344 3374 et
365 3322 519 3387 specialiter
537 3321 572 3372 ad
585 3324 720 3374 auctorem
745 3321 938 3386 supracitatum
959 3319 1029 3372 abbe
1044 3320 1129 3372 Andre
1146 3321 1173 3372 iu

166 3396 242 3446 (turs.
257 3393 317 3444 lar.
334 3393 397 3444 Gau.
409 3394 489 3444 verbo
503 3392 698 3444 clandestiattt.
712 3421 742 3429 —
754 3393 788 3458 (l)
803 3393 862 3443 Bul.
881 3391 1131 3460 detrimentaque,
1148 3397 1173 3444 ct

163 3470 195 3517 ut
207 3465 298 3516 videre
312 3467 353 3516 est
366 3465 394 3515 iu
407 3464 529 3529 ejusdem
543 3463 678 3514 pontificis
693 3464 800 3528 egregio
820 3475 900 3530 opere
913 3465 947 3515 de
959 3463 1056 3529 synod.
1072 3465 1170 3516 (timeas

163 3537 181 3596 l.
197 3537 221 3604 6,
235 3550 258 3597 e,
274 3537 299 3590 6.
317 3535 395 3612 Quod
413 3541 503 3598 eutem
516 3535 678 3596 Benedictus
693 3535 767 3597 XIV,
782 3549 831 3614 pra
847 3534 987 3598 foederatis
1003 3533 1093 3613 Belgis
1111 3548 1171 3596 con·
