2560 4080
600 136 815 230 -rac-‘

166 294 197 354 lu
211 311 301 354 cansa
322 297 373 368 (ι),
396 265 656 371 ιιιιιιιιίθιιιιιιιιι,
679 301 712 354 ιιι
733 293 846 368 dicunt,
869 295 1031 370 assignatio
1053 261 1148 378 causae
1164 301 1201 360 ad
1273 317 1274 328 ¹

167 381 352 442 sententiam.
369 381 526 442 Conclusio
540 381 570 440 in
590 399 680 442 rausa
694 388 740 442 est
759 381 940 442 renunciatio
959 385 1042 444 facta
1056 388 1202 452 ulteriori·
1273 393 1274 426 l

166 471 224 530 bus
241 471 476 546 probationibus,
501 471 738 571 exceptionibus
757 479 787 532 et
806 471 1066 573 replicationibus3
1092 477 1201 537 etideo

166 559 273 620 dicitur
285 561 451 634 conclusio,
465 561 513 619 vel
525 560 605 636 quia
609 559 695 620 novis
707 560 971 636 probationibus
945 579 1024 621 viam
1035 565 1201 638 praecludit,

165 649 213 708 vel
226 648 295 724 quia
310 665 344 708 os
356 649 468 709 claudit
480 637 624 726 partibus,
639 667 678 708 nc
692 665 786 708 novas
801 650 928 726 amplius
942 657 1053 726 queant
1066 653 1202 727 prolerre

166 736 340 814 positiones,
358 745 409 798 aut
432 737 708 814 θιιιιριιοιιει(ι);
731 755 852 816 aequum
870 739 950 798 enim
968 745 1023 814 est,
1044 741 1202 816 utjudicio
1273 769 1274 772 ¹

163 825 293 904 partium
307 827 462 888 certamini
478 827 600 902 quidam
613 827 810 887 constituatur
828 827 906 902 linis,
925 829 1004 888 ultra
1016 847 1109 905 quem
1121 831 1202 890 nefas

163 913 200 974 sit
214 915 325 993 aliquid
337 914 407 975 novi
420 917 538 991 afferre,
554 921 605 976 aut
618 923 730 978 statum
744 917 916 993 quaestionis
926 925 1042 978 mutare
1061 922 1113 992 (3).

195 1089 331 1154 (uindex
347 1090 467 1156 procedit
478 1091 514 1143 ad
527 1089 726 1142 conclusionem
737 1091 766 1143 in
779 1106 862 1144 causa
875 1093 908 1144 ad
931 1093 1090 1144 instantiam
1104 1094 1196 1158 partis,

165 1161 210 1212 val
219 1174 253 1212 ax
266 1161 363 1214 officio.
377 1163 441 1214 (iau.
455 1160 626 1215 Jaacanaeem
639 1177 663 1214 c.
678 1163 717 1222 30,
731 1177 756 1230 q.
770 1165 794 1214 5.
808 1191 834 1201 -
846 1165 881 1228 (ι)
894 1165 959 1229 Gap.
970 1164 1125 1218 Aedituus
1138 1179 1198 1232 pro·

169 1238 257 1284 curat
274 1237 302 1285 ct
313 1245 372 1298 cap.
386 1233 533 1286 Pastor-olis
545 1233 580 1286 dc
590 1247 663 1286 caus.
680 1247 753 1300 poss.
768 1240 796 1287 at
811 1249 891 1301 prop.
902 1262 933 1274 -
944 1236 978 1300 (3)
988 1236 1053 1301 Gap.
1066 1237 1091 1300 9,
1107 1235 1142 1289 da
1153 1236 1197 1292 lid.

166 1305 296 1359 instrum.
310 1305 502 1359 atibiGlcssa.
557 1375 559 1387 Ι

195 1478 258 1534 845
279 1473 436 1534 Conclusio
450 1475 481 1533 iu
496 1490 588 1534 causa
601 1473 762 1574 requiritur
775 1474 804 1534 in
818 1475 937 1551 judiciis
951 1476 1122 1550 ordinariis,
1138 1494 1197 1537 non

163 1569 263 1622 autem
274 1561 470 1637 regulariter
463 1579 493 1620 m
505 1562 683 1636 summania,
698 1563 728 1621 in
744 1563 851 1638 quibus
864 1564 967 1638 jndex,
983 1564 1092 1624 auditis
1106 1566 1197 1641 parti·
1273 1609 1274 1630 ι

159 1649 226 1724 bus,
242 1649 280 1710 de
296 1650 387 1725 plano
402 1650 545 1726 procedit.
564 1651 722 1711 Conclusio
741 1658 840 1712 autem
858 1653 923 1712 fleri
938 1659 1036 1728 potest
1053 1671 1194 1747 appresso

158 1754 228 1798 cum
242 1737 410 1828 litigantes
403 1755 433 1798 ιιι
443 1738 544 1800 ultima
560 1741 707 1815 scriptura
717 1757 749 1800 se
759 1740 789 1799 in
803 1758 893 1800 causa
908 1743 1088 1802 concludere
1097 1719 1197 1803 decla-

159 1833 241 1900 rent3
257 1829 304 1889 vel
319 1829 412 1902 tocitc,
429 1845 508 1904 cum,
522 1831 603 1890 nulla
616 1830 694 1889 lacta
709 1847 851 1906 expressa
866 1830 1077 1906 declaratione,
1092 1850 1111 1890 a
1125 1849 1198 1908 pro-

157 1911 329 1978 batibuibus
357 1917 513 1992 desistunt,
539 1923 569 1978 ct
596 1915 775 1978 sententiam
799 1921 964 1994 postulaut3
990 1921 1040 1980 vel
1067 1920 1198 1996 denique

157 2007 365 2080 condit-tonate,
381 2023 451 2067 cum
462 2007 492 2066 in
509 2025 601 2069 causa
614 1993 736 2084 quidem
750 1993 945 2083 concludunt,
960 2008 1013 2068 sed
1025 2027 1088 2068 non
1101 2010 1197 2083 aliter,

158 2111 248 2171 quam
267 2095 293 2156 si
305 2096 362 2156 alia
375 2111 446 2171 pars
463 2097 590 2158 adversa
609 2097 761 2174 aequaliter
783 2098 897 2174 absque
918 2115 997 2188 nova
1014 2098 1198 2160 deductione

158 2185 389 2246 concluseritt
365 2191 389 2259 (t
395 2189 416 2258 ).

193 2317 227 2382 (l)
242 2318 305 2384 Cap
323 2321 346 2378 5.
363 2319 481 2372 decana.
493 2333 565 2385 poss,
583 2323 610 2373 et
623 2333 714 2386 propr.
730 2320 852 2373 atillam.
868 2317 941 2388 Sapo
962 2321 996 2374 dc
1007 2323 1086 2382 rerb.
1101 2323 1196 2389 signif.

168 2388 419 2484 Pellegrinuspart.
432 2392 457 2451 ι,
471 2395 535 2444 sect.
551 2393 577 2457 ι,
592 2392 711 2444 subsect.
724 2392 756 2443 ιι
769 2407 798 2444 n
811 2394 834 2445 5
999 2405 1032 2418 ··

192 2579 254 2635 846.
276 2574 414 2646 Quamvis
435 2576 614 2637 conclusio
606 2595 637 2635 m
656 2593 746 2638 causa
766 2577 950 2638 renunciatio
965 2579 1002 2636 sit
1015 2579 1105 2638 novis
1123 2596 1193 2655 pro-
1273 2611 1274 2640 ι

155 2662 341 2738 bationibus3
357 2671 457 2725 tamur
472 2666 652 2742 quandoque
666 2667 756 2727 etiam
773 2674 841 2752 post
859 2669 1037 2728 conclusum
1050 2669 1083 2728 iu
1102 2687 1195 2730 causa

152 2753 346 2828 probationes
358 2754 561 2829 admittuntur,
568 2753 654 2831 ¹quod
666 2763 730 2816 tum
742 2757 984 2832 antonomatice,
998 2763 1063 2816 tum
1073 2759 1193 2818 ratione

152 2858 246 2900 causa
260 2843 433 2918 contingere
447 2850 555 2920 potest.
576 2845 673 2905 Primo
687 2846 803 2904 ratione
818 2844 936 2921 Judicis,
960 2846 1021 2921 qui,
1043 2863 1117 2908 cum
1139 2848 1194 2906 ali.
1273 2917 1274 2942 ἢ

87 2930 91 2940 “
151 2929 233 3017 quod
248 2931 400 2992 suboritur
409 2932 532 2993 dubium
536 2940 655 3012 potest
664 2951 704 2994 ex
719 2934 818 2996 officio
833 2941 862 2993 et
850 2936 921 2994 tiam
933 2941 1002 3011 post
1014 2937 1195 2997 conclusum

150 3021 182 3078 1n
197 3035 287 3080 causa
300 3019 435 3094 partibus
449 3021 543 3082 dare'
535 3023 784 3098 mterrogationcs
798 3023 835 3084 de
848 3024 939 3098 facto,
954 3025 1043 3084 veltet
1043 3024 1106 3086 iam
1121 3043 1194 3102 pro-

152 3107 325 3168 bodonem
318 3110 495 3186 injungere:
511 3111 575 3186 ipse
589 3112 678 3186 endu,
692 3113 777 3173 utait
795 3113 931 3173 Pontifex
934 3131 1053 3189 ,usque
1067 3116 1106 3176 ad
1121 3134 1192 3192 pro·
1273 3113 1274 3142 ³

148 3187 299 3257 bettonem
312 3199 466 3258 sententia
477 3201 566 3262 debet
578 3203 719 3261 universa
734 3202 847 3276 rimari,
861 3209 891 3262 et
911 3203 990 3275 ideo,
1007 3203 1116 3264 dicunt
1131 3210 1190 3264 Do

116 3353 122 3362 ἱ
151 3295 260 3361 ctores,
276 3288 375 3363 quoad
385 3289 518 3364 judicem
532 3307 696 3368 numquam
710 3307 778 3352 esse
792 3291 823 3350 iu
834 3307 925 3351 cansa
939 3292 1162 3354 conclusuml
1136 3299 1162 3367 (l
1166 3297 1188 3364 )
1273 3311 1274 3348 1

149 3375 287 3434 Secundo
300 3376 416 3436 ratione
430 3395 538 3452 causae,
557 3387 591 3440 ut
609 3396 678 3440 cum
691 3380 789 3456 agitur
809 3381 847 3440 de
863 3397 954 3440 causa
970 3381 1121 3454 beneficii,
1138 3389 1190 3442 aut

148 3463 364 3536 matrimonia
356 3481 387 3522 ιιι
402 3481 461 3539 qua
476 3475 545 3540 post
569 3467 666 3570 ipsam
685 3468 910 3530 conclusionem
924 3470 1120 3554 probationes
1136 3473 1187 3532 ad-

146 3546 313 3624 na'ttuntur,
329 3559 361 3610 ιιι
369 3551 539 3626 periculum
551 3555 720 3618 animarum
737 3559 777 3676 ob
791 3557 946 3635 indiguam
958 3566 1126 3638 pastorem,
1140 3562 1186 3622 vel
