2560 4080
546 232 707 303 rarr-

112 345 200 420 judici
208 347 330 410 incultas
343 347 381 410 sit
394 366 434 410 ex
449 351 531 428 insta
551 369 642 416 causa
660 355 760 431 ipsum
780 356 997 434 quadrimestre
1014 364 1133 436 tempus

115 438 293 513 coarctandi,
314 445 366 500 aut
383 442 565 518 prorogandi
587 448 637 518 (s).
661 444 720 508 sed
738 461 793 522 per
810 446 1007 524 apparitores,
1022 449 1133 514 aliosve

114 524 263 588 ministros
276 528 413 590 executio
428 529 493 592 ilari
510 531 623 608 nequit,
647 533 705 594 nisi
731 542 890 613 postquam
912 538 951 598 ad
970 537 1029 600 hoc
1045 539 1134 602 inerit
1239 537 1243 543 ’

114 631 166 690 per
174 615 306 692 judicem
319 633 497 682 concessum
510 621 684 684 mandatum
698 623 887 686 executivum
900 629 952 700 (3).

80 729 82 736 ¹
142 761 178 828 (l)
191 763 258 831 Gap.
270 763 295 826 6,
310 763 345 818 de
358 768 427 820 sant.
442 769 470 820 et
483 781 512 821 re
522 767 608 834 judic.
626 795 656 808 -
671 770 707 837 (2)
722 769 786 837 cap.
801 770 840 837 ¹5,
855 772 913 826 eod.
927 774 955 826 et
971 787 1030 843 cap.
1043 773 1084 840 26,
1099 776 1134 828 de

112 831 180 886 offla.
192 835 278 899 judie.
293 837 379 905 deleg.
399 867 430 879 -·
441 841 476 904 (3)
491 840 629 894 Sententia
652 843 802 895 executioni
824 844 969 897 mandatur
980 846 1015 898 ab
1030 846 1077 900 illo
1086 847 1133 914 ju-

112 904 171 957 tlioe
182 907 328 974 ordinario,
343 911 390 976 qul
405 923 464 962 earn
479 911 550 971 tulit,
562 915 620 964 tum
634 912 662 965 in
676 913 773 978 prima,
786 916 845 966 tum
858 915 887 968 iu
900 915 1020 969 secunda
1030 917 1133 971 usan-

111 974 156 1028 tia.
170 975 274 1030 Idcirco
298 980 383 1046 judex
405 982 594 1048 appellationis
617 997 692 1037 suam
718 986 860 1053 exequitur
883 988 1056 1050 senentiam,
1071 989 1136 1042 lieet

110 1061 159 1170 ll
168 1051 630 1180 rettulitretiulit
641 1055 1134 1193 iiiiii*talsseiuilciipiitiff

111 1188 204 1253 unaue
217 1191 267 1245 loc.
279 1161 330 1247 cit.
346 1194 464 1249 subsect.
479 1197 503 1262 i,
517 1209 545 1250 n.
562 1197 587 1248 e.
773 1144 784 1195 J
928 1143 946 1198 p
1021 1169 1026 1182 ¹

144 1373 206 1430 859.
226 1371 258 1433 si
277 1374 316 1434 de
336 1390 371 1435 re
390 1379 473 1436 certa
493 1375 685 1450 restituenda,
700 1378 750 1438 vel
762 1376 917 1451 tradenda,
933 1375 1080 1438 sententia
1096 1377 1135 1438 sit

109 1467 265 1536 concepta,
281 1468 311 1522 et
323 1463 391 1524 talis
402 1469 485 1524 extet
498 1481 557 1538 res,
572 1481 639 1541 quae
649 1463 775 1539 restitui,
790 1465 837 1526 vel
851 1463 916 1524 dari
931 1472 1032 1541 queat,
1049 1467 1098 1528 rel
1109 1467 1135 1528 si

109 1546 279 1625 hypotheca
296 1550 328 1610 in
347 1567 383 1612 re
405 1558 488 1614 certa
508 1552 676 1630 specialiter
695 1559 855 1630 competat,
880 1553 911 1613 in
933 1553 999 1631 ipsa
1019 1561 1135 1616 tantum

109 1638 246 1700 execufio
269 1641 314 1715 tlt,
328 1641 381 1702 ubi
403 1641 442 1702 ed
464 1640 674 1718 obligationem
695 1641 928 1718 extinguendam
947 1643 1084 1703 sufficiat.
1105 1643 1135 1704 si

109 1741 180 1788 vero
194 1728 344 1791 sententie
362 1729 400 1790 sit
421 1730 460 1791 de
477 1730 588 1807 debito,
603 1731 633 1792 in
655 1731 834 1793 executione
845 1731 1016 1810 peragenda
1029 1733 1079 1793 hic
1090 1739 1135 1794 est

109 1815 183 1876 ordo
197 1817 415 1893 observandus,
430 1818 570 1880 uimimm
582 1820 680 1897 primo
693 1820 833 1882 executio
849 1820 882 1880 ut
901 1819 933 1880 in
953 1821 1090 1896 pecunie,
1105 1829 1136 1883 et

106 1903 198 1964 rebus
209 1905 381 1982 mobilibus,
397 1924 463 1984 quae
481 1907 580 1969 minus
602 1915 744 1985 putantur
765 1910 862 1982 utiles,
877 1911 926 1970 vel
945 1909 1132 1970 necessariae.

106 1992 218 2055 Deinde
239 1994 269 2056 si
291 1994 338 2054 lrae
359 2012 408 2056 res
427 2013 489 2057 non
510 1997 676 2070 sufficiant,
702 1997 840 2059 executio
862 1997 897 2058 ut
915 1997 947 2056 in
972 1997 1134 2060 immobili·

105 2079 173 2159 bns,
188 2083 360 2146 nominibus
371 2085 549 2160 debitorum,
564 2085 687 2163 aliisque
697 2087 816 2163 juribus
829 2085 1090 2163 incorporalibus(
1112 2093 1132 2160 t.

136 2239 172 2306 (t)
185 2240 251 2310 (lap.
267 2240 291 2305 5,
307 2241 353 2292 itu.
365 2243 397 2293 ut
408 2241 448 2292 lit.
461 2255 517 2294 non
531 2245 642 2296 contest.
658 2245 709 2294 etc.
723 2242 767 2294 Ab
783 2239 1044 2295 executione'tamen
1059 2241 1136 2296 salva

105 2322 223 2378 semper,
238 2316 369 2377 quantum
387 2313 445 2365 llari
459 2315 558 2379 potest,
573 2326 634 2366 esse
649 2312 749 2365 debent
763 2313 900 2373 animalia,
914 2317 942 2366 et
956 2315 1135 2366 instrumenta

104 2382 283 2447 agucultnre
301 2385 465 2449 necessaria,
483 2397 534 2437 uec
553 2397 607 2435 non
631 2384 813 2436 instrumenta
828 2385 904 2443 anis,
925 2397 1005 2450 wem
1030 2384 1136 2436 debitor

104 2460 224 2519 exercet,
232 2454 307 2520 quod
321 2454 351 2506 tn
374 2455 509 2521 privatum
523 2455 715 2522 publicumque
735 2455 855 2507 levorem
876 2455 928 2508 suit
943 2455 1135 2520 introductum,

103 2536 139 2576 na
155 2538 295 2592 pauperes
307 2526 394 2592 magis
407 2527 635 2594 depauperentur,
649 2533 677 2580 et
689 2527 753 2579 vitae
766 2525 879 2592 agenda
901 2527 1023 2580 subsidia
1036 2526 1134 2578 desint.

102 2596 129 2648 A
141 2597 248 2650 fortiori
262 2595 338 2650 salva
354 2610 413 2649 essa
423 2597 524 2650 debent
533 2597 716 2662 supellectilia
732 2597 766 2650 ad
785 2611 866 2650 usum
875 2611 1009 2664 personae,
1025 2605 1052 2650 at
1071 2597 1134 2650 vitae

103 2667 270 2726 necessaria,
285 2670 316 2718 ut
328 2673 427 2733 restes,
441 2673 468 2721 et
482 2668 675 2722 beneficiorum
688 2669 802 2728 tructus,
812 2669 836 2720 sl
848 2668 963 2720 clericus
972 2667 1071 2720 haheat
1081 2667 1134 2720 alie

102 2736 186 2792 hona.
197 2738 370 2806 pellegrinus
383 2739 434 2793 loc.
449 2739 496 2794 cit.
513 2755 541 2793 n.
559 2738 597 2792 tt.

138 2919 207 2978 860.
227 2915 324 2977 tuden
343 2916 512 2978 ordinarius
535 2933 590 2994 per
611 2916 725 2978 litteras
743 2915 951 2978 ecccutortotas
970 2915 1032 2977 suis
1047 2915 1134 2976 mini·

102 3002 175 3064 stris
189 3001 345 3064 seutentiae
364 3004 574 3064 executionem
594 3003 759 3078 committit,
776 3003 802 3064 si
815 3003 954 3064 executio
969 3004 999 3064 in
1011 3019 1074 3063 snae
1085 3004 1132 3078 jn·

101 3089 290 3154 riedictionis
299 3091 450 3153 territorio
462 3092 500 3154 sit
513 3093 694 3169 perficienda
708 3097 765 3166 (t);
779 3093 825 3153 sin
839 3109 927 3153 secus
941 3092 972 3153 in
987 3091 1135 3154 territorio

101 3181 232 3243 alterius
241 3179 350 3258 judicie
364 3181 468 3258 perfici
481 3182 599 3258 debeat,
613 3182 725 3242 litteras
747 3183 959 3258 acquisitorios,
973 3189 1007 3242 ut
1020 3181 1134 3247 dicunt,

102 3271 144 3330 ad
154 3268 291 3346 judicem
310 3269 399 3332 mittit
416 3270 494 3332 illius
515 3270 664 3345 territorii,
681 3271 789 3348 quibus
802 3271 942 3332 eumdem
955 3268 1088 3346 requirit,
1101 3275 1136 3328 ut

102 3358 286 3422 sententiam
306 3358 371 3434 ipse
393 3359 424 3419 in
447 3377 502 3420 suo
527 3359 676 3421 territorio
692 3360 801 3436 exequi
814 3360 884 3420 velit
898 3363 949 3431 (t).
964 3364 1000 3420 at
1015 3358 1046 3417 in
1062 3373 1134 3417 casu

100 3448 216 3528 iudicis
229 3447 356 3524 delegati
370 3448 613 3528 distinguendum
635 3455 681 3510 est
702 3469 708 3510 :
732 3464 801 3508 uam
815 3448 970 3524 delegatus
984 3463 1001 3506 a
1016 3462 1134 3508 summe

101 3537 246 3614 Principe
256 3544 408 3613 tamquam
419 3539 513 3614 judex
527 3537 695 3600 ordinarius
708 3555 793 3598 suam
807 3544 915 3614 potest,
931 3537 958 3598 si
971 3536 1052 3608 velit,
1065 3553 1134 3598 exe

108 3624 162 3702 qui
176 3626 365 3702 sententiam,
381 3644 450 3690 cum
472 3627 511 3689 ad
532 3628 612 3690 huuc
632 3629 772 3691 effectum
786 3628 824 3687 ad
837 3643 950 3686 annum
962 3632 1030 3703 post
1044 3627 1133 3685 latam

997 3725 1039 3810 27.
