2524 4080
504 183 665 241 „³g5..
765 168 767 173 ’

118 305 176 362 tid.
190 306 259 364 cum
271 301 384 364 reditus
397 303 612 366 beneficiorum
624 305 758 365 honestoe
771 305 980 366 sustentationi
993 321 1099 382 super·

85 387 130 448 flui
141 389 333 451 distribuendi
346 392 415 465 sint,
432 395 574 476 qnaeritnr
588 389 718 470 ¹quando,
733 399 834 470 etque
849 394 954 454 ordine
967 394 1100 454 hostien

85 475 198 539 debenti
207 479 308 550 Quoad
322 481 451 556 primum
465 483 691 558 respondemus
703 483 867 543 consultius
879 501 945 544 esse
954 483 985 543 id
998 484 1100 546 iacere

83 580 133 638 per
143 567 355 644 assignationes
377 567 408 629 in
426 571 496 644 rite,
514 589 604 648 quam
625 589 680 648 per
697 577 908 632 testamentum
929 571 959 632 in
980 577 1097 632 morte:
1163 571 1165 576 ’

82 652 136 714 boc
153 657 231 716 enim
245 659 379 718 secundo
398 675 468 718 casu
491 661 655 720 verendum
670 667 725 733 est,
741 677 779 720 ne
793 666 966 721 remaneant
985 660 1100 720 confusi

82 759 145 804 cum
166 747 230 806 aliis
250 747 338 808 bonis
357 749 525 809 beneficiati
544 749 682 826 propriis
697 749 735 808 de
749 749 856 826 quibus
868 755 986 824 poteret
999 749 1099 826 dispo·

82 848 155 894 nere.
168 839 199 894 ln
213 835 275 896 vite
290 837 420 914 quidem,
432 835 456 896 si
470 837 542 898 nulli
554 837 612 898 sint
627 855 774 914 pauperes
787 838 817 898 in
828 837 992 898 imminenti
1001 855 1099 900 neces

80 919 159 983 sitate
171 925 270 1000 positi,
292 925 487 986 beneficiatus
501 945 540 987 ex
565 927 723 1003 superfluis
736 933 835 1002 potest
853 925 964 1002 praedie
988 943 1098 1000 emere,

79 1011 121 1070 vel
135 1012 308 1074 thesaurum
321 1016 453 1076 conflare
462 1033 517 1092 pro
529 1014 756 1076 necessitatibus
771 1014 875 1074 futuris
889 1017 944 1088 tit:
958 1013 988 1072 in
1002 1020 1099 1075 morte

78 1104 170 1162 antem
184 1103 222 1162 de
235 1102 342 1163 iisdem
355 1103 458 1163 testari
472 1103 562 1164 debet
579 1107 609 1162 in
630 1104 764 1163 furorem
782 1120 958 1180 pauperum,
971 1105 1020 1163 rel
1033 1103 1098 1179 pio-

76 1203 137 1248 mm
150 1191 290 1252 locorum
306 1194 356 1265 (i),
369 1198 398 1252 et
408 1191 433 1252 si
447 1194 560 1252 nullum
574 1192 684 1252 condat
699 1197 916 1266 testamentum,
927 1192 975 1252 vel
990 1191 1100 1252 condat

77 1291 142 1336 cum
154 1279 350 1356 dispositione
365 1281 540 1342 eorumdem
552 1281 773 1358 superfluorum
786 1280 934 1341 bonorum
948 1280 978 1339 in
993 1295 1099 1340 causas

74 1365 221 1442 profanas,
238 1385 276 1428 ex
284 1369 351 1446 jure
366 1369 512 1430 canonico
526 1369 660 1430 Ecclesia
674 1369 817 1444 succedit,
833 1367 962 1430 exclusis
973 1366 1100 1428 haeredi-

74 1450 137 1529 bus,
152 1463 183 1518 at
202 1463 415 1518 nocumentum
429 1465 475 1518 est
488 1458 604 1518 irritum
617 1461 668 1532 (3).
686 1458 787 1530 Quoad
801 1457 976 1531 secundum,
988 1455 1100 1517 scilicet

72 1545 169 1619 quoad
193 1545 332 1608 ordinem
355 1567 373 1608 e
396 1547 573 1608 beneficiato
596 1547 627 1608 in
648 1549 869 1624 superfluorum
893 1544 1100 1608 distributione

72 1637 263 1710 serrandum,
276 1636 481 1710 observamus
491 1636 590 1713 primo
603 1637 812 1700 beneficiatum
825 1635 904 1696 licite
914 1651 1004 1713 posse
1018 1653 1036 1694 a
1049 1652 1100 1696 su·

69 1723 257 1795 pernuornm
279 1727 400 1784 cumulo
419 1743 456 1786 ea
475 1726 642 1800 detrahere,
667 1741 733 1800 quoe
752 1725 829 1784 forte
853 1725 936 1800 prius
955 1725 993 1786 de
1012 1723 1101 1784 bonis

70 1813 198 1888 propriis
210 1813 363 1892 expendit,
374 1821 409 1875 ut
424 1814 454 1874 in
465 1814 611 1874 beneficio
624 1814 739 1874 viveret
750 1833 756 1874 :
769 1830 920 1874 namnum
931 1815 980 1891 jus
992 1814 1100 1874 hebeat

68 1897 186 1962 vivendi
202 1920 241 1963 ex
256 1902 415 1978 beneflcio,
430 1919 491 1963 non
506 1910 623 1963 tenetur
647 1901 748 1963 vivere
764 1903 801 1962 de
815 1903 945 1980 propriis
958 1901 1056 1978 bonis,
1070 1909 1100 1963 et

68 1991 195 2062 proinde
209 1997 310 2070 potest
331 2009 364 2054 se
382 2008 579 2068 compensare
591 1995 649 2066 (t);
669 1991 778 2054 deinde
790 1993 1008 2068 respondemus
1019 1991 1100 2052 bona

66 2081 222 2155 superflua
237 2097 305 2140 esse
319 2079 538 2140 distribuenda:
555 2086 586 2140 10
599 2081 781 2156 pauperibus
795 2080 825 2140 in
840 2080 925 2158 gravi
938 2081 987 2141 vel
1000 2087 1099 2142 extre·

66 2180 113 2226 ma
127 2169 312 2230 necessitate
333 2170 497 2246 temporati,
513 2172 562 2230 vel
582 2169 726 2246 spirituali
748 2169 926 2243 constitutis,
943 2186 1019 2246 quos
1031 2169 1100 2247 Epi-

65 2257 160 2334 scopi,
174 2265 206 2319 et
221 2257 346 2319 Paroctn'
360 2259 469 2319 debent
483 2257 666 2335 perquirere,
676 2264 706 2318 et
720 2257 811 2320 ceteri
824 2257 991 2320 beneficiati
1002 2259 1100 2320 solum

64 2346 225 2408 venientes
240 2347 380 2424 excipere
394 2351 435 2422 (5)
448 2365 455 2420 3
466 2353 497 2406 2⁰
507 2348 585 2408 inter
595 2347 676 2422 ipsos
689 2364 837 2423 pauperes
852 2347 1020 2422 seligendos
1031 2364 1099 2408 esse

64 2435 161 2512 magis
173 2436 346 2513 indigentes
358 2455 397 2497 ex
409 2435 639 2512 consanguineis
650 2441 702 2509 (6),
714 2434 856 2512 exjustis,
865 2453 905 2496 ex
918 2437 1098 2496 erubescen-

63 2521 154 2598 tibus,
170 2533 204 2587 ot
221 2525 342 2586 senibus
357 2530 417 2600 (7),
434 2531 464 2587 30
478 2542 536 2585 non
552 2525 721 2584 extantibus
739 2524 931 2600 pauperibus,
946 2525 1096 2601 superflua

62 2612 266 2690 relinquenda
289 2633 356 2674 esse
384 2614 562 2688 ecolesimo
583 2615 668 2690 cujus
688 2613 833 2674 beneficio
852 2613 973 2675 fuerunt
993 2631 1096 2690 perce-

60 2707 113 2775 pta
127 2708 185 2778 (8),
202 2703 252 2764 vel
266 2703 292 2762 si
306 2704 372 2762 haec
390 2702 461 2764 satis
477 2702 619 2776 abundet,
637 2703 721 2764 elteri
737 2700 787 2778 pio
804 2703 883 2778 loco,
899 2703 947 2763 vel
961 2702 1096 2764 ecolesiae

61 2791 161 2866 magis
170 2792 323 2867 indigenti
337 2797 347 2866 (
368 2797 389 2865 ).

90 2943 128 3007 (1)
140 2945 171 2997 S.
188 2945 232 2996 De
246 2944 353 3010 Ligario
368 2943 415 2995 lib.
431 2945 455 3006 3,
469 2957 496 2995 n.
512 2944 567 2996 491.
591 2973 623 2984 --
644 2943 679 3008 (i)
697 2943 760 3009 Cap.
779 2943 816 3005 11,
841 2945 875 2995 de
897 2948 1002 2996 testam.
1018 2969 1049 2981 -
1061 2945 1098 3009 (3)

60 3013 120 3066 Tot.
133 3017 177 3067 tit.
196 3015 232 3068 de
246 3017 335 3081 pecnt.
352 3016 415 3068 clar.
432 3019 460 3066 et
475 3029 535 3082 cop.
556 3015 571 3066 7
595 3018 622 3066 et
634 3016 659 3077 9,
674 3015 707 3066 de
719 3019 825 3066 testam.
838 3016 863 3066 si
876 3017 967 3067 temen
981 3016 1096 3067 ctericus

58 3085 141 3149 pluro
155 3087 289 3138 hebuerit
300 3086 431 3138 beneficia
446 3086 473 3136 in
492 3085 617 3150 pluribus
631 3084 768 3150 Ecclesiis,
783 3085 888 3137 reditus
908 3085 1042 3152 superflui
1054 3085 1095 3134 di·

57 3157 174 3210 ridendi
187 3163 254 3210 sunt
265 3160 360 3210 tavers
372 3158 548 3212 ecclesiarum
562 3161 682 3222 prorata
696 3157 832 3208 fructuum
842 3159 877 3209 sb
891 3159 988 3211 iisdem
1003 3169 1096 3222 perce-

56 3231 190 3292 ptorum
207 3229 373 3284 similitersi
390 3229 493 3282 reditus
510 3229 600 3280 clerici
612 3229 640 3279 in
653 3233 738 3279 morta
748 3229 835 3281 rolicti
849 3231 948 3296 partim
963 3242 996 3281 ex
1017 3227 1097 3278 bonis

56 3302 186 3366 propriis
201 3301 386 3366 provenerint,
406 3302 505 3366 pcrtim
529 3314 561 3350 ex
583 3299 662 3350 bonis
682 3299 882 3357 aeclesiasticis.
894 3303 971 3366 justa
983 3310 1096 3364 propor-

51 3370 136 3434 tione
150 3371 296 3423 dividendi
310 3376 374 3423 sunt
387 3372 457 3423 inter
473 3370 630 3428 ecetesiam,
645 3377 672 3421 et
686 3370 777 3421 clerici
797 3371 930 3422 heredes.
951 3369 1030 3422 card.
1047 3366 1096 3418 So-

57 3439 115 3506 giia
131 3443 270 3508 metiur.
282 3443 352 3509 priv.
366 3442 378 3505 ξ
394 3443 447 3494 119.
461 3443 588 3494 Attamen
601 3455 635 3492 ex
645 3443 708 3505 jura
720 3441 822 3493 reditus
836 3445 1041 3507 presumuntur
1050 3449 1095 3490 eo-

59 3513 227 3575 desisstici,
247 3513 354 3579 quando
371 3513 487 3564 clericas
500 3513 562 3564 ants
574 3512 786 3577 assumptionem
797 3513 832 3564 sd
845 3511 1006 3564 heneficium
1021 3508 1098 3560 nulls

61 3585 234 3648 possidebat
245 3584 317 3638 bona
335 3585 453 3651 propria.
470 3583 534 3650 dap.
558 3585 580 3644 1,
603 3583 637 3636 de
656 3582 745 3649 pecul.
760 3584 824 3636 cler.
845 3582 1026 3635 Nihilominus
1044 3580 1096 3632 hoe

179 3671 221 3724 11.
830 3661 834 3670 ’
871 3687 885 3715 1
957 3671 988 3722 Ὦ
