2524 4080
602 253 759 327 ‘3⁷⁸-

162 371 268 434 lemnia
277 371 416 434 alienatio
429 371 606 447 interaessit,
616 391 684 450 qum
695 389 784 434 suum
795 374 900 434 sortita
914 377 960 434 est
971 373 1108 445 effectum,
1117 371 1160 430 vel

168 462 352 536 cumplures
364 461 463 522 minus
475 464 624 523 solemnes
637 462 830 524 alienationes
843 479 898 539 per
914 462 1039 540 spatium
1050 461 1161 536 quadra·
1241 457 1242 468 ’

167 548 250 626 ginta
267 563 415 610 annorum
432 551 517 611 tecue
530 552 659 626 luerunt,
676 569 743 628 quae
753 569 841 614 suum
854 551 964 628 pariter
982 549 1088 610 sortitae
1104 552 1165 611 sunt

167 638 316 698 ellectum.
338 639 397 698 Sed
413 639 444 698 in
462 640 548 700 novis
562 640 804 702 concessionibus
817 657 894 718 opus
905 646 959 716 est,
973 647 1006 699 ut
1015 639 1091 716 justa
1103 652 1164 696 con-

168 725 312 786 cessionis
326 744 427 801 oense,
442 729 639 805 scolesiaeqae
656 729 766 792 utilitm
781 721 891 807 jugiter
904 733 1082 806 perseveret,
1100 731 1127 786 et
1139 729 1168 786 ul

169 815 356 878 mneedendi
373 817 482 880 modus
494 815 525 878 in
538 817 744 894 praejudicium
762 819 899 880 Ecclesiae
914 833 974 878 non
987 822 1112 878 mutotm
1124 818 1166 886 (l).

197 958 234 1027 (t)
250 959 301 1014 cit
318 961 360 1016 De
374 961 447 1016 Luos
459 962 527 1016 disc.
543 966 564 1028 l,
577 977 604 1016 n.
621 964 665 1018 ut
680 969 707 1018 et
720 978 797 1032 seqq.
810 962 844 1018 de
858 962 938 1016 sliam

209 1159 272 1218 us.
292 1155 399 1229 Quinto
420 1158 541 1219 tandem
554 1165 599 1220 est
611 1161 757 1236 permissa
777 1160 885 1222 locatio
904 1156 1067 1220 conductio
1079 1154 1120 1216 rei
1131 1169 1172 1214 eo·

174 1243 347 1306 olesiaslicae
360 1246 399 1305 ad
412 1247 589 1323 triennium
604 1267 675 1310 nam
697 1250 725 1310 in
744 1251 811 1326 iure
829 1245 894 1310 sole
905 1247 1015 1310 locatio
1030 1242 1174 1310 conductio

170 1333 249 1394 ultra
274 1334 431 1396 triennium
454 1338 601 1414 reperitur
622 1338 778 1416 prohibita.
794 1344 930 1400 Attamen
951 1338 1014 1399 hoe
1034 1332 1176 1398 triennium

173 1439 235 1482 non
257 1425 384 1484 sumitur
402 1425 573 1502 simpliciter
592 1445 648 1504 pro
669 1428 764 1489 tribus
780 1428 866 1488 annis
882 1426 1044 1501 solaribus,
1062 1423 1113 1484 sed
1130 1437 1176 1496 ΡΝ

174 1511 271 1572 tribus
289 1512 441 1574 fructuum
459 1515 709 1593 perceptionibus.
727 1523 823 1590 Quare
837 1517 978 1594 elegatur
994 1517 1035 1576 de
1049 1511 1178 1574 fructibus

175 1598 313 1660 civilibus
327 1600 485 1666 triennium
498 1605 589 1664 tribus
602 1612 717 1666 tantum
731 1607 818 1668 annis
831 1613 957 1678 constat,
972 1606 1046 1681 quia
1057 1616 1177 1676 unoque

173 1703 232 1762 que
245 1703 325 1748 anno
338 1690 453 1750 tructus
466 1693 686 1769 percipiuntur3
700 1695 753 1755 aed
766 1696 792 1755 si
804 1701 909 1772 agatur
920 1695 958 1754 de
971 1694 1038 1752 eliis
1051 1689 1178 1752 fructibus

179 1775 228 1855 qui
243 1778 383 1854 completi
397 1795 457 1838 non
477 1782 690 1858 percipiuntur,
705 1783 770 1857 nisi,
786 1785 890 1857 altero,
905 1784 953 1843 vel
971 1781 1063 1844 terlio
1077 1790 1179 1855 quoque

178 1880 268 1939 anno,
281 1866 441 1928 triennium
465 1886 530 1944 sex,
544 1873 592 1932 vel
606 1889 714 1932 novem
727 1873 812 1934 annis
830 1872 996 1934 constabit:
1014 1878 1045 1932 et
1064 1870 1094 1928 in
1104 1863 1181 1942 sylvis

180 1953 301 2028 credule,
316 1973 382 2031 quae
394 1957 517 2034 singulis
530 1960 692 2035 decenniis,
705 1963 752 2022 vel
765 1961 908 2022 vicenniis
925 1961 1091 2031 caeduntur,
1106 1954 1182 2016 tn'en·

181 2041 263 2102 nium
275 2043 306 2102 in
320 2045 450 2122 triginta,
464 2050 511 2109 vel
527 2051 681 2127 sexaginta
696 2068 844 2112 annorum
858 2051 953 2128 spatio
966 2045 1182 2126 computabitur.

182 2138 217 2190 ut
230 2131 350 2192 tradunt
361 2138 557 2198 communiter
569 2143 722 2214 Doctores,
733 2141 801 2218 quia
810 2138 954 2218 poliusad
966 2140 1119 2199 fruetuum
1130 2149 1184 2210 per·
1241 2163 1242 2182 2

181 2219 359 2296 ceptionem,
375 2240 464 2299 quam
479 2227 517 2286 ad
531 2230 696 2290 naturalem
706 2230 776 2290 anni
794 2231 909 2306 lapsum
922 2227 1107 2304 respicitur(
1124 2228 1142 2296 l-

217 2372 252 2437 (l)
265 2373 356 2436 Quaeri
369 2375 413 2430 hie
427 2382 523 2444 potest,
544 2394 579 2432 en
600 2380 695 2434 locatio
711 2383 783 2434 fucta
794 2382 866 2435 ultra
877 2383 1036 2448 triennium,
1057 2395 1098 2435 ex.
1113 2393 1149 2446 gr.
1161 2375 1188 2426 td

181 2445 353 2512 novennium,
370 2448 467 2502 saltem
483 2451 648 2504 sustineatur
661 2453 695 2504 ad
710 2455 826 2519 primum
841 2455 1008 2507 triennium?
1023 2453 1136 2518 Quidam
1146 2449 1187 2500 llo·

186 2519 272 2568 ctoms
288 2517 424 2572 affirmant
441 2535 474 2574 ex
492 2537 523 2574 eo
541 2525 612 2588 juris
629 2525 772 2592 principio,
788 2525 859 2592 quod
879 2527 945 2577 utile
968 2539 1023 2577 non
1044 2521 1191 2582 vernunst
1237 2568 1244 2597 v

183 2586 256 2648 quod
275 2595 379 2642 tentum
396 2593 528 2653 irritetur,
542 2601 671 2659 quantum
685 2597 870 2662 prohibeatur.
889 2597 1074 2649 Nihilominus
1086 2607 1146 2648 vera
1159 2590 1191 2642 est

184 2659 317 2736 sententia
331 2666 465 2716 contraria
476 2665 511 2716 ob
524 2671 625 2719 textum
647 2681 804 2732 expressum
820 2669 848 2718 in
861 2670 905 2720 cit.
920 2669 1031 2720 Exirav.
1046 2665 1191 2722 amulum.

186 2739 215 2806 ,¹¹¹
230 2742 284 2794 qua
300 2734 395 2786 locatio
413 2736 485 2787 laets
505 2736 577 2788 ultro
598 2737 744 2810 triennium
762 2739 790 2790 in
808 2743 862 2791 tolo
880 2739 1011 2792 irritatur.
1028 2741 1081 2792 Hic
1094 2733 1191 2804 proinde

184 2796 258 2881 rllutl⁸
266 2801 339 2867 viget
356 2805 519 2873 principium
541 2827 548 2858 ε
570 2809 692 2862 alienans
714 2810 785 2876 quod
807 2811 960 2862 voluitnon
978 2800 1190 2876 poeniterent
1243 2857 1244 2862 ,

184 2872 281 2950 potuit.
292 2874 389 2942 noluit,
401 2893 461 2930 curn
476 2881 546 2932 ectio
559 2894 612 2932 non
624 2895 657 2932 ex
669 2881 798 2944 potentio,
813 2881 860 2933 sed
874 2895 908 2933 ex
921 2882 1057 2949 operantis
1070 2879 1193 2932 voluntate
1244 2881 1245 2886 ’

184 2938 347 2998 dimetiatur.
365 2947 459 3014 Neque
475 2954 565 3015 potest
578 2953 684 3003 admitti
705 2951 768 3004 illud
789 2957 1033 3017 temperamentum
1054 2966 1071 3004 s
1092 2949 1191 3016 quibus·

184 3007 247 3092 dam
261 3015 423 3084 invocatum,
439 3035 492 3086 quo
507 3023 674 3074 sustineatur
685 3023 780 3076 locutio
796 3023 865 3075 ultra
876 3023 1032 3088 triennium,
1048 3024 1072 3074 si
1085 3017 1191 3084 singula·

186 3095 224 3134 ris
243 3089 339 3150 pensio
354 3105 403 3156 pro
419 3107 582 3160 unoquoque
603 3106 672 3146 anno
687 3095 722 3147 sit
740 3094 892 3158 constituta,
907 3100 934 3146 et
950 3099 1068 3158 corruat,
1084 3093 1107 3144 si
1127 3090 1193 3167 unies

188 3159 283 3222 pensio
297 3173 346 3224 pro
361 3163 486 3214 omnibus
500 3166 579 3217 annis·
597 3167 632 3218 sit
645 3174 733 3231 pacta,
749 3167 814 3233 quia
828 3168 855 3218 in
869 3167 953 3234 priori
967 3181 1031 3219 casu
1044 3171 1149 3230 tempus
1160 3159 1192 3209 dl·

187 3228 297 3292 viditur,
312 3233 339 3282 in
354 3234 472 3285 seeundo
486 3249 549 3288 vero
569 3237 732 3290 indivisibile
745 3243 795 3290 est.
810 3237 903 3304 Neque
917 3238 1042 3292 similiter
1056 3238 1141 3305 potest
1153 3228 1192 3282 ed·

185 3301 254 3352 mitti
273 3302 347 3353 aliud
362 3303 475 3354 aliorum
491 3312 741 3374 temperamentum,
761 3325 813 3375 quo
833 3312 927 3363 locatio
947 3312 982 3361 sit
1003 3310 1121 3360 invalida
1141 3305 1193 3355 sim·

186 3371 299 3434 pliciter
310 3375 377 3424 facte
397 3375 430 3424 ad
444 3380 617 3442 novennium,
633 3385 660 3432 et
674 3383 709 3432 sit
720 3382 819 3440 valide,
831 3384 853 3433 si
868 3384 957 3435 fiatad
970 3383 1129 3435 novennium
1145 3387 1192 3428 cuni

187 3447 263 3504 pacto
279 3443 353 3492 illum
366 3459 528 3510 unoquoque
542 3449 658 3502 triennio
672 3453 826 3504 renovandi.
838 3455 906 3506 Nam
922 3457 947 3506 in
962 3459 1077 3520 utroque
1087 3453 1196 3502 bootem·

188 3521 353 3591 Ρβΐᾶῑῃθΰῑθ,
366 3514 407 3565 vel
421 3521 482 3580 post
493 3519 636 3572 triennium
649 3521 742 3575 locatio
755 3525 843 3578 sdhuc
855 3533 895 3578 est
904 3527 1073 3592 obligatorias
1084 3523 1127 3574 vel
1139 3531 1195 3572 uon:

190 3593 214 3629 si
229 3582 386 3664 seeundum.
403 3583 497 3635 locatio
512 3595 553 3638 est
570 3590 650 3653 licita,
668 3597 732 3658 quia
746 3611 789 3648 res
804 3597 994 3651 ecclesiastice
1014 3599 1121 3649 manent
1137 3592 1195 3643 libs·
1244 3635 1245 3638 ,

192 3664 248 3708 τως
267 3665 291 3702 ss
312 3655 438 3717 primum,
454 3657 551 3708 locatio
567 3665 608 3711 ret
627 3665 772 3726 prohibito,
796 3670 856 3734 qaia
880 3684 923 3722 res
945 3669 1129 3723 ecclesiastice
1151 3665 1196 3715 evi·
1244 3669 1245 3672 ’
