2494 4062
639 72 764 127 ..p-

215 201 256 256 De
271 194 362 254 rebus
381 192 591 257 ecclesiasticis
605 195 702 268 ampla
724 201 753 252 et
775 191 868 252 mixta
889 177 975 252 nobis'
990 197 1036 252 est
1049 208 1117 252 cum
1130 193 1205 252 The·

184 282 295 359 elegis,
320 289 350 342 et
379 299 448 342 cum
472 281 692 342 iurisconsultis
719 281 867 350 tractatio.
893 287 927 340 nt
953 296 1021 340 cum
1047 280 1144 342 omnia
1173 282 1204 340 in

179 390 241 434 uno
261 389 353 448 opere
373 370 538 446 constringi
561 378 721 447 nequeant,
745 371 783 430 de
804 370 850 429 his
863 370 954 429 rebus
972 386 1008 429 ea
1021 375 1144 443 tantum,
1160 370 1203 428 uti

180 463 276 533 decet,
292 477 488 537 exponemus,
501 477 567 536 quae
578 460 713 520 canonici
725 457 781 518 fori
794 467 920 535 possunt
931 457 1063 518 excitare
1076 460 1202 535 praxim.

180 555 215 611 ut
228 550 324 628 primo
338 549 426 611 nobis
441 566 473 609 se
489 549 618 610 offerunt
632 547 772 608 Ecclesiae
787 553 983 611 sacramenta.

211 689 247 754 (l)
259 688 314 739 Res
328 686 518 748 ecclesiasticen
532 684 723 738 eDoctoribus
737 685 816 755 juxte
825 685 898 750 juris
911 685 997 738 civilis
1009 687 1142 754 principie
1154 687 1204 738 ad-

180 761 233 812 huc
247 759 404 811 dividuntur
420 759 448 808 in
461 771 505 808 res
518 755 708 822 incorporales,
727 769 789 821 quae
811 756 894 821 tangi,
910 761 936 808 et
949 757 1035 808 videri
1057 771 1112 809 non
1139 771 1204 823 pos·

179 835 252 894 sunt,
262 835 293 882 ut
304 830 569 888 servituteseensus.
589 829 639 880 stc.
655 840 717 892 que
726 827 825 892 injure
835 827 993 890 consistunt,
1008 830 1036 880 et
1045 827 1203 892 corporales,

179 915 241 969 quae
254 901 337 968 tangi,
360 904 391 952 ut
403 899 489 951 videri
505 902 627 963 possunt.
648 901 680 950 nt
700 912 806 958 aurum,
824 898 916 962 uestis,
938 901 999 959 ete..
1012 913 1074 964 quae
1093 913 1204 964 corpore

178 975 315 1025 constent:
330 973 395 1024 item
409 971 436 1021 in
450 969 608 1034 imnwortcs,
623 982 684 1035 quea
697 969 726 1020 in
740 968 797 1020 solo
810 968 968 1030 consistunt,
984 970 1025 1022 vel
1039 971 1096 1022 selo
1111 971 1205 1022 adhe·

179 1047 249 1104 rent,
266 1047 292 1096 et
303 1041 420 1106 arabiles,
433 1055 495 1108 quae
509 1040 550 1092 vel
562 1053 612 1106 per
623 1053 660 1104 se,
677 1040 720 1092 vel
740 1054 789 1105 per
802 1041 914 1092 alterius
934 1043 1083 1106 polentiam
1100 1043 1204 1094 incolu-

178 1129 237 1168 mes
247 1115 281 1166 de
291 1115 350 1166 loeo
365 1114 393 1166 in
409 1113 498 1166 locum
511 1113 626 1178 possunt
640 1112 791 1172 transferri,
806 1126 921 1178 querum
943 1117 1087 1179 propterea
1100 1113 1161 1165 alie
1176 1127 1203 1166 sc

176 1189 318 1250 moventes,
334 1189 360 1238 et
383 1185 445 1236 aliae
458 1183 618 1249 simpliciter
632 1183 740 1236 mobiles
757 1184 937 1249 appellantur.
957 1189 984 1236 et
1007 1199 1122 1250 quarum
1140 1185 1203 1237 aliae

177 1259 304 1310 dicuntur
316 1255 468 1322 funpibtlcs,
482 1255 546 1318 quia
558 1268 610 1306 usu
625 1256 715 1306 statim
730 1258 933 1320 consumuntur,
947 1261 978 1307 nt
995 1256 1097 1317 vinnm,
1113 1256 1204 1308 oleum

176 1333 238 1394 etc,
253 1335 280 1381 et
292 1329 353 1379 nliae
375 1339 430 1378 non
441 1323 592 1390 sunptlilee
607 1325 671 1390 quia
685 1339 739 1376 usu
761 1326 852 1376 statim
874 1339 927 1378 non
950 1329 1152 1390 consumuntur,
1172 1331 1203 1378 ut

177 1414 273 1468 equus,
288 1399 399 1456 dolium,
414 1399 485 1448 etc:
505 1395 570 1446 item
584 1396 725 1455 insumas,
740 1409 801 1461 quse
819 1397 875 1449 Deo
895 1403 1058 1450 consecrate
1070 1403 1140 1457 sunt,
1155 1400 1204 1449 eut

177 1485 227 1537 per
240 1484 279 1532 se,
293 1472 323 1520 ut
337 1469 496 1520 Sanctorum
506 1466 639 1531 reliquiae,
647 1471 694 1516 aut
707 1480 757 1531 per
768 1467 889 1532 episcopi
899 1469 1136 1528 consecrationem,
1149 1469 1201 1520 sic-

177 1545 207 1593 ut
221 1540 353 1602 ecclesiae,
366 1542 393 1589 et
407 1539 519 1598 altarin3
542 1537 571 1586 in
583 1539 699 1602 sanctas,
715 1551 777 1602 qum
798 1539 832 1588 ab
853 1539 992 1591 hominurn
1015 1539 1121 1604 injuriis
1140 1554 1202 1604 poe-

176 1613 233 1664 nali
248 1612 384 1663 sanctione
397 1608 586 1672 defenduntur,
600 1607 679 1658 sicuti
695 1607 826 1669 ecciesiae,
837 1623 907 1674 quse,
923 1611 947 1661 si
963 1603 1127 1662 consecratae
1148 1613 1204 1662 sint

176 1690 355 1740 sacrosanctae
378 1679 557 1748 appellentur,
571 1680 610 1730 uli
625 1679 742 1738 inerunt,
758 1681 902 1744 appellatae
921 1682 955 1732 ab
970 1683 1068 1748 imper.
1084 1682 1203 1733 Juslini-

177 1769 228 1807 ano
242 1757 270 1804 in
279 1753 356 1806 titulo
371 1752 472 1803 codicis
487 1751 520 1802 de
535 1751 713 1802 sacrosanctis
727 1751 848 1802 ecclesiis
860 1769 866 1812 ;
879 1757 905 1802 et
914 1751 1023 1804 demum
1037 1753 1066 1803 in
1094 1753 1202 1819 reliq-io·

176 1841 229 1890 sas,
246 1839 307 1892 quae
328 1823 410 1876 alicui
434 1821 692 1874 ecclesiasticousni
717 1821 891 1885 deputentur,
904 1825 944 1874 uti
963 1830 1026 1874 sunt
1040 1825 1199 1889 sepulturae,

177 1897 339 1960 coemeteria,
356 1899 383 1946 et
404 1895 470 1958 loco,
486 1893 542 1944 sive
566 1894 661 1943 domus
681 1892 823 1956 religiose,
839 1893 872 1944 de
889 1895 988 1960 quibus
1008 1896 1098 1958 agitur
1116 1898 1144 1946 in
1166 1897 1201 1948 ti·

175 1969 232 2020 tulo
247 1968 280 2019 de
294 1966 428 2031 religiosis
442 1965 575 2014 domibus.
589 1963 653 2014 Istae
674 1977 717 2014 res
731 1977 793 2029 quae
809 1965 862 2014 Deo
882 1970 945 2016 sunt
958 1965 1064 2024 dicatae,
1079 1967 1129 2018 Dei
1142 1969 1201 2018 vel-

175 2041 216 2092 uti
232 2039 328 2104 portio,
344 2042 371 2088 et
386 2035 579 2102 patrimonium
599 2035 767 2094 efficiuntur3
781 2035 894 2100 ideoque
913 2041 1050 2102 tamquam
1064 2043 1141 2088 extra
1155 2039 1203 2091 ho·

175 2112 278 2162 minum
300 2107 490 2160 commercium
512 2105 609 2172 positae
628 2107 690 2170 jure
710 2105 845 2166 Gentium,
869 2107 999 2172 Romano,
1019 2112 1046 2160 et
1070 2111 1201 2162 canonico

107 2177 109 2184 '
175 2182 320 2243 hahentur,
335 2179 373 2231 ite
387 2182 476 2239 utnee
490 2177 518 2228 in
537 2177 652 2242 aiicujus
667 2177 746 2228 honis
762 2190 822 2228 esse
835 2185 946 2242 queunt,
962 2192 1012 2231 nee
1026 2177 1122 2232 usibus
1137 2195 1201 2248 pro-

174 2249 244 2311 lenis
261 2251 354 2310 dicari,
370 2263 419 2302 nec
431 2263 485 2316 per
499 2251 574 2299 actus
584 2245 659 2298 inter
671 2247 755 2315 vivos,
770 2251 817 2298 aut
830 2262 879 2315 per
894 2253 968 2302 ectus
983 2251 1084 2302 ullimae
1101 2253 1222 2304 volum·

173 2324 267 2376 tetise
287 2322 417 2386 religione
435 2319 590 2380 evellisse
605 2319 713 2384 proprio
728 2320 835 2371 nomine
854 2321 889 2372 ab
912 2321 1003 2389 eliqua
1014 2325 1136 2390 usucopi
1152 2327 1202 2377 aut

161 2394 315 2464 possideri.
329 2391 459 2446 Gonzclez
473 2391 507 2444 nd
519 2404 577 2457 cap.
595 2389 618 2456 1,
632 2390 665 2442 de
679 2389 784 2456 pigner.
801 2405 828 2444 n.
844 2393 868 2445 8.

187 2562 188 2566 ’
206 2573 269 2632 eol.
285 2572 510 2630 Sacramentum
532 2583 550 2626 e
574 2571 664 2628 Sacro
684 2573 889 2644 nuncupatum
900 2586 956 2646 pro
970 2571 1166 2650 jurejurando
1182 2589 1201 2634 a

171 2659 306 2722 civilibus
327 2663 529 2719 Romanorum
549 2655 664 2732 legibus
685 2655 834 2717 interdum
853 2659 989 2735 sumitur,
1013 2667 1043 2721 et
1067 2679 1084 2720 a
1105 2662 1201 2722 sacris

170 2745 331 2824 scripturis
343 2746 492 2806 interdum
512 2762 568 2821 pro
581 2743 735 2820 mysterio,
751 2745 813 2806 sive
826 2763 860 2806 re
874 2765 1000 2821 arcena3
1019 2749 1132 2810 sedhic
1146 2757 1200 2812 lic·

171 2837 268 2906 clesiae
288 2840 510 2896 Sacramentum
529 2841 572 2897 cst
588 2835 709 2910 sienem
721 2835 855 2896 sensibile
867 2838 970 2910 pretia
988 2838 1143 2900 invisibilis
1159 2843 1201 2901 acl

170 2933 307 2986 nostram
318 2925 562 3002 justificationem
579 2941 598 2983 o
616 2925 686 2984 lesu
707 2923 821 2983 Christo
843 2925 1026 2985 inclitorum.
1047 2931 1145 2999 Quare
1160 2931 1203 2990 ed
1221 2991 1222 3002 ,

170 3019 394 3076 Sacramentum
407 3010 648 3074 constituendum
662 3012 718 3072 tria
731 3011 932 3088 requiruntur,
948 3031 1057 3092 nempe
1072 3036 1078 3074 :
1095 3016 1201 3078 divina

132 3097 134 3100 ’
170 3101 314 3163 institutio
329 3097 486 3174 achmete,
502 3099 609 3161 divinae
626 3101 729 3176 gratiae
743 3101 871 3176 collatio,
887 3103 936 3162 vel
950 3103 1015 3178 ejus
1028 3103 1199 3166 ineremen-

168 3199 233 3253 lum
247 3209 287 3252 ex
300 3207 391 3267 opere
406 3195 530 3266 operato
545 3206 601 3265 pre
616 3206 662 3262 eo,
677 3190 729 3266 qni
749 3194 972 3251 Sacramentum
994 3193 1110 3270 recipit,
1127 3211 1198 3271 gre-

170 3280 276 3358 tiaeque
290 3277 407 3340 obicem
429 3295 491 3337 non
513 3277 610 3354 ponit3
626 3285 657 3339 et
675 3277 794 3355 signum
807 3279 954 3356 sensibile,
971 3283 1052 3358 quod
1066 3283 1200 3359 gratiam

169 3370 313 3447 designet,
329 3375 359 3429 et
372 3369 499 3428 confert.

202 3465 365 3536 Propterea
381 3456 518 3518 Ecclesiae
538 3461 730 3530 Sacramenta
744 3455 885 3519 differunt
899 3476 917 3518 a
932 3461 1131 3546 sacramentis
1147 3481 1201 3526 an·
