2494 4062
471 105 615 160 -63-

87 225 184 290 (hirid.
198 225 270 278 Sese.
286 225 326 288 at,
342 241 366 278 c.
386 225 424 290 10,
438 227 472 278 de
486 228 533 279 rar.
551 227 729 280 «Benedictio
743 229 832 280 autem
843 228 1008 293 nuptiarum,
1018 231 1058 284 ait

64 297 142 351 «card.
156 297 253 362 angue,
264 299 294 347 in
304 311 334 348 eo
349 298 399 348 site
415 303 464 362 est,
478 305 507 348 ut
523 299 660 350 Paroohus
673 305 813 366 postquam
828 300 945 364 Sponsos
957 302 983 352 in
998 317 1057 354 rna-

62 369 214 420 «trinonium
238 369 528 434 legitimeconjunnit,
550 371 662 421 Sacrum
685 373 803 421 votivum
833 385 880 436 pro
904 386 1003 438 sponso
1029 377 1058 426 et

60 453 160 504 :sponsa
177 439 269 503 iaciat,
296 443 342 490 aut
363 441 387 492 si
410 442 513 492 ratione
536 443 701 493 occurrentis
720 443 860 502 Dominici,
875 450 922 495 aut
944 445 1056 498 atterius

57 512 125 563 «sesti
138 511 187 562 diei
203 525 315 562 sacrum
333 512 401 562 iliud
414 513 532 563 votivum
545 513 603 563 ficri
618 517 742 580 nequeat,
757 515 867 566 missam
884 516 1003 568 celebret
1022 517 1056 570 da

58 583 112 632 odie
123 583 267 646 Dominico,
286 597 336 634 seu
350 582 428 641 sesto,
443 585 520 649 eique
543 584 691 636 orationem
712 598 761 649 pro
782 599 891 652 sponso,
905 593 932 638 et
946 601 1055 656 sponsa,

57 653 176 718 «aliasque
197 667 245 717 pro
269 653 459 705 benedictione
480 654 583 720 sponsi,
601 660 629 706 et
644 669 750 722 sponsae
772 670 867 721 preces
882 659 1055 724 superaddat.

58 725 151 788 «laque
165 725 324 790 nuptiarum
338 725 489 776 benedictio
504 725 561 776 heri
573 727 668 791 nequit
676 729 730 778 toto
745 727 839 779 feriato
852 733 973 794 tempore
985 749 992 789 ;
1002 744 1056 782 non

58 799 160 844 creatur
175 802 268 846 tamen
284 797 421 860 parochus
437 799 545 848 missam
567 799 700 848 currentis
720 798 785 862 dici,
799 800 906 850 omissis
918 801 1056 864 praedictis

56 865 226 927 rorationibus
242 872 271 917 et
285 867 423 931 precihus,
438 867 585 924 celebrare.
600 873 681 933 atque
695 869 775 920 etiam
791 883 913 936 sponsus
927 873 950 924 si
967 873 993 922 id
1007 887 1054 924 ex-

55 941 174 1001 ·poscant,
193 937 386 988 Eucharistiae
403 937 473 1001 dape
495 939 614 990 reticere.
634 941 670 990 At
689 939 803 990 invaluit
822 942 985 993 cousuetudo
999 943 1055 994 iere

53 1025 61 1052 t
74 1008 212 1067 communie,
227 1015 260 1058 ut
275 1009 420 1074 parochus,
434 1009 531 1060 seriata
544 1017 674 1074 tempore,
687 1011 790 1075 nuptiis
804 1025 858 1062 nou
873 1014 991 1074 assistat,
1003 1014 1056 1064 nisi

53 1077 171 1142 «primum
185 1080 220 1130 ab
233 1081 372 1146 Episcopo
388 1079 494 1130 veniam
510 1082 703 1144 impetraverit,
718 1099 728 1126 r
746 1082 812 1132 Inst.
819 1083 875 1146 jur.
891 1083 958 1147 priv.
973 1082 985 1148 ἕ
1003 1085 1054 1136 172.

52 1147 129 1198 Causas
139 1154 225 1201 nutem
237 1151 341 1216 justas,
353 1151 387 1202 oh
402 1163 469 1215 quas
485 1151 645 1216 Episcopus
661 1155 718 1202 tuta
733 1153 906 1214 conscientie,
924 1153 993 1206 hanc
1009 1169 1055 1206 ve·

50 1219 103 1268 uiam
115 1219 249 1284 indulgere
261 1225 361 1285 potest,
373 1229 512 1272 enumerat
524 1221 689 1272 Monaceilus
701 1223 804 1288 parti,
818 1226 836 1274 t.
851 1226 874 1286 8,
889 1225 939 1276 sor.
951 1227 975 1283 8,
989 1239 1016 1276 n.
1031 1227 1054 1285 5,
1112 1233 1116 1242 “

51 1295 70 1338 et
82 1289 238 1343 Borirffatdus
261 1293 297 1342 ad
319 1293 372 1342 tut.
392 1292 467 1342 Rom.
488 1293 526 1344 iit.
543 1293 583 1354 hl,
598 1307 624 1343 n.
643 1294 695 1357 198,
710 1295 757 1358 qui
777 1293 879 1356 dicunt,
893 1295 1055 1358 Episcopum

51 1373 95 1410 csse
112 1361 204 1413 dehere
221 1363 344 1427 rigidum
362 1363 389 1412 in
405 1363 596 1428 dispensando.
611 1363 744 1415 Caeterum
767 1364 826 1416 haec
845 1379 934 1416 causae
954 1367 1056 1418 effidem

51 1429 91 1481 iare
102 1439 164 1492 sunt,
180 1447 242 1498 quae
265 1434 443 1498 recluiruutur
463 1434 497 1484 ad
511 1434 725 1498 dispensandum
744 1449 825 1498 super
840 1435 1054 1488 denunciationi-

50 1499 94 1564 hus,
109 1502 251 1568 dequibus
277 1506 356 1555 inira.
373 1533 398 1540 -
412 1505 459 1568 iit
475 1507 546 1555 Sese.
562 1505 602 1563 tt,
619 1519 640 1556 c.
660 1506 694 1556 il.
711 1533 742 1542 -
756 1507 790 1569 (3)
808 1507 871 1572 Cap.
887 1508 948 1559 3do
965 1508 1051 1559 claud.

51 1569 148 1638 despons.
159 1576 209 1626 Sed
221 1576 282 1626 haec
293 1576 440 1640 prohibitio
452 1576 510 1627 fleri
522 1577 660 1640 praecipue
670 1581 759 1639 potest
772 1590 788 1626 a
801 1590 905 1629 summo
914 1579 1053 1642 Pontidca,

51 1654 94 1704 qua
106 1645 124 1694 si
138 1646 169 1696 ab
186 1647 284 1698 eodem
300 1647 424 1698 tintcum
440 1648 547 1699 decreto
571 1649 703 1708 irritante,
721 1648 821 1698 nedum
838 1649 948 1713 illicitae,
966 1651 1013 1700 sed
1028 1653 1055 1702 st

51 1711 188 1767 irritationi
201 1721 308 1784 nuptiae
322 1735 328 1776 ;
343 1717 365 1768 si
388 1733 450 1770 vero
468 1721 513 1769 liat
529 1718 699 1782 simpliciter,
714 1720 817 1786 nuptiae¹
833 1719 930 1771 icatidas
945 1721 1054 1786 quidam

50 1791 102 1842 suut,
121 1789 163 1837 sed
181 1788 296 1840 illicitae.
313 1789 458 1840 Decretum
479 1803 543 1841 vero
559 1790 694 1856 Episcopi,
710 1803 906 1856 quamcumque
920 1794 1055 1844 contineat

51 1854 180 1916 clausulam,
200 1873 353 1925 numquam
375 1861 467 1911 irritus
493 1861 582 1910 reddit
604 1863 722 1925 nuptiae,
739 1861 786 1911 sed
810 1867 914 1912 tautum
934 1863 1051 1917 iiticitas.

50 1923 108 1976 Unde
121 1941 135 1977 a
149 1933 174 1978 S.
188 1930 406 1994 congregatione
422 1931 562 1981 definitum
582 1931 641 1990 suit,
662 1933 754 1984 vaicra
772 1935 974 1985 matrimonium
988 1949 1049 1986 cou-

49 1997 139 2048 hactum
152 2013 242 2051 coram
262 2000 391 2066 parocho,
405 2001 449 2052 cui
464 2001 636 2052 interdictum
648 2008 690 2053 est
708 2003 742 2053 ah
758 2005 901 2068 Episcopo,
916 2019 950 2055 ne
967 2005 1052 2056 inter-

49 2069 123 2120 veniat.
136 2097 163 2108 -
175 2071 211 2137 (t)
222 2073 288 2138 Cap.
304 2073 319 2122 3
334 2077 361 2124 et
374 2074 397 2123 a.
409 2072 461 2134 Qui
475 2072 542 2124 cler.
555 2071 599 2125 vel
613 2087 670 2126 voc.
686 2079 713 2124 et
727 2088 787 2140 cap.
804 2076 824 2134 1,
839 2075 873 2126 de
887 2081 941 2127 vot.
955 2076 984 2126 in
996 2077 1020 2127 6.

74 2237 123 2295 itt.
136 2237 193 2298 iiia
207 2246 311 2300 tamen
325 2240 412 2316 ptura
427 2240 473 2300 his
491 2248 619 2318 quatuor
637 2241 793 2301 recensitis
810 2259 848 2301 ex
863 2243 937 2318 legis
951 2243 1053 2319 dispo·

49 2320 139 2400 sitione,
160 2335 189 2388 et
209 2346 249 2388 ex
272 2329 424 2388 communi
446 2329 534 2404 praxi
547 2329 736 2406 adjungenda
754 2337 823 2390 sunt
844 2331 1053 2406 impedimenta

49 2414 241 2478 matrimonium
266 2417 468 2493 impedientia,
486 2417 530 2477 uti
552 2424 598 2477 est
617 2416 750 2491 haeresis,
771 2418 927 2478 dissensus
945 2437 1053 2496 paren-

49 2501 102 2572 iun,
115 2504 241 2566 deiectus
255 2513 350 2566 status
364 2506 458 2579 libari,
478 2505 646 2582 ignorantia
662 2508 878 2567 elementorum
897 2507 976 2581 fidei,
992 2515 1052 2568 sta-

50 2589 406 2667 hsexmmmnnicationis,
421 2601 472 2654 aut
485 2594 602 2655 lethalis
615 2595 791 2669 peccati-et
800 2596 922 2655 omissio
937 2596 1052 2656 denun-

50 2672 189 2756 ciatiouum,
210 2684 250 2743 de
273 2700 333 2758 qua
353 2699 475 2758 agemus
498 2683 583 2742 inira.
606 2683 730 2742 Heresis
745 2683 785 2743 ita
800 2685 912 2761 praebet
924 2684 1050 2761 impedis

49 2774 162 2842 uentum,
176 2777 209 2830 ut
224 2771 390 2840 catholicas
410 2779 538 2848 nequeat
557 2773 668 2832 ducere
683 2773 861 2845 haereticam,
885 2775 933 2834 vel
947 2776 1051 2836 catho-

50 2848 89 2910 lica
106 2855 238 2920 heretico
263 2861 394 2931 nubere;
410 2861 490 2936 quod
511 2860 566 2921 suit
583 2879 601 2919 a
620 2860 711 2920 sacris
726 2862 890 2922 canonibus
905 2869 1051 2924 statutum

50 2939 252 3008 donandam
276 2948 412 3008 catholici
432 2965 501 3008 cum
524 2949 664 3008 haeretico
692 2943 993 3010 communicationem
1019 2953 1048 3012 iu

51 3028 117 3090 rebus
130 3037 227 3111 sacris,
243 3036 286 3096 uti
300 3045 346 3097 est
358 3033 590 3111 matrimonium,
615 3037 652 3096 ad
674 3038 867 3098 avertendum
884 3039 1050 3114 periculum

50 3122 219 3185 perversicuis
242 3123 272 3182 iu
293 3125 440 3184 catholico
456 3130 592 3202 conjuge,
615 3127 815 3200 damnumque
829 3127 926 3203 impiae
939 3129 1048 3188 educa-

51 3199 153 3268 tionisin
167 3213 316 3272 nascitura
334 3213 438 3273 sobole
462 3219 513 3285 (t).
533 3213 787 3290 Dispensationem
801 3216 838 3275 ah
853 3217 910 3275 hoc
923 3216 1049 3290 impedi-

51 3302 127 3354 ueuto
138 3316 194 3358 uon
208 3301 382 3378 Episcopus,
392 3303 446 3362 sed
459 3303 540 3362 scius
551 3319 684 3362 summus
698 3303 833 3362 Pontifex
849 3305 1004 3374 concedit(
1024 3309 1045 3376 ),

54 3379 326 3450 quiadhucnonsolet
335 3390 518 3466 dispensare,
528 3391 631 3452 nisiex
641 3391 948 3468 gravissimaurgeute
956 3409 1046 3450 causa

54 3466 182 3538 adhesum
197 3479 360 3558 publicum,
381 3496 451 3541 oum
461 3482 584 3556 ,cautela
598 3487 721 3544 remotae
736 3480 945 3559 perversionis,
960 3495 1042 3540 cum-
