2494 4062
393 691 594 773 TITULUS
620 692 678 774 VI.

313 911 351 954 uit
368 911 538 958 utraruoull
556 911 766 958 IMPEDOEEMIS.

67 1073 178 1132 Sturam!
190 1101 197 1132 ι
209 1080 263 1134 358.
275 1047 440 1148 impedimerito
451 1083 588 1136 matrimonii
601 1087 654 1136 mni
667 1083 819 1150 impedientia,
829 1083 865 1136 rel
878 1081 1012 1135 dirimentis.
1027 1111 1055 1124 -

89 1149 131 1200 359.
142 1151 191 1211 Qua
203 1154 351 1220 impedientia
364 1169 391 1206 ex
401 1156 453 1220 jure
469 1153 621 1226 antiquom-7
635 1157 689 1208 360.
705 1156 761 1216 Qum
773 1170 800 1206 ea
811 1155 863 1220 jura
876 1155 954 1214 novo?
970 1156 1055 1208 -3dt.

87 1218 267 1288 lnimprdimento
281 1227 376 1278 baeresis
393 1228 456 1279 solus
469 1227 531 1292 Papa
548 1228 671 1294 dispensat.
686 1256 716 1267 -
730 1227 784 1278 362.
802 1226 922 1280 uissensus
942 1230 1059 1292 parentum

88 1289 145 1357 obest,
156 1296 191 1347 sod
205 1311 252 1349 nou
261 1297 337 1348 irrimt
348 1299 524 1350 matrimonium.
537 1327 568 1336 -
582 1300 636 1350 363.
652 1299 710 1358 Quid
723 1300 753 1350 sit
761 1302 833 1350 status
846 1298 909 1362 liber,
919 1298 1008 1364 qnando
1020 1311 1058 1350 ra-

88 1363 176 1428 umor,
191 1373 214 1418 et
229 1369 348 1434 quomodo
367 1369 513 1420 conficiatur?
527 1397 555 1408 -
574 1369 628 1420 aot.
643 1370 771 1434 ignorantia
783 1370 941 1434 mysteriorum
954 1369 1017 1434 ddai,
1026 1373 1056 1420 et

87 1437 145 1488 satus
165 1439 402 1491 excommunicationis
415 1443 543 1507 peccatique
554 1441 642 1493 lethalis
654 1442 747 1505 impedit
762 1441 938 1492 matrimonium.
958 1441 1058 1493 --aoa

88 1507 104 1554 t
122 1521 160 1571 quo
176 1510 226 1574 jure
245 1511 413 1565 constituantur
429 1513 587 1578 impedimenta
609 1512 744 1572 dirimentis,
765 1515 788 1562 et
807 1517 862 1576 quot
877 1512 941 1564 sinti
953 1513 1059 1564 -ddd

87 1573 144 1628 Error
155 1579 209 1632 circa
227 1596 353 1648 personam
369 1583 444 1634 irritat
463 1584 638 1646 matrimonium,
652 1597 700 1634 non
715 1582 845 1648 regulariter
859 1597 922 1634 orror
936 1583 994 1635 eirca
1009 1597 1060 1649 per·

88 1660 138 1700 sona
154 1653 278 1716 qualitates.
299 1681 327 1691 -
349 1651 403 1706 367.
422 1653 481 1713 Quid
498 1655 528 1704 sit
541 1655 639 1706 conditio
656 1653 752 1719 servilis,
769 1658 792 1706 at
812 1669 842 1704 an
857 1655 930 1710 inritet
942 1654 1058 1708 matrimo-

88 1719 246 1776 munt-368.
259 1723 320 1784 Quid
330 1725 428 1777 conditio
436 1725 541 1786 verbalis,
553 1730 575 1776 et
586 1725 724 1791 quotuplex?
733 1753 763 1762 -
774 1725 828 1776 369.
840 1724 894 1784 Qua
904 1722 1060 1778 sintteuendm

15 1823 17 1836 .
88 1793 225 1847 conduaiones
243 1797 274 1848 da
293 1796 446 1861 sponsalibus,
460 1801 484 1848 et
496 1798 639 1849 matrimonio
657 1797 866 1848 conditionato‘l-
878 1797 934 1850 370.
956 1797 1014 1857 Quo
1031 1797 1061 1850 sit

15 1881 16 1886 ¹
88 1865 160 1928 comm,
172 1867 296 1932 siquando
309 1868 477 1921 matrimonium
487 1869 593 1934 impediat
605 1869 641 1920 vel
649 1867 754 1920 dirimat?

92 2024 143 2083 tta.
161 2027 307 2104 Quidquid
320 2027 509 2088 matrimonio
532 2027 627 2102 obest,
650 2045 688 2088 ne
701 2027 789 2100 licite,
812 2033 864 2087 aut
877 2026 973 2088 valide
989 2043 1060 2088 con-

68 2111 185 2189 trahatur,
198 2119 264 2193 ejus
287 2115 532 2192 hupedImentum
545 2116 660 2175 dicitur.
678 2117 752 2176 ilinc
766 2116 973 2192 impedimenta
988 2112 1061 2176 divi-

15 2211 16 2246 t
68 2193 191 2266 luuntur:
211 2205 242 2266 in
259 2223 343 2266 mere
356 2206 554 2282 impedientia,
569 2223 635 2281 quae
650 2205 778 2278 obstant,
792 2222 830 2265 ne
843 2204 1063 2265 matrimonium

15 2295 16 2380 q
68 2283 127 2348 licite
137 2295 335 2368 contrahatur,
351 2295 404 2354 sed
418 2301 605 2354 contractum
618 2311 678 2354 non
694 2300 819 2370 possunt
832 2293 964 2366 irritare;
982 2301 1012 2353 et
1031 2291 1063 2351 im

70 2373 224 2458 dirimendo,
249 2401 317 2460 quae
337 2385 447 2444 uadum
472 2385 600 2456 obstant,
623 2400 662 2444 ne
680 2382 760 2443 licite
782 2383 982 2453 contrahatur,
1009 2381 1063 2442 scd

70 2475 229 2532 contractum
240 2473 366 2544 nantium,
381 2472 556 2548 irritumque
570 2473 708 2532 reddunt.

95 2558 145 2616 359.
161 2561 202 2619 Ad
222 2561 434 2637 impedimenta
457 2568 572 2621 tantum
589 2559 777 2636 impedientia
796 2559 867 2618 olim
880 2556 1064 2618 referebatur

71 2646 246 2721 mtcrbismna
262 2649 324 2708 sive
336 2650 385 2708 ille
399 2657 492 2721 actus,
509 2667 568 2724 quo
582 2649 648 2724 quis
658 2666 713 2724 pro
728 2648 838 2706 infante
849 2648 911 2722 jam
927 2645 1062 2722 privatim

71 2727 203 2810 baptizato,
214 2738 305 2798 ueluti
318 2739 348 2796 in
359 2755 482 2798 munere
494 2737 602 2814 patrini
613 2737 759 2796 sacerdoti
774 2731 930 2811 baptizanti
940 2751 1064 2810 respon-

71 2817 114 2893 det,
127 2824 192 2884 dum
206 2827 236 2885 in
257 2827 364 2887 eodem
377 2825 485 2885 intanto
499 2819 647 2886 solemnes
665 2826 840 2901 supplentur
853 2823 989 2898 baptismi
1002 2841 1064 2884 ooa-

71 2914 198 2985 remoniae,
212 2915 262 2990 qui
286 2931 345 2974 non
367 2914 514 2989 baptismi,
538 2914 591 2974 sed
605 2912 775 2974 catechismi
795 2911 929 2988 patrinus
947 2912 1064 2974 dicitur.

71 2997 95 3052 lu
106 3000 201 3062 mdem
216 3021 306 3063 causa
319 3011 384 3063 erat
395 3003 466 3063 olim
489 3003 629 3093 splemnis
642 3001 816 3091 poenitentia
834 3013 957 3078 propter
970 3001 1065 3077 publi·

72 3088 272 3152 candelarum
287 3098 444 3168 suscepta,
461 3101 490 3151 et
505 3099 590 3152 eraut
599 3092 733 3167 quaedam
743 3090 877 3166 graviora
890 3091 1021 3163 crimina,
1035 3096 1068 3151 ut
1146 3167 1150 3176 ,

72 3167 191 3252 incestus,
209 3187 312 3256 raptus
336 3179 439 3240 alienae
462 3196 590 3255 sponsae,
604 3178 775 3239 interiectio
787 3178 899 3255 proprii
921 3177 1066 3255 conjugis,

73 3267 201 3341 useeptto
214 3267 341 3346 propniae
359 3267 469 3329 sobolis
481 3269 510 3327 iu
527 3267 692 3344 baptismali
708 3269 799 3342 sonte,
818 3267 927 3328 occisio
942 3268 1068 3343 presby·

15 3399 17 3444 ᾗ
75 3350 125 3424 teri,
136 3361 166 3414 et
175 3359 326 3420 attentatio
339 3356 518 3418 matrimonii
530 3373 600 3417 cum
612 3354 731 3417 moniali
745 3361 755 3428 (
774 3361 796 3428 ).
818 3362 854 3416 rt
867 3355 932 3414 haec
945 3353 1067 3430 impedi-

15 3509 16 3514 ,
74 3447 400 3524 menaperregem,ve1
423 3445 666 3509 consuetudinem
682 3445 800 3506 inerunt
813 3444 937 3518 sublata,
952 3449 986 3504 ut
998 3457 1066 3518 pas·

76 3523 261 3598 stitillationes
273 3543 428 3598 testantur.

181 3641 217 3694 11,
946 3632 964 3684 t
