2426 4070
561 59 704 114 ..gg-

130 185 227 262 prirno
244 183 304 241 dno
323 181 441 252 iratres,
464 180 494 240 in
518 179 651 239 secundo
674 179 880 254 duonepotaa
897 178 972 238 etin
989 179 1081 246 tertio
1099 181 1173 241 duo

129 279 318 351 pronepotes
339 270 477 330 Similiter
491 285 529 330 cx
547 273 615 328 ture
634 266 711 326 civiti
732 267 823 328 frater
843 274 873 326 ct
893 283 980 326 soror
996 269 1096 328 relate
1125 271 1173 330 ad

129 362 208 422 filios
221 357 328 430 fratris,
348 359 396 418 vel
410 356 524 416 sororis
542 363 588 416 est
610 355 642 415 in
662 355 759 426 tertio,
775 357 847 416 rium
861 373 900 414 ex
918 361 988 415 ture
1005 359 1170 417 canonico

131 456 177 510 cst
201 453 317 507 tantum
333 445 365 504 in
390 445 524 504 secundo
542 443 806 519 consanguinitatis
829 445 936 519 gradu.
965 449 1034 504 liaec
1054 446 1171 506 omnia

79 607 83 616 ‚
129 537 289 614 perspicua
302 534 384 608 flent,
404 533 429 593 si
449 533 600 592 studiosus
620 532 674 592 sibi
696 549 759 609 praa
784 533 878 592 oculis
901 540 993 609 ponat
1014 535 1171 594 arborem

132 622 415 699 Consonpninitatia,
430 639 521 698 quam
533 621 565 681 in
579 621 715 696 apposito
734 621 884 680 schemate
908 621 1027 681 tradunt
1045 627 1170 682 Docto-

128 729 179 774 res
199 704 251 782 (¹)ss
271 713 329 772 Sed
348 711 421 772 illud
440 709 561 770 omnino
581 709 779 783 retinendum,
804 709 886 786 quod
908 704 950 768 inv
963 709 1168 772 matrimonio

130 802 277 879 graduum
290 799 471 876 computatio
484 799 523 860 ad
533 799 661 858 formam
672 797 750 858 turis
764 798 902 859 canonici
916 805 961 860 ast
973 799 1127 861 iacienda.

161 949 197 1015 (t)
216 949 305 1000 Arbor
322 935 562 1011 consanguinitatis
581 945 736 998 authentica
754 945 896 998 exhibetur
914 945 943 996 in
956 947 1071 999 Decreta
1088 947 1165 1000 Gra·

132 1020 199 1072 tiani
221 1034 279 1071 can.
294 1021 320 1078 6,
340 1033 363 1071 c.
385 1020 424 1082 35,
440 1033 465 1084 q.
481 1019 504 1076 5.
522 1020 549 1070 at
565 1019 593 1068 in
615 1023 689 1069 sexto
714 1017 895 1069 Decretalium
918 1021 982 1082 post
1001 1018 1113 1069 titutum
1129 1019 1168 1072 de

132 1092 406 1216 lclcitcgnmsipgighcujus
419 1105 481 1144 cum
495 1091 521 1143 S.
537 1091 571 1142 da
587 1090 692 1156 Ligario
706 1090 723 1141 t.
737 1089 761 1149 6,
774 1103 801 1139 n.
819 1088 887 1153 tots,
898 1087 1032 1155 quoddam
1048 1089 1167 1143 schema

454 1254 557 1305 scantin
579 1253 839 1296 consalttsmnrrs'rts.

532 1337 544 1386 t
559 1336 634 1396 tharas,
646 1336 718 1388 theria.

139 1410 151 1459 t
164 1408 187 1459 1.
196 1409 315 1472 trapetum,
324 1411 343 1458 ct
354 1406 376 1457 Ι.
391 1407 490 1461 tramiti.
530 1409 543 1458 3
555 1408 642 1468 Prorsus,
655 1407 740 1460 tranis.
778 1406 828 1458 tr.
840 1405 1008 1467 Praamncntnal.
1019 1408 1167 1475 tributariam,

116 1529 119 1533 .
139 1481 188 1546 31,
197 1481 312 1538 Patrona-ct
324 1480 347 1530 Ι.
356 1479 423 1531 Inita.
531 1479 543 1528 3
557 1480 610 1539 irus,
624 1479 673 1528 tria.
779 1479 827 1530 st.
838 1480 944 1538 tinacrios,
953 1479 977 1529 Ι.
991 1478 1094 1531 lateritia.

138 1553 248 1612 histrus,
257 1549 322 1602 inita.
532 1551 543 1599 t
558 1550 618 1611 Pater,
632 1550 693 1600 later.
782 1551 914 1612 tirunculus,
929 1551 1032 1603 latericia.

135 1623 228 1672 ttratcr.
334 1633 339 1648 ·
531 1619 648 1690 †iinatha
780 1622 871 1673 isaar.

138 1695 150 1744 2
163 1693 211 1754 suu,
224 1697 243 1742 ct
255 1693 305 1743 titia
317 1691 393 1742 iniria.
531 1694 542 1742 i
558 1693 623 1753 titius,
633 1693 688 1746 titia.
779 1693 791 1742 2
806 1691 854 1752 titii,
869 1698 888 1743 st
900 1693 949 1744 iilia
962 1693 1042 1747 Sarnis.

139 1765 248 1832 thegein,
261 1769 280 1814 ct
293 1765 358 1827 teptis
371 1779 392 1812 ar
404 1762 474 1812 intre.
532 1765 544 1812 t
558 1765 622 1827 iopas,
635 1764 703 1828 iiaptis.
780 1765 792 1814 3
806 1765 888 1828 itcpctn,
902 1771 920 1814 at
933 1767 997 1828 teptn
1011 1779 1032 1814 cr
1046 1765 1123 1820 horare.

141 1833 515 1900 ttranspataaettronaptuuintre.
535 1835 764 1899 abrenuntiamus.
782 1835 795 1885 t
808 1837 924 1900 trinepotes,
931 1837 1053 1901 strranpa
1059 1851 1080 1888 u
1087 1838 1165 1892 Soron.

533 1907 545 1956 i
558 1908 644 1970 thanus,
657 1907 750 1971 thnptia.

168 2018 336 2070 Vocabulum
352 2015 480 2083 Hypotha.
505 2017 549 2068 hic
568 2017 596 2067 in
617 2024 708 2069 cantro
720 2031 877 2081 expressum
891 2017 993 2070 indicat
1005 2033 1162 2086 personam,

98 2121 99 2124 =
139 2104 181 2142 ax.
196 2104 235 2154 gr.
251 2089 360 2147 Titium,
375 2089 417 2138 vai
433 2088 539 2150 Titiam,
555 2089 589 2139 da
604 2090 682 2154 cujus
696 2089 925 2154 consanguinitate
945 2091 1084 2158 quaeritur.
1107 2091 1163 2143 Sed

138 2161 172 2212 ad
186 2161 237 2211 hoc
249 2159 438 2224 complendum
451 2160 560 2210 schama
573 2160 601 2210 in
619 2162 739 2210 secunda
753 2160 823 2211 tinea
840 2175 873 2212 cx
888 2158 1002 2225 utraque
1019 2165 1095 2224 parta
1110 2163 1161 2214 ad-

136 2230 268 2298 jungendi
283 2236 346 2282 sunt
366 2245 459 2283 corum
478 2231 534 2289 titii,
549 2231 595 2296 qui
616 2235 679 2282 sunt
699 2231 727 2281 in
746 2237 842 2298 quarto
856 2233 961 2296 gradu3
979 2232 1007 2280 in
1021 2233 1100 2283 tertia
1114 2248 1161 2286 eo-

138 2317 199 2354 rum
213 2303 269 2364 titii,
290 2305 316 2354 ct
329 2307 449 2368 nepotas
464 2315 579 2366 quorum
598 2302 677 2367 primi
691 2303 720 2352 in
742 2303 829 2364 tertio,
844 2308 871 2352 et
890 2303 1001 2354 secundi
1022 2304 1048 2352 in
1063 2311 1160 2368 quarto

139 2377 202 2424 sunt
223 2374 464 2436 consanguinitatis
484 2374 570 2438 gradu
584 2390 591 2433 ;
606 2379 633 2424 at
648 2372 755 2424 demum
771 2375 798 2424 in
815 2379 912 2440 quarta
929 2374 962 2424 de
977 2375 1114 2438 fratribus,
1129 2381 1159 2428 ct

137 2445 285 2504 sororibus
300 2445 464 2510 adjungendi
487 2449 550 2495 sunt
565 2444 672 2508 tratres,
688 2449 715 2496 et
735 2459 842 2495 sorores
858 2445 959 2511 patrui,
975 2452 1002 2496 at
1022 2447 1109 2496 amitae
1124 2461 1158 2498 ax

136 2530 191 2568 nno
207 2523 293 2584 parta,
309 2521 335 2568 ot
358 2516 521 2580 consobrini,
536 2529 567 2567 ac
590 2516 758 2568 consobrinas
773 2530 806 2566 ex
823 2516 877 2567 alia
891 2523 967 2582 parte
987 2517 1094 2580 sororis,
1110 2519 1157 2582 qui

137 2593 200 2638 sunt
214 2588 372 2639 insecundo
386 2587 482 2652 gradu,
500 2590 527 2639 et
540 2588 650 2652 insuper
663 2601 758 2638 eorum
772 2587 830 2647 filii,
845 2586 891 2652 qui
905 2588 1011 2638 suntin
1026 2589 1115 2652 tertio,
1130 2595 1156 2640 ct

137 2672 229 2710 corum
242 2665 362 2724 nepotes
378 2658 497 2724 quisunt
512 2660 539 2708 in
553 2663 648 2723 quarto
662 2659 903 2723 consanguinitatis
913 2659 1007 2723 gradu.
1023 2659 1088 2710 Haec
1103 2675 1157 2712 om·

134 2731 181 2780 nia
194 2730 273 2780 facila
288 2730 482 2794 intelliguntur,
504 2731 526 2780 si
540 2729 591 2780 hoc
605 2729 713 2780 schama
733 2743 794 2780 cum
815 2731 896 2781 citata
915 2731 1154 2796 consanguinitatis

136 2800 234 2850 arbore
251 2809 429 2865 comparetur.
449 2800 583 2850 Caetarum
605 2800 633 2850 in
654 2801 731 2864 praxi
752 2801 785 2851 ad
807 2801 1028 2866 dignoscendum,
1042 2816 1077 2852 an
1093 2801 1153 2862 duo,

136 2870 182 2936 qui
197 2871 288 2921 volunt
301 2874 372 2922 inter
385 2871 630 2922 so.matrinrcnium
648 2871 816 2932 contrahere,
839 2872 893 2922 sint
916 2873 1106 2937 consanguinei
1127 2873 1154 2923 in

136 2942 221 3006 gradu
245 2943 391 3006 prohibito,
412 2943 454 2993 vel
474 2957 536 3002 non,
556 2943 654 2994 sufficit
676 2944 901 3005 animadvertere,
922 2947 1013 2994 utrum
1033 2943 1061 2993 in
1084 2945 1152 2995 linea

136 3013 318 3064 ascendantati
341 3013 460 3064 habeant
481 3014 599 3078 aliquem
623 3029 791 3066 communem
812 3015 930 3078 stipitem
945 3014 1016 3064 intra
1032 3020 1152 3080 quartum

134 3083 246 3148 gradum
260 3084 303 3134 vel
318 3098 379 3135 non.
397 3085 425 3135 Si
448 3087 519 3135 anim
539 3086 610 3136 intra
630 3086 702 3138 hunc
721 3087 835 3150 gradum
853 3099 1022 3136 communem
1039 3087 1152 3151 stipitem

133 3168 186 3204 non
201 3154 328 3213 habeant,
347 3156 538 3220 consanguinei
562 3157 588 3206 in
611 3157 696 3220 gradu
722 3157 857 3221 prohibito
877 3171 932 3206 non
951 3163 1031 3214 sunt;
1053 3159 1149 3210 sivero

134 3227 205 3276 intra
228 3225 300 3276 hunc
323 3227 435 3292 gradum
460 3241 628 3279 communem
654 3229 772 3294 stipitem
796 3228 933 3287 habeant,
963 3230 1149 3294 consanguinei

45 3365 46 3368 Ἴ
134 3297 237 3349 suntin
255 3296 340 3362 gradu
353 3298 497 3364 prohibito.
512 3300 633 3351 Parocbo
647 3314 688 3351 ex.
704 3315 744 3365 gr.
760 3313 789 3352 sc
803 3301 900 3351 sistunt
915 3295 1011 3358 Titius.
1027 3306 1053 3352 et
1067 3302 1148 3364 Bertn,

134 3369 180 3433 qui
204 3369 298 3422 volunt
316 3369 386 3422 inter
407 3384 436 3422 sa
455 3365 657 3422 matrimonium
676 3372 842 3424 contrahere.
864 3373 1003 3424 Paroohus
1022 3373 1148 3436 observat,

132 3439 233 3492 ‘titium
246 3455 307 3494 essa
320 3441 405 3494 titium
419 3443 502 3504 Petri,
515 3444 626 3496 Petrum
636 3457 696 3498 essa
708 3443 793 3496 tttium
804 3443 892 3504 Pauli,
903 3447 930 3498 at
940 3445 1056 3497 Paulum
1069 3445 1147 3497 tilium
