2410 4068
480 228 639 286 ..264-

2 361 18 417 t
115 321 154 411 a,
160 331 377 470 ⁰nbffpgscgoapu'a
389 350 479 402 manet
494 347 612 402 liberati
630 349 793 404 beneficium
812 349 1005 404 conterendum
1020 351 1064 404 cni

165 451 183 471 a.
216 433 245 470 l.
281 457 286 469 .
331 457 337 469 ι

223 604 289 664 uda
301 603 486 668 renunciatio
500 605 706 668 conditionalis
728 612 775 666 est
793 605 852 680 illo,
868 623 935 682 quae
948 606 981 670 fit
995 623 1065 672 cum

276 693 417 767 ensiouis¹
434 700 485 754 sut
496 695 627 772 alicujus
647 696 740 772 partis
751 695 913 770 fruetuun,
931 701 982 756 aut
996 710 1068 758 cum

253 709 411 856 &annus
423 785 521 844 solvat
535 800 640 846 omnes
652 800 811 860 expensas,
823 800 898 859 quas
908 783 1072 858 resignans

231 869 428 944 assecutione,
440 873 487 934 vel
501 871 532 932 in
552 870 604 934 lite
620 889 674 947 pre
687 871 844 945 beneflcio,
860 872 1013 932 ueletiam
1033 871 1065 932 in

152 959 228 1016 toda
241 957 441 1034 resignatione
463 960 542 1021 lecit„
558 965 620 1020 Eoo
636 977 709 1021 sane
723 967 846 1038 pactum
857 976 1003 1036 expresse
1016 975 1064 1020 re·

88 1054 185 1115 ocatur
198 1047 295 1122 ajuro
307 1048 456 1110 canonice
467 1054 528 1122 (t);
545 1055 575 1114 et
593 1047 706 1112 idcirco
719 1047 822 1124 nequit
832 1049 945 1124 absque
959 1047 1066 1108 summi

55 1133 190 1195 Pontificis
206 1134 384 1196 auctoritate
398 1136 541 1212 stipulari.
564 1142 667 1214 Neque
678 1137 834 1214 resignans
851 1141 1013 1197 excusatur
1027 1151 1067 1196 ex

55 1239 85 1282 ao
97 1223 172 1300 quod
182 1230 277 1285 certet
286 1225 324 1284 de
334 1241 369 1284 se
381 1215 552 1288 indemnem
558 1226 709 1288 servando
719 1242 728 1298 ;
739 1241 811 1292 nam*
822 1241 984 1300 itumquam
996 1223 1067 1286 licet

55 1311 173 1378 adhunc
183 1313 276 1378 linem
290 1312 485 1380 simoniacum
499 1295 720 1390 ione'paotum,
735 1312 903 1388 cujusmodi
924 1318 970 1372 est
988 1329 1067 1388 prae·

56 1415 126 1472 sens
138 1401 169 1460 in
184 1417 245 1476 quc
269 1400 350 1462 datio
369 1401 413 1460 rei
432 1401 604 1477 temporalis
623 1401 758 1462 beneficii
779 1397 1020 1477 resignationem,
1038 1406 1068 1462 et

57 1489 269 1564 translationem
282 1490 421 1565 producit
435 1495 485 1562 (2).
502 1491 585 1553 natio
598 1491 681 1552 enim
691 1491 734 1552 rei
748 1489 919 1566 temporalis
938 1507 994 1564 pro
1014 1489 1074 1552 he·.

54 1575 150 1636 neficic
163 1577 277 1652 absque
291 1577 399 1636 summi
418 1578 568 1641 Pontificis
586 1577 761 1643 auctoritate
775 1594 893 1654 semper
911 1577 1069 1638 simoniam

54 1661 194 1739 importat,
204 1671 332 1742 excepta
345 1665 462 1726 modica
477 1667 596 1727 datione
609 1669 648 1728 ad
661 1667 866 1729 redimendam
874 1666 1013 1740 injustam
1022 1683 1071 1726 ve·¹

55 1753 196 1816 ratonem
209 1754 375 1814 seeundum
387 1755 554 1816 doctrinam
568 1761 598 1816 S.
613 1757 732 1817 Thomas
742 1763 772 1817 et
785 1761 817 1817 S.
835 1755 1002 1831 neuigorio
1016 1759 1026 1825 (
1046 1761 1067 1828 ).

51 1843 191 1905 taurum
204 1840 254 1902 hic
267 1849 337 1902 sunt
349 1843 513 1920 repetenda
527 1861 594 1920 quae
606 1860 698 1920 supra
711 1845 749 1904 de
762 1843 956 1921 pensionibus
979 1859 1070 1918 expo

57 1943 171 1989 surmus.

84 2075 192 2148 (lllcap.
207 2075 231 2140 3,
246 2075 280 2129 ds
293 2079 364 2144 pact.
380 2105 408 2116 -
422 2077 456 2144 (t)
471 2077 594 2132 Parisins
608 2076 625 2129 l.
640 2078 677 2138 ll,
693 2091 720 2146 q.
734 2079 758 2130 7.
773 2105 804 2116 -
820 2079 855 2144 (3)
872 2079 901 2132 L.
917 2079 941 2140 i.
952 2093 980 2132 n.
990 2080 1029 2134 98.

89 2263 146 2321 580.
161 2261 258 2321 Tertia
279 2261 463 2322 renunciatio
478 2261 686 2322 conditionalis
710 2268 757 2322 est
778 2261 838 2336 illa,
861 2279 928 2339 qnae
947 2265 981 2324 fit
1003 2281 1073 2326 cum

58 2348 278 2420 permutatione.
298 2349 439 2416 Usuvenit
460 2367 606 2429 persepe,
629 2356 663 2410 ut
681 2350 874 2412 beneficiatus
895 2352 1073 2414 heneficium

61 2442 155 2511 mutet,
178 2443 209 2498 et
229 2437 267 2498 de
280 2453 341 2500 unc
355 2444 486 2498 transeat
508 2439 548 2498 ad
560 2439 641 2502 alud
661 2438 854 2502 :simulatio
875 2437 914 2498 sit
934 2439 1073 2516 simplex,

58 2525 273 2586 translationem
285 2525 481 2606 habemus3si
496 2543 569 2586 vero
583 2526 622 2587 sit
644 2526 767 2602 duplas,
782 2525 823 2584 ita
835 2531 869 2584 ut
890 2525 952 2584 duo
965 2524 1073 2586 benefl-

58 2608 118 2672 ciati
130 2613 188 2674 sibi
196 2619 303 2674 mutuo
316 2613 471 2690 proprium
480 2614 588 2674 cedant
600 2613 789 2688 beneficium,
798 2614 943 2697 habemus
952 2629 1072 2687 permu-

60 2701 205 2762 tationem.
221 2701 382 2762 translatio
397 2700 491 2761 sacris
505 2709 551 2764 est
564 2702 681 2762 inimica
699 2699 864 2762 canonibus
878 2700 1028 2776 praeeipue
1041 2701 1073 2765 in

58 2786 210 2866 Episcopo,
225 2789 278 2866 qui
287 2789 439 2866 spirituale
453 2788 624 2866 coniugium
644 2789 793 2850 contraxit
815 2804 884 2851 cum
898 2806 954 2848 sua
971 2791 1071 2862 Eucle-

56 2872 196 2954 siponjos
207 2877 314 2938 dicitur
323 2877 612 2954 sponsus‚etdeinde
621 2877 651 2936 iu
660 2876 843 2938 beneficiatis
851 2877 1072 2956 reliquissacri
1153 2937 1156 2950 s

58 2977 157 3028 revera
169 2983 302 3028 canones
318 2965 526 3027 translationes
536 2967 574 3026 de
587 2982 647 3026 una
660 2965 690 3024 in
704 2966 792 3026 aliam
805 2967 967 3028 Ecclesiam
983 2967 1075 3039 veluti

60 3051 197 3117 adulteria
206 3055 395 3127 damnarunt,
407 3071 445 3114 ne
460 3054 526 3130 quis
538 3055 614 3114 forte
620 3059 738 3130 posset,
753 3052 875 3128 virginis
886 3058 1077 3132 pauperculae

59 3141 313 3216 relictasocietate,
322 3141 435 3204 ditioris
446 3143 587 3202 adulterae
597 3142 769 3202 societatem
780 3143 1076 3218 quaerere.nihilomi·

62 3243 124 3303 nus,
138 3236 335 3292 concurrente
345 3232 426 3308 justa
437 3247 538 3304 causa,
551 3235 581 3292 et
590 3246 780 3306 quocumque
793 3229 852 3290 alio
863 3230 1076 3306 impedimento

61 3325 201 3394 manta,
213 3325 313 3395 potest
324 3335 459 3378 summus
478 3317 612 3378 Pontifex
632 3317 805 3394 Episcopos,
825 3336 881 3378 nec
904 3335 964 3378 non
984 3319 1076 3378 bene-

62 3403 172 3469 ficiatos
184 3407 316 3468 minores
327 3423 388 3466 suae
401 3407 540 3468 dioecesis
553 3407 717 3482 Episcopus
730 3407 901 3480 transferre,
915 3405 984 3479 quia
998 3421 1078 3480 saepe

67 3494 168 3569 evenit,
180 3502 213 3556 ut
226 3495 277 3574 qui
291 3496 323 3557 in
335 3513 396 3560 unc
410 3497 479 3556 loco
492 3495 591 3556 minus
604 3501 650 3556 est
662 3494 753 3568 utilis,
768 3493 837 3552 alibi
850 3509 884 3552 se
906 3492 1005 3552 valcat
1017 3495 1077 3554 uti·

65 3577 122 3644 lius
133 3583 351 3650 exercereset
363 3583 396 3672 in
408 3584 477 3662 hoc,
488 3593 635 3662 quantum
647 3582 713 3656 fleri
733 3585 843 3660 potest,
856 3580 1034 3660 amanum,
1045 3588 1080 3648 ut
