2426 4070
502 213 663 272 ...103-

87 336 126 396 uit
140 337 293 412 impotens,
307 340 413 411 postea
432 335 470 396 ad
488 341 575 396 actus
597 334 771 412 conjugales
789 333 895 395 babilis
909 331 1088 410 invematur,

85 424 241 484 dissolutum
262 424 487 485 matrimonium
508 430 554 483 est
577 423 827 499 reintegrandum,
849 422 919 483 licet
939 421 997 484 alia
1017 437 1089 498 para

85 529 178 573 norum
191 513 373 574 contraxerit
390 512 623 584 matrimonium,
639 512 720 588 quod
742 518 961 592 consequenter
982 509 1088 572 dissol-

85 601 164 661 ritur:
181 619 248 662 nam
271 604 396 680 prolatae
418 601 574 663 sententiae
594 602 759 663 funduntur
780 599 811 662 in
834 617 947 674 errore,
969 601 1021 678 qui
1043 605 1090 666 est

89 707 184 766 semper
200 692 415 765 emendandus,
430 692 479 751 vel
501 690 533 750 in
555 690 789 768 presumptione
807 689 1000 767 impotentiae,
1021 705 1095 767 qaue

89 778 182 840 seduli
194 779 301 841 cedere
317 780 407 841 debet
420 783 491 853 (ta).

109 916 138 981 (l)
150 917 203 970 lieo
221 918 338 970 retertur
358 917 393 970 ad
410 917 608 970 inhabilitatem
622 917 747 981 coeundi,
765 931 820 970 non
838 917 874 970 ad
890 915 1088 970 inhabilitatem

85 989 209 1052 putandi
224 1009 231 1040 ι
245 1003 310 1040 nam
323 989 454 1041 sterilium
469 971 640 1041 ma‘lrlmonia
654 990 815 1053 subsistunt,
825 993 857 1041 ut
869 989 987 1054 probant
998 1000 1088 1040 exam·

85 1059 207 1122 plustre,
225 1060 367 1122 Rebeccae,
386 1061 555 1126 aliarumque
571 1061 744 1113 heminarum
761 1062 789 1112 in
805 1061 832 1113 S.
852 1059 994 1126 Scriptum
1015 1071 1086 1110 eom·

84 1130 256 1182 mendatorum.
271 1157 303 1168 -·
315 1130 351 1197 (2)
361 1131 426 1197 Cep.
439 1131 460 1182 l.
476 1131 528 1184 iet
541 1131 566 1191 6,
584 1132 617 1183 de
638 1131 729 1197 lrigid.
744 1135 772 1184 et
792 1131 881 1182 melei.
897 1136 924 1182 et
945 1129 1004 1180 But.
1021 1127 1087 1183 Gom

83 1198 217 1266 frementes·
229 1201 299 1252 Sinti
308 1203 342 1254 V.
358 1229 384 1240 -
399 1203 433 1267 (3)
451 1203 522 1253 Hinc
532 1206 622 1270 potest
634 1202 756 1254 contrahi
777 1201 1008 1253 matrimonium
1025 1213 1087 1264 gra·

83 1271 306 1337 ueregretmtae,
319 1274 436 1324 maxime
450 1273 474 1324 si
494 1273 521 1324 id
536 1273 583 1325 dat
605 1273 640 1325 ad
664 1273 866 1339 legitimandem
885 1272 989 1338 prolem
1010 1270 1088 1336 prins

84 1347 224 1408 susceptam,
238 1345 282 1396 vel
297 1344 330 1396 ad
344 1344 572 1397 cohonestandum
585 1344 715 1398 ,unacum
732 1343 985 1406 concubinariorum
999 1361 1006 1392 ε
1024 1355 1088 1392 nam

84 1410 191 1466 habilitas
203 1414 237 1465 ad
253 1415 387 1480 copulam,
413 1416 474 1469 lieet
493 1429 544 1482 per
558 1417 684 1468 accidens
704 1429 845 1481 suspensa.
872 1413 978 1480 sperari
1000 1415 1089 1476 potest

84 1484 101 1535 si
110 1486 185 1536 morbi
197 1487 239 1538 vis
248 1486 370 1538 desistat.
382 1486 470 1538 Aliter
482 1493 573 1539 tamen
582 1488 652 1539 ieret
665 1488 845 1550 sentiendum,
873 1486 880 1497 ’
895 1486 955 1536 hee
969 1497 1034 1550 spes
1047 1484 1087 1535 lo·

84 1561 116 1606 ret
127 1557 224 1608 omnino
241 1556 392 1622 desperata.
412 1557 588 1612 Reidenstuel
611 1559 646 1610 ad
661 1560 700 1610 tit.
721 1559 754 1613 de
775 1559 836 1624 frig.
853 1499 883 1610 οἳ
897 1555 988 1608 malel.
1005 1569 1033 1606 n.
1045 1554 1085 1606 att.

83 1650 107 1663 -·
116 1627 145 1690 (l)
157 1627 202 1678 eit.
218 1641 279 1693 cap.
291 1627 315 1689 6,
326 1628 359 1679 da
368 1628 430 1694 frig.
444 1631 472 1681 at
488 1629 579 1680 melei.
594 1657 621 1668 -
638 1630 670 1694 (5)
684 1631 749 1682 Gan.
763 1631 804 1692 25,
816 1644 839 1681 c.
858 1629 899 1692 32,
910 1629 1005 1694 qttaest.
1018 1627 1045 1678 7:
1057 1651 1086 1666 ···

83 1698 110 1761 (6)
118 1701 174 1764 hrg.
188 1713 245 1766 cap.
264 1699 286 1756 l.
300 1699 334 1751 de
352 1700 412 1765 lrig.
433 1705 461 1751 et
479 1701 570 1752 mulel.
585 1727 616 1740 -
634 1701 670 1766 (t)
681 1701 745 1767 Cap.
762 1704 786 1760 5,
801 1700 860 1752 eod.
875 1727 906 1742 -ν
918 1699 955 1763 (8)
970 1697 1013 1750 Ad
1027 1697 1088 1750 heo

82 1768 128 1820 ritu
139 1770 286 1835 peragenda
299 1784 443 1837 processus
457 1772 613 1837 requiritur.
626 1771 709 1824 Facta
732 1772 833 1824 idcirco
845 1770 935 1822 debita
957 1767 1087 1821 testantia

82 1839 174 1900 ebuno,
185 1841 227 1891 vel
241 1841 276 1892 ab
291 1842 423 1893 ambobus
436 1842 606 1908 conjugibus,
628 1855 691 1894 nem
705 1843 756 1894 hoc
773 1857 838 1895 casu
862 1855 918 1893 non
940 1841 1004 1892 licet
1024 1839 1086 1890 aliis

82 1912 259 1963 matrimonium
271 1926 408 1976 accusare,
421 1914 486 1979 quia
500 1915 628 1979 conjuges
642 1913 803 1980 impotentes
816 1917 931 1978 possunt
944 1912 1033 1964 adbuc
1046 1909 1085 1962 si·

82 1981 124 2032 nul
135 1982 259 2047 habitare,
275 1987 411 2050 tamquam
426 1985 549 2038 fraisnet
570 1999 656 2050 sotor,
671 1986 749 2040 modo
767 1985 839 2038 absit
854 1985 963 2036 omnino
978 1981 1087 2050 perieu-

82 2049 123 2102 lum
136 2053 337 2106 incontinentiae.
353 2055 418 2121 Cep.
432 2056 457 2117 t,
472 2057 519 2106 et5
534 2053 592 2106 eod.
607 2055 698 2120 Facta,
713 2057 832 2123 inquam,
844 2055 936 2107 debita
947 2051 1086 2107 instantia,
1156 2088 1162 2105 .

80 2121 188 2176 indicitur
199 2139 215 2175 a
226 2126 319 2190 jndice
334 2126 466 2178 triennale
481 2128 703 2191 experimentum,
715 2128 786 2192 quod
801 2127 896 2191 incipit
911 2140 927 2176 a
942 2125 986 2177 die
1001 2137 1083 2188 copu-

81 2192 106 2245 le
117 2200 256 2260 attentatae,
279 2197 332 2248 ulai
346 2197 567 2263 impedimentum
584 2199 620 2249 sit
640 2204 753 2260 certum,
773 2201 800 2250 at
817 2197 937 2256 evidente,
953 2209 1005 2262 quo
1019 2206 1086 2246 essu

80 2268 192 2320 uuanda
207 2268 350 2327 militatis,
364 2269 465 2321 omisso
480 2270 674 2334 experimento,
688 2270 760 2336 quod
774 2270 854 2322 datur
866 2273 971 2322 tantum
981 2266 1015 2318 ad
1031 2265 1085 2320 du-

80 2335 138 2388 bium
150 2339 315 2402 solvendum,
333 2343 395 2405 post
413 2340 521 2405 plenam
536 2341 721 2406 probationem
736 2344 826 2406 potest
847 2341 939 2392 atatim
960 2335 1084 2406 proferri,

80 2405 164 2460 Indicio
175 2424 238 2461 vero
252 2411 437 2476 experimento
447 2411 584 2477 eliguntur
597 2425 646 2478 pro
656 2413 767 2466 foemina
779 2413 839 2462 duae
847 2409 944 2462 saltem
953 2409 1084 2468 honeste.

80 2477 120 2529 lida
129 2481 224 2546 dignm,
238 2484 266 2532 et
279 2481 308 2532 in
330 2494 412 2546 opere
426 2482 541 2546 nuptiali
555 2488 674 2547 expertae
697 2489 826 2534 matronae
841 2487 887 2532 aut
907 2478 1084 2539 obstetrices3

79 2552 150 2616 cipro
160 2552 218 2603 viro
231 2552 285 2603 duo
297 2551 394 2604 saltem
408 2553 516 2616 medici,
530 2557 576 2604 aut
585 2553 704 2619 chirurgi
717 2554 751 2610 ad
762 2567 859 2618 corpus
874 2549 1083 2616 inspiciendum.

80 2619 128 2688 (lap.
141 2624 163 2682 6,
173 2628 199 2675 et
213 2625 228 2676 8
242 2622 303 2676 eod.
318 2624 385 2676 Cum
405 2623 433 2674 bi
453 2623 533 2690 parili
547 2624 641 2690 jurati,
656 2625 735 2676 tactis
754 2625 802 2676 SS.
817 2622 981 2688 Evangelia,
999 2620 1083 2684 depo·

78 2698 138 2753 nunt,
151 2695 333 2760 impotentium
348 2708 408 2746 essa
430 2696 619 2755 certissimam,
640 2700 807 2762 perpetuam,
832 2699 859 2746 el
881 2692 1086 2746 antecedentem

78 2765 268 2830 natdmonium,
277 2765 411 2832 simulque
420 2765 570 2818 evidentem
580 2765 696 2818 afferunt
708 2765 841 2818 dictorum
851 2778 970 2828 causant,
981 2763 1084 2830 absque

78 2833 119 2886 alio
131 2837 252 2889 examine
272 2837 407 2890 sententia
425 2837 558 2889 nullitatis
577 2837 740 2890 matrimonii
762 2841 853 2904 potest
874 2837 1006 2904 prolerri;
1021 2847 1083 2888 cum

77 2908 280 2974 teredeponunt,
298 2909 376 2972 signa
390 2908 553 2975 impotentiae
569 2922 629 2961 esse
640 2910 814 2970 verosimilia,
828 2913 856 2961 et
875 2909 954 2976 quasi
970 2908 1081 2960 morali·

76 2979 109 3028 let
119 2978 320 3042 certe‚vocandi
334 2979 422 3030 adhuc
438 2985 502 3030 sunt
524 2981 558 3030 ad
572 2981 758 3044 juramentum
778 2983 916 3048 conjuges,
931 2983 958 3033 et
975 2985 1080 3046 septem

76 3050 251 3116 musenguinei
265 3064 299 3101 ex
312 3053 388 3116 parte
400 3049 461 3112 viri,
476 3054 503 3102 et
515 3051 626 3103 totidem
639 3053 829 3118 consanguinei
848 3067 881 3104 ex
895 3056 972 3119 parte
987 3050 1081 3103 mulie·

76 3119 112 3182 ris,
121 3122 163 3186 qui
176 3122 300 3185 praebent
313 3121 497 3191 testimonium
511 3121 628 3186 septima
644 3135 750 3186 monus,
763 3128 792 3176 ul
810 3127 956 3176 canonistas
976 3122 1080 3174 dicunt.

75 3187 97 3240 bi
107 3196 189 3244 eutem
206 3198 245 3242 tot
254 3193 445 3256 consanguinei
459 3191 554 3244 haberi
563 3197 706 3259 nequeant,
719 3202 895 3247 assumuntur
904 3196 985 3247 vicini
997 3213 1003 3254 ;
1014 3197 1042 3245 et
1055 3193 1081 3244 si

74 3271 146 3327 neque
163 3264 191 3314 hi
205 3263 234 3313 in
254 3268 329 3314 tanto
344 3275 457 3316 numero
479 3263 573 3316 baberi
596 3269 705 3330 queant,
724 3266 859 3318 sufficiunt
878 3269 1028 3331 pauciores,
1052 3265 1080 3315 et
1147 3272 1149 3276 ·

75 3331 140 3383 etiam
153 3333 204 3385 duo
215 3333 327 3385 arbitrio
338 3333 452 3397 iudicis.
469 3333 604 3400 Coniuges
622 3337 715 3398 jurare
732 3336 831 3389 debent
847 3337 880 3388 de
901 3337 941 3388 rei
956 3337 1078 3397 veritate,

75 3405 250 3470 consanguinei
267 3418 330 3455 vero
344 3405 378 3455 de
394 3405 562 3458 credulitate.
577 3407 679 3458 Idcirco
699 3408 722 3458 si
735 3411 861 3475 conjuges
873 3409 972 3472 iurent,
985 3419 1014 3457 se
1033 3418 1078 3458 co·

75 3475 149 3536 pulani
160 3480 315 3534 attentasse.
331 3475 379 3526 sed
389 3489 537 3542 numquam
550 3477 622 3529 coire
639 3479 769 3542 potuisse
789 3484 816 3530 et
829 3475 1021 3540 consanguinei
1031 3477 1078 3539 ju·

75 3549 166 3610 tentae
177 3547 299 3606 credere,
310 3549 438 3612 conjuges
450 3560 545 3600 rerum
554 3549 673 3614 jurasse,
683 3549 734 3602 etsi
744 3550 832 3601 adhuc
845 3547 1009 3614 completum
1022 3557 1077 3598 non

74 3616 103 3667 eit
116 3618 286 3684 experimenti
299 3617 454 3683 triennium,
468 3623 557 3685 petest
569 3621 703 3676 senentis
716 3620 849 3674 nullitatls
865 3617 989 3684 proferri,
1010 3619 1076 3686 quia
