2410 4068
632 193 793 251 -lte-

199 317 228 378 in
248 315 354 376 divinis
372 329 460 375 usum
481 314 633 392 praebere3
650 331 687 376 ec
705 313 831 390 proinde
849 329 910 374 non
932 313 1009 374 flunt
1030 317 1185 374 execratae

199 411 314 467 tantum
327 403 509 478 reficientur,
523 410 575 464 eut
589 403 766 476 abluentur,
784 403 838 464 sed
853 403 879 462 si
893 407 1044 462 oxecmtae
1059 402 1186 462 lactaesr'

197 493 308 554 debent
324 492 469 566 comburi,
485 499 515 553 et
534 491 565 552 in
585 491 729 567 sacrario,
751 493 800 552 rel
819 491 877 552 elio
896 491 1023 552 honesto
1037 491 1110 552 loco
1131 507 1186 552 een

168 597 172 608 ’
198 582 314 643 cineres
327 580 453 642 recondi
467 584 518 655 (3).

226 756 262 821 (l)
277 755 360 813 Pisis.
381 755 570 812 ostensoriurn.
591 757 619 808 et
637 753 787 819 corporolia
804 753 907 806 debent
923 755 1049 806 benedici
1068 758 1150 822 juxta
1169 769 1185 820 p

196 829 285 893 priam
299 827 423 886 formem,
437 841 499 893 quae
516 827 632 878 hebetur
652 826 679 876 in
699 825 814 878 Misseli.
828 827 855 876 S.
878 826 1056 892 congregatio
1077 827 1186 878 Rituum

195 898 327 952 terimi
341 897 369 950 16
382 911 443 950 nov.
464 898 532 950 lale.
547 896 641 959 Quoad
656 910 750 948 cruces
765 895 892 948 altarium
903 900 930 947 et
945 897 1154 961 processionum
1168 911 1186 948 st

196 970 243 1034 qui
257 967 363 1027 docent,
379 982 459 1033 pesse
475 969 602 1034 privatim
616 982 632 1020 a
653 967 769 1032 simplici
784 967 923 1020 sacerdote
943 967 1081 1028 benedici.
1103 968 1186 1020 Girelr

196 1041 246 1091 loc.
260 1041 316 1100 cit.;
330 1039 378 1090 sed
393 1037 565 1091 Baruffeldus
579 1050 641 1090 cum
655 1037 802 1090 Monecello
821 1040 926 1101 docent,
943 1051 1038 1092 cruces
1053 1044 1083 1092 et
1096 1041 1186 1104 imegir

195 1112 224 1162 in
237 1111 360 1162 Ecclesia
370 1111 545 1176 exponendas
557 1123 619 1162 esse
629 1110 739 1162 omniuo
750 1109 949 1162 benedicendas
961 1115 989 1161 et
1004 1110 1117 1175 quidem
1133 1111 1186 1162 sole

195 1184 276 1244 niter,
290 1183 355 1248 quia
369 1183 478 1234 rubrice
489 1181 604 1232 Rituelie
618 1181 732 1232 Romani
747 1181 774 1230 in
790 1183 830 1232 tit.
848 1180 886 1230 lo.
902 1177 1055 1233 Benedictio
1069 1178 1186 1245 Imaqinr

193 1252 218 1306 Ι.
234 1252 260 1308 0.
279 1249 311 1306 d.
326 1251 359 1305 N.
374 1255 399 1304 et
415 1250 443 1302 B.
459 1249 492 1302 ld.
514 1251 641 1316 Virqinis,
661 1254 686 1303 et
704 1250 823 1304 attor-um
844 1247 1016 1313 Sanctorum,
1032 1254 1076 1302 est
1097 1251 1186 1302 constit

194 1323 258 1386 tive,
272 1327 299 1374 et
312 1336 365 1374 non
380 1323 524 1380 directiva;
539 1335 570 1373 eo
581 1323 666 1372 etiem
680 1323 776 1386 magis,
791 1321 855 1386 quie
868 1322 1056 1386 praescribitur
1070 1322 1099 1372 in
1116 1323 1186 1372 Pontl

193 1395 261 1456 cale,
278 1393 349 1459 quod
363 1394 417 1444 vim
431 1393 499 1457 legis
513 1393 604 1444 hebet.
625 1392 797 1444 Berutlnldas
812 1392 852 1442 tit.
870 1392 916 1443 cit.
932 1406 958 1442 n.
975 1394 999 1442 6,
1013 1419 1043 1430 -
1059 1393 1096 1456 (l)
1107 1394 1186 1458 (lnpt

193 1465 227 1515 de
236 1477 291 1528 req.
302 1466 351 1530 jur
364 1464 391 1513 in
406 1463 431 1512 6.
446 1463 506 1514 Non
520 1463 700 1527 probibentur
713 1469 804 1516 tamen
817 1477 834 1514 e
847 1463 925 1513 laicis
939 1462 1024 1528 mugi,
1036 1468 1150 1530 excepto
1164 1477 1186 1516 c<

192 1536 288 1602 poreli,
301 1538 329 1586 ct
339 1534 533 1600 purilieetorio.
552 1561 583 1570 -
595 1535 631 1600 (3)
646 1535 711 1586 Can.
728 1534 768 1596 39,
786 1533 849 1586 dist.
865 1534 887 1598 l,
904 1533 938 1584 de
954 1547 1061 1586 consec.

226 1723 287 1779 469.
308 1723 466 1794 Campanae
483 1719 522 1777 ab
545 1717 751 1794 antiquissimo
771 1724 908 1795 tempore
926 1718 956 1777 in
975 1715 1108 1778 Ecclesia
1127 1718 1186 1776 intr<

189 1807 287 1868 ductae
301 1810 342 1879 (l)
356 1805 568 1866 benedicendae
588 1813 670 1890 sunt,
689 1808 753 1880 vel,
779 1813 813 1867 ut
838 1807 887 1866 alii
914 1807 1088 1882 loquuntur,
1113 1823 1186 1866 const

190 1895 309 1956 orandae
325 1909 379 1970 per
403 1893 502 1969 ipsum
524 1893 714 1970 Episcopum,
734 1895 785 1970 qui
808 1895 922 1971 absque
948 1894 1117 1970 specialis.
1136 1893 1186 1953 sed

188 1984 303 2045 indulto
316 1983 395 2043 hauc
408 1981 645 2042 benedictionem
659 1981 762 2060 nequit
775 1982 899 2060 simplici
913 1983 1062 2044 sacerdoti
1083 1983 1184 2043 commi

190 2080 263 2145 tere,
286 2089 325 2131 ex
339 2087 377 2130 eo
390 2071 472 2149 quod
493 2069 524 2130 iu
540 2087 577 2130 ea
597 2089 684 2132 saera
705 2071 806 2132 unctio
830 2079 876 2132 est
897 2071 1065 2132 adhibenda
1078 2076 1128 2141 (tt.
1149 2077 1185 2130 lle

188 2158 374 2220 consecratio
409 2158 588 2234 quandoque
614 2160 780 2234 appellatur
808 2159 973 2235 baptismus
995 2163 1184 2236 campanarun

182 2248 257 2325 quia
269 2249 300 2307 in
314 2265 350 2308 ee
362 2247 519 2306 adhibetur
533 2264 611 2334 aqua
624 2248 790 2321 benedicta,
807 2255 945 2307 sanctum
961 2249 1063 2309 Oleum
1083 2249 1183 2308 infirm<

187 2354 264 2424 rum,
280 2343 417 2396 sanctum
440 2335 582 2409 chrisma,
604 2344 634 2396 et
658 2353 768 2397 nomen
791 2337 916 2414 alicujus
939 2338 1037 2397 Sancti
1061 2355 1182 2414 campan

185 2425 361 2502 lmponitur;
385 2423 438 2484 sed
458 2441 531 2484 vere
553 2430 599 2484 est
621 2423 800 2498 benedictio,
820 2443 880 2500 qna
898 2443 1043 2501 campana
1056 2427 1092 2486 ab
1112 2427 1181 2486 usibr

185 2514 317 2592 prolenis
339 2519 524 2588 segregatur,
543 2519 574 2571 et
591 2512 693 2597 divino
716 2513 809 2572 cultui
825 2513 973 2573 addicitur
989 2532 996 2574 :
1012 2516 1090 2576 unde
1106 2533 1180 2576 const

185 2605 279 2666 oratio
305 2619 459 2679 campanae
481 2601 621 2661 Ecclesiae
645 2602 902 2662 consecrationem
917 2602 1056 2663 imitatur.
1075 2610 1133 2663 lloc
1152 2605 1179 2663 rit

183 2694 241 2753 illae
255 2693 353 2752 solum
371 2705 524 2766 campanae
542 2688 678 2749 benedici
694 2695 829 2766 possunt,
845 2707 912 2766 quae
923 2691 962 2750 ad
976 2692 1110 2752 Ecclesiae
1123 2709 1178 2751 usur

184 2781 375 2856 deputantur,
390 2795 450 2838 non
466 2795 539 2838 vero
553 2777 620 2849 illae,
636 2795 702 2853 quae
717 2796 735 2837 a
753 2778 835 2838 laicis
854 2779 892 2838 ad
907 2779 1045 2840 ciendum
1058 2783 1178 2857 populun

182 2875 233 2926 eut
252 2868 290 2926 ad
305 2869 396 2926 horas
418 2866 579 2942 pulsandas
601 2867 779 2927 adhibentur
798 2871 853 2938 (3).
882 2873 1045 2944 Antequam
1057 2885 1124 2929 vero
1146 2869 1177 2928 sil

181 2955 356 3028 benedictae,
375 2955 404 3013 in
424 2955 564 3016 Ecclesiae
578 2971 633 3014 neu
654 2971 797 3015 essenon
814 2956 939 3028 debent3
960 2963 990 3017 et
1007 2966 1074 3032 post
1086 2957 1176 3018 benedl

181 3043 311 3104 ctionem
323 3044 479 3119 pulsandae
494 3051 565 3105 sunt
575 3045 731 3104 moderate
745 3045 783 3104 ad
796 3061 870 3105 usus
883 3051 1001 3105 tantum
1015 3047 1175 3123 religiosost

181 3131 247 3206 pios
254 3132 340 3206 juxte
354 3131 496 3192 'Ecclesiae
511 3133 657 3207 cujusque
671 3131 937 3206 consuetudinem,
954 3139 984 3193 et
993 3135 1077 3210 juxta
1088 3133 1174 3196 mend

182 3227 244 3281 tum
267 3220 414 3296 Episcopi,
437 3221 484 3280 vel
506 3220 640 3280 Perocbi.
667 3226 727 3280 Nec
745 3217 883 3296 'potestas
906 3221 999 3282 civilis
1021 3219 1173 3300 aliquodjts

180 3309 268 3369 habet
282 3307 363 3369 circa
385 3325 492 3370 sonum
513 3315 570 3384 (ὓς
597 3326 696 3387 neque
713 3311 825 3388 pulsari
844 3317 971 3387 possunt
985 3311 1023 3372 ed
1035 3329 1102 3372 usus
1117 3319 1172 3381 met

179 3399 322 3475 profanos
340 3400 352 3470 <
375 3401 396 3469 ).
730 3463 737 3468 ,
1170 3399 1171 3479 l

209 3571 444 3640 (t)1ndubitetum
460 3574 510 3638 eet,
524 3585 669 3641 componas
677 3573 808 3640 originem
818 3572 952 3630 habuisse
962 3574 990 3629 in
1001 3575 1112 3632 Ecclesia
1124 3505 1170 3671 ⁰4
