2432 4078
462 183 623 240 -287-

85 307 109 372 (ll
125 309 186 360 Trid.
204 323 266 362 sess
279 311 318 370 it,
334 327 356 363 c.
372 313 386 362 8
404 317 431 364 et
444 314 468 370 9,
486 313 519 364 do
534 313 582 364 rat.
609 315 649 364 Do
664 313 736 364 Luca
750 314 779 364 in
800 313 901 366 Misoal.
918 315 984 368 disc.
1002 315 1043 380 35,

63 392 81 429 n.
94 379 120 429 lt.
131 407 156 418 ·-
166 381 202 444 (2)
215 383 275 434 Con.
293 384 318 444 5,
332 383 394 434 dist.
410 385 440 434 89
454 390 482 434 ot
496 397 553 448 cap.
569 385 593 443 2,
610 386 643 436 da
658 385 716 436 rob.
732 385 796 436 cccl.
812 399 866 436 non
879 387 959 438 alien.
977 387 1005 438 iu
1017 388 1042 448 6,

63 449 95 499 uhi
106 449 285 515 drogortnslx,
297 455 334 506 ita
343 455 479 520 disponit:
494 454 547 508 Hoc
557 453 752 508 consultissimo
765 455 935 520 prohibemus
948 457 1043 518 edicto,

62 519 166 574 universos
184 527 206 576 et
219 526 334 592 stropulos
346 526 473 578 Preietos
485 524 616 580 Ecclesiam
625 527 676 578 sibi
689 526 931 591 commisceamus
945 530 1043 581 immo·
1144 539 1149 546 ·

62 590 115 649 titio,
125 607 163 644 seo
172 595 235 660 juro
247 597 370 661 ipsarum
387 596 463 648 laicis
479 597 642 660 submittere,
657 612 702 649 scu
715 612 863 665 supponere
881 601 977 666 absquo
992 599 1043 654 Oa-

62 661 163 785 pituttssaii
174 679 304 788 confictam,
318 669 343 719 et
357 667 509 734 Apostolica
519 663 596 720 Sedis
609 667 719 722 boeotia
731 669 849 735 speciali.
862 671 1004 736 bagnanus
1015 671 1044 723 in
1109 681 1116 684 ·

61 745 102 797 cap.
129 772 134 785 .
160 747 211 787 aar
231 751 273 790 rr.

13 231 15 326 l

82 890 129 946 tlt.
147 893 185 948 Ex
205 908 240 951 eo
263 893 345 968 quod
363 893 432 953 laici
454 893 569 970 possint
589 911 644 970 per
666 893 845 970 Episcopum
869 895 982 956 assumi
1004 897 1044 957 ad
1120 937 1124 944 -

58 973 115 1034 bona
126 977 204 1038 etiam
222 981 424 1042 ecclesiastica
442 981 696 1057 provideatioliter
717 982 962 1058 administranda,
983 985 1044 1060 pri·

15 1085 16 1104 r
58 1077 117 1124 uum
127 1065 153 1124 iu
166 1069 250 1128 Gallia
272 1069 442 1130 introducta
455 1076 500 1130 est
514 1069 564 1132 illa
582 1069 798 1151 administratio
812 1069 932 1131 fabricae
945 1073 1045 1132 eccle·

57 1151 92 1210 siae
102 1157 273 1232 parochialis,
294 1159 325 1217 in
348 1176 408 1235 qua
425 1160 550 1234 parochi
568 1177 607 1220 ex
625 1159 764 1236 Episcopi
777 1160 993 1237 approbatione
1006 1162 1045 1221 ad

58 1244 197 1316 temporalia
210 1247 359 1322 parochiae
372 1248 452 1306 hona
471 1247 704 1308 administranda
722 1249 866 1309 laicorum
883 1249 1046 1310 concilium

55 1329 208 1406 adhibebant,
218 1335 300 1412 quod
311 1333 499 1396 utilissimum
507 1353 574 1397 essa
587 1342 703 1412 poterat
718 1336 862 1411 ecclesias,
872 1344 934 1397 tum
948 1345 982 1398 ut
995 1355 1045 1398 ac·

55 1420 156 1480 cuatius
175 1424 238 1499 ejus
258 1425 341 1483 bona
354 1424 639 1499 administrarentur,
655 1432 719 1484 tum
736 1432 769 1484 ut
783 1426 933 1500 parochus
946 1426 1046 1486 miuus

54 1511 178 1582 temporali
199 1529 271 1572 cura
291 1519 474 1588 gravaretur,
500 1520 530 1572 et
552 1529 771 1590 quamcumque
788 1513 983 1590 negligentias,
1000 1517 1047 1575 vel

14 1573 15 1644 3
54 1597 156 1658 arantis
169 1603 370 1678 suspicionem
382 1612 486 1677 possct
498 1601 620 1663 evitare.
635 1607 671 1662 At
688 1609 789 1679 postca
807 1602 966 1664 occasione
986 1604 1046 1664 ior-

53 1695 90 1741 san
101 1685 178 1763 hujus
191 1691 295 1761 praxis
307 1691 469 1766 imperator
482 1692 634 1766 Napoleon
649 1695 660 1750 l
681 1708 735 1751 sua
757 1697 872 1752 tantum
901 1699 1048 1768 potestate

51 1784 90 1842 per
100 1775 244 1839 decretum
257 1780 317 1839 diei
328 1784 363 1839 30
377 1778 545 1838 decembris
559 1785 640 1852 1809,
661 1780 759 1855 legem
780 1780 853 1853 tulit,
869 1797 927 1856 qua
942 1787 1048 1841 costra

50 1863 177 1926 manifesta
198 1867 323 1928 rationis
346 1874 376 1928 et
394 1884 549 1928 sacrorum
567 1885 718 1928 canonum
742 1870 811 1943 jura
833 1869 1048 1944 parochialium

52 1951 222 2016 [eclesiarum
234 1956 451 2016 administratio
462 1957 680 2016 saecularizzata
694 1957 755 2017 iere
769 1957 890 2017 omnino
902 1956 965 2017 luit.
980 1961 1048 2016 ilaec

51 2038 127 2102 adhuc
146 2054 245 2107 manet
266 2046 460 2107 ecclesiarum
483 2045 648 2105 cervicibus
671 2045 819 2122 imposita,
840 2045 888 2106 cui
913 2046 1050 2106 ecclcsiae

13 2189 14 2192 ,
50 2133 139 2196 servire
152 2143 311 2213 coguntur,
326 2135 395 2196 licet
409 2134 555 2194 canonice
575 2135 699 2211 probata
716 2152 777 2194 non
794 2135 842 2208 sit,
857 2152 914 2194 nec
929 2135 1049 2210 probari

48 2221 128 2297 possit,
148 2242 204 2286 nec
228 2226 359 2286 etiams
382 2241 571 2300 quacumque
593 2223 809 2290 consuetudine
832 2223 956 2296 firmari,
981 2225 1051 2300 quia

47 2304 88 2380 ipsi
99 2311 150 2387 legi
162 2313 292 2374 naturali
305 2319 464 2389 repugnat,
479 2319 512 2373 ut
526 2312 656 2372 Ecclesia
676 2329 694 2370 a
711 2311 799 2372 honis
813 2311 874 2370 suis
888 2312 981 2372 libere
996 2312 1050 2372 ad-

48 2395 224 2462 ministrandis
236 2421 254 2461 a
270 2402 347 2461 civili
363 2407 510 2477 potestate
522 2401 724 2476 prohibeatur.

71 2487 173 2552 idcirco
197 2493 258 2552 hoc
278 2492 432 2552 decretum
445 2490 475 2549 in
490 2489 596 2550 taciem
609 2487 748 2550 Ecclesiae
762 2489 875 2548 nullam
888 2488 977 2547 hahet
990 2487 1052 2548 vim

47 2589 91 2634 uon
103 2595 135 2638 aa
148 2587 267 2642 tantum
280 2580 406 2652 ratione,
424 2579 493 2655 quia
508 2578 647 2638 Ecclesiae
662 2583 841 2654 potestatem
854 2577 944 2649 laedit,
959 2581 988 2635 et
1003 2592 1052 2654 sa-

46 2663 90 2724 cris
102 2669 265 2729 canonibus
285 2668 315 2727 in
337 2668 473 2743 pluribus
495 2667 670 2727 adversatur
693 2670 748 2738 (t);
765 2666 818 2725 sed
833 2682 869 2724 aa
887 2663 1052 2740 praesertim

46 2750 73 2809 dc
85 2771 177 2831 causa,
191 2758 262 2833 quia
276 2755 442 2832 procedito
456 2754 534 2815 civili
548 2761 705 2831 potestate,
723 2770 790 2830 quae
803 2753 834 2812 in
848 2753 938 2813 rebus
952 2753 1052 2812 eccle·

46 2837 148 2905 siasticis
159 2845 367 2922 jurisdictione
381 2851 471 2904 carot.
493 2848 554 2903 Nec
575 2843 699 2919 prodest
714 2842 744 2902 iu
764 2841 947 2902 contrarium
959 2840 1054 2900 addu-

46 2942 109 3004 cere,
120 2933 221 3010 ipsum
236 2934 391 2993 decretum
404 2932 434 2991 in
446 2931 585 2990 Ecclesiae
598 2930 788 2991 commodum
801 2931 892 2990 tuisse
904 2932 1007 3002 latum,
1023 2935 1056 2989 et

43 3017 129 3088 plures
143 3041 251 3083 revera
266 3023 372 3081 afferre
386 3019 524 3080 Ecclesiae
542 3019 681 3080 utilitates
696 3037 702 3076 :
727 3035 798 3078 nam
811 3018 1000 3080 Innocentius
1014 3022 1052 3078 llt

44 3104 161 3172 insimili
184 3130 220 3172 re
243 3117 387 3172 statutum
410 3109 504 3169 Basilii
519 3109 605 3169 Urbis
625 3109 757 3185 praeiecti
777 3109 956 3184 reprobavit,
982 3108 1053 3167 licet

44 3194 139 3261 lactum
160 3201 267 3260 fuisset
290 3200 321 3260 in
346 3199 484 3259 Ecclesiae
501 3200 703 3272 commodum,
722 3205 823 3274 utpote
849 3197 930 3272 quod
944 3198 1055 3256 aliena·

43 3284 139 3350 tionem
151 3305 258 3350 rerum
271 3288 544 3349 ecclesiasticarum
556 3287 750 3347 interdicebat
767 3306 773 3346 :
789 3286 848 3346 Nos
861 3285 1051 3356 attendentes,

44 3372 75 3432 ait
87 3379 234 3452 Pontifex,
249 3378 325 3455 quod
340 3377 422 3438 laicis
436 3377 526 3436 atium
539 3377 680 3452 calipiosis
697 3392 785 3452 super
799 3375 931 3446 eeclesiis,
947 3379 973 3431 et
982 3387 1053 3447 per·

42 3465 107 3523 soah
118 3467 318 3527 ecelesiasticis
331 3465 419 3526 uallo
433 3465 472 3524 sit
486 3465 629 3524 attributo
640 3464 780 3539 facultas,
795 3479 865 3539 quos
882 3457 1054 3534 obsequendi

43 3556 312 3631 connumeratos,
327 3571 389 3616 mort
409 3553 570 3615 auctoritas
589 3551 765 3628 imperandi,
784 3568 804 3611 o
827 3547 931 3624 qubus
947 3545 1059 3624 siquid
