2432 4078
482 190 640 244 ..331-

68 309 195 386 fidejussio
209 316 253 372 ast
272 325 369 371 novus
388 315 561 371 contractus
580 310 778 384 accessorius,
794 324 854 386 quo
866 307 933 385 quis
946 308 1064 370 solvere

66 413 92 457 se
101 399 201 475 obligat
213 399 252 470 id,
268 399 349 476 quod
363 400 438 461 elius
450 400 548 474 debet,
559 400 589 460 in
599 417 676 460 casu
689 416 749 476 quo
761 397 811 460 hic
820 413 882 459 non
895 399 1001 471 solvat,
1015 399 1064 460 rel

65 501 113 547 sua
125 488 289 565 oliligatioui
307 506 369 551 uon
383 489 568 561 satisfaciat(
588 493 609 562 ).

62 625 169 752 nmo
181 631 333 684 contractus
347 627 382 681 ab
397 627 475 680 italis
499 625 655 694 appelletur
664 619 785 692 Sieurtd,
802 638 819 678 a
837 623 924 680 Gallis
937 624 1062 681 mutun-

86 859 140 918 tto.
158 861 266 920 Omnes
281 863 411 935 possunt
430 857 602 936 fidejubere,
617 856 668 934 qui
681 861 807 935 possunt
818 873 862 926 sc,
874 860 904 916 et
916 856 996 916 bona
1009 873 1065 916 sua

56 943 171 1022 obligare
186 967 193 1008 :
208 947 290 1008 unde
313 946 529 1023 {religiosorum
542 946 695 1024 fideiussio
717 946 782 1006 siue
799 944 920 1005 licentia
932 943 1063 1019 nubatis,

56 1037 80 1092 et
95 1036 208 1113 majoris
223 1035 317 1112 partis
331 1034 456 1112 Capituli
478 1037 558 1094 iacta
579 1051 641 1093 non
656 1035 743 1106 valet,
757 1033 826 1110 quia
840 1031 978 1110 Religiosi
991 1031 1063 1092 nihil

54 1124 192 1198 proprium
210 1124 334 1198 habent,
358 1124 438 1202 quod
461 1123 592 1200 obligent
614 1128 665 1196 (l).
681 1121 785 1184 Clerici
798 1120 888 1186 etiam
905 1139 924 1180 a
942 1120 1063 1196 fideius-

54 1210 171 1272 sionibus
198 1212 306 1273 dandis
325 1211 503 1289 generaliter
516 1210 722 1287 probibentur,
744 1227 782 1271 ne
800 1217 924 1286 propter
945 1215 1062 1284 tempo-

52 1298 114 1359 ralia
131 1302 260 1378 negotia,
282 1319 350 1378 quae
369 1301 434 1362 lites
454 1301 552 1361 solent
569 1299 728 1372 suscitare,
749 1317 769 1358 a
790 1297 897 1358 divinis
914 1296 1063 1358 exercitiis

52 1397 200 1452 evocentur
212 1396 272 1466 (2);
289 1389 481 1452 nihilomiuus
494 1389 581 1449 faetae
595 1407 615 1448 a
630 1387 745 1448 clericis
764 1385 971 1464 fidejussiones
984 1403 1062 1462 pree·

51 1477 138 1538 sertim
161 1497 201 1540 ex
219 1496 312 1540 cause
331 1479 449 1556 pietatis
469 1478 572 1538 validae
588 1495 607 1536 a
616 1479 684 1553 jure
696 1475 843 1537 canonico
856 1475 1014 1549 habentur,
1028 1482 1061 1536 ut

50 1563 220 1630 declaratum
239 1568 294 1630 fuit
312 1586 331 1628 e
349 1567 438 1628 Lucio
457 1571 505 1642 lli,
524 1567 554 1626 in
569 1583 642 1626 casu
662 1581 778 1639 eorum,
793 1564 844 1642 qui
858 1581 895 1624 ex
909 1565 1011 1640 Anglia
1022 1565 1062 1624 ad

49 1656 197 1717 concilium
219 1658 360 1734 generale
375 1661 574 1718 lateranense
592 1659 639 1728 ill,
659 1659 873 1728 couvenerant,
892 1659 932 1727 et,
956 1669 1061 1714 eorum

46 1753 211 1821 consumpta
239 1745 378 1822 pecunia,
405 1761 462 1821 pro
486 1743 711 1804 necessitatibus
729 1743 791 1802 suis
811 1742 1061 1802 emercetoribus

46 1832 269 1895 Bononiensibus
283 1841 419 1895 mutuam
431 1839 611 1908 acceperunt
624 1831 794 1907 pecuniam,
810 1848 866 1907 pro
878 1831 964 1907 cujus
978 1831 1060 1890 sclu-

44 1917 196 1998 tiouelteli,
212 1930 242 1985 et
255 1924 386 1985 maxime
400 1921 602 1982 bononienses
616 1920 716 1981 clerici
726 1920 830 1980 iisdem
843 1919 1060 1980 mercatoribus

44 2007 253 2086 fidejussoriam
271 2012 441 2073 cautionem
460 2011 607 2071 dederuut
624 2030 631 2071 ε
650 2009 730 2070 idem
743 2010 823 2070 enim
842 2026 976 2070 summus
989 2015 1060 2069 Pon-

42 2095 101 2158 tifex
115 2101 212 2162 dictas
230 2101 438 2179 fidejussiones
458 2117 519 2160 nou
541 2098 730 2175 improbavit,
755 2099 810 2158 sed
827 2097 1057 2171 commendavit,

42 2186 102 2248 dum
115 2191 303 2252 debitoribus
325 2188 539 2267 principalibus
555 2188 708 2264 praecepit,
723 2195 757 2247 ut
776 2185 838 2248 suis
854 2187 1059 2248 satisfacerent

40 2274 273 2354 obligationibus,
289 2286 319 2340 et
332 2280 524 2356 fidejussores
536 2278 692 2338 indemnes
701 2277 872 2350 redderent,
885 2292 924 2337 nc
937 2275 988 2352 qui
1001 2293 1058 2353 pro

39 2363 74 2423 eis
91 2368 319 2445 fidejusserunt,
345 2367 532 2444 dispendium
553 2365 714 2445 patiantur,
731 2365 813 2425 unde
829 2363 967 2425 ridentur
980 2381 1058 2441 prae-

38 2452 121 2517 mitun
133 2456 285 2518 meruisse
298 2460 350 2530 (3).

61 2593 95 2658 (Ι)
104 2595 173 2662 Gap.
188 2595 248 2647 ide
262 2595 384 2660 fidejuss.
399 2593 427 2645 Si
437 2597 528 2646 tamen
542 2607 575 2646 ex
589 2587 763 2662 fidejussione
773 2591 905 2658 Religiosi
917 2591 1020 2657 aliquid
1029 2593 1057 2644 in

36 2664 174 2719 utilitatem
191 2665 349 2718 monasterii
363 2665 535 2730 redundarit,
545 2665 739 2718 monesterium
750 2677 799 2729 pro
812 2677 846 2715 ea
855 2665 931 2728 parte
941 2665 1057 2715 tenetur.

34 2734 96 2787 ibid.
111 2765 144 2777 -
163 2738 200 2802 (2)
219 2738 282 2803 Cap.
299 2736 321 2800 l,
337 2735 372 2789 de
384 2735 505 2802 fidejuse.
521 2736 585 2789 Gan.
602 2737 641 2788 29.
657 2750 679 2788 c.
697 2734 734 2795 il,
745 2748 770 2800 q.
785 2733 807 2785 i.
820 2733 900 2786 Unde
911 2734 1057 2799 imperator

33 2804 200 2860 iustinianus
211 2807 350 2875 judicibus
364 2806 422 2858 suis
444 2807 628 2866 mandaverat,
642 2821 677 2859 ue
695 2806 854 2858 clericorum
870 2805 1056 2871 fidejussiones

31 2876 210 2932 admitterent.
227 2879 321 2932 Norel.
341 2877 394 2943 tri,
410 2892 434 2929 c.
448 2878 476 2928 b.
496 2906 527 2914 -
546 2878 583 2944 (3)
597 2877 692 2946 Cap!
710 2877 771 2940 eti,
786 2876 819 2927 de
836 2875 957 2942 fidejuss.
973 2875 1055 2930 Sacra

31 2951 115 3002 tamen
128 2950 310 3015 congregatio
321 2949 430 3002 concilii
444 2949 574 3013 delinivit,
590 2949 775 3002 executionem
788 2961 837 3012 pro
847 2947 979 3000 solutione
989 2963 1054 3001 con-

31 3021 68 3070 tra
86 3022 221 3074 clericum
234 3021 420 3086 fidejussorem
433 3019 492 3072 deri
505 3033 561 3070 non
577 3033 658 3086 posse
681 3021 710 3071 in
728 3019 808 3070 bonis
828 3019 992 3083 patrimonii,
1011 3018 1054 3071 vel

28 3089 150 3146 beneficii
165 3093 219 3155 sni,
230 3105 292 3157 quae
303 3092 400 3143 suntsi
414 3091 448 3142 ed
461 3091 543 3142 vitem
553 3091 723 3152 necessaria3
740 3088 789 3142 sed
803 3089 890 3142 solum
905 3089 933 3141 in
943 3089 986 3142 bis
996 3091 1053 3142 iru-

29 3163 124 3227 stibus,
134 3164 186 3230 qui
208 3164 347 3214 honestem
366 3162 588 3214 sustentationem
603 3161 743 3214 excedunt.
759 3161 856 3212 Posset
869 3164 960 3213 tamen
973 3161 1053 3214 oleri·

29 3244 71 3285 eus
82 3239 148 3302 post
163 3236 224 3301 ejus
238 3239 351 3285 mortem
364 3233 430 3285 dare
440 3231 566 3285 creditori
579 3233 608 3284 in
624 3231 741 3285 solutum
756 3231 949 3298 patrimonium
964 3245 1050 3284 suum.

27 3303 155 3359 Girsldus
170 3305 206 3358 ed
220 3319 278 3371 esp.
291 3307 301 3356 l
314 3304 348 3357 de
360 3303 480 3370 fldeJuss.

57 3466 121 3524 65¹1.
141 3463 200 3536 Qui
213 3481 269 3540 pro
288 3463 347 3524 alic
368 3451 503 3526 debitore
525 3464 695 3524 cautionem
715 3461 933 3539 fidejussoriam
959 3459 1051 3536 dedit,

26 3554 180 3624 pendente
194 3560 327 3630 tempore
342 3553 456 3614 utillud
475 3553 661 3628 solvendum,
676 3554 791 3614 nullam
801 3552 890 3612 babet
904 3549 1051 3611 actionem
