2494 4062
622 208 762 266 ..po-

183 335 263 396 boue
276 331 332 394 sibi
344 333 473 394 revetata
485 329 598 390 licitum
612 329 666 389 tuit
678 329 780 404 plures
801 325 886 386 siinul
903 325 1013 388 habere
1027 341 1141 386 uxores
1156 331 1210 400 (Ξ).

183 427 317 484 tuamen
330 420 399 480 licet
413 418 526 494 praeiuti
540 419 578 477 ab
599 416 743 476 edilberto
757 433 811 491 per
830 415 1031 491 propagandae
1048 415 1212 490 posterita-

185 518 229 571 tes
243 509 460 586 providentiam
473 508 582 567 suerint
596 506 738 577 excusati,
753 522 813 564 non
829 511 988 580 propterea
1004 521 1108 564 eorum
1123 505 1213 564 lemi-

184 600 230 660 liae
250 598 422 676 gravissima
443 595 618 675 polygamiae
638 594 827 662 incommoda
841 599 1003 670 potuerunt
1021 595 1165 672 effugere,
1180 603 1217 657 ut

186 690 320 766 pluribus
333 688 364 747 in
379 686 452 748 locis
466 691 494 746 S.
512 684 664 762 Scriptura
678 690 813 743 testetur.
864 743 868 754 ,

223 779 280 838 sed
293 776 424 838 christus
438 776 468 834 in
483 791 562 834 nova
576 779 661 848 Lege,
678 787 865 847 quacumque
879 771 1097 847 dispensatione
1111 774 1215 834 subla·

187 865 431 940 macrologiam
444 861 655 938 perfectionem
663 860 883 920 matrimonium
896 860 1048 920 revocavit
1061 881 1067 920 :
1080 863 1215 936 primum

189 955 299 1016 etenim
313 967 466 1012 sacrarum
480 951 697 1032 scripturarum
713 949 865 1008 oraculum
879 967 885 1006 :
897 947 1048 1025 Relinque
1061 952 1149 1012 bomo
1157 971 1216 1028 pa-

191 1051 266 1104 trem
280 1051 306 1102 et
319 1049 448 1102 matrem
462 1057 560 1109 suom,
576 1045 604 1098 et
625 1037 781 1098 adherebit
802 1037 892 1096 ueorl
913 1055 983 1108 suae,
997 1046 1024 1098 et
1044 1049 1133 1102 erunt
1155 1043 1216 1103 cluo

189 1133 223 1192 ic
237 1148 325 1192 cerne
338 1147 402 1191 une
416 1133 466 1203 (3),
484 1128 615 1189 Christus
626 1126 800 1188 renovando
814 1126 855 1200 de
868 1126 961 1186 verbo
975 1127 1013 1186 ed
1026 1129 1153 1189 verbum
1165 1147 1216 1191 re·

189 1221 336 1298 petivitin
359 1216 517 1291 Evangelio
537 1221 566 1276 S.
590 1215 715 1275 itatthaei
735 1219 792 1288 (l),
815 1222 845 1274 et
867 1231 927 1274 non
946 1214 1029 1290 dixit,
1051 1217 1218 1281 adhaerebit

189 1310 344 1381 uxoribus,
361 1309 414 1368 sed
427 1306 534 1378 uxori,
550 1320 648 1380 neque
669 1303 754 1376 dixit,
769 1311 856 1363 erunt
878 1312 950 1378 tres,
965 1307 1014 1364 vel
1030 1306 1143 1382 plume,
1158 1311 1215 1368 sed

190 1397 250 1456 duo
264 1397 295 1456 in
309 1413 398 1456 cerne
416 1412 476 1454 una
488 1398 538 1467 (5).
550 1399 585 1454 nt
596 1409 661 1452 rem
672 1391 797 1453 absolvit
810 1391 1021 1468 Tridentinum,
1031 1387 1061 1453 in
1076 1386 1136 1470 q'uo
1151 1397 1217 1458 haee

189 1486 345 1560 leguntur:
361 1483 394 1544 st
406 1484 471 1560 quis
482 1483 590 1542 dicerit
604 1481 687 1540 licere
698 1479 875 1540 Christianis
887 1481 989 1556 plures
1002 1483 1094 1544 simul
1108 1485 1216 1546 bebere

191 1589 309 1645 odores,
335 1579 362 1632 et
389 1572 443 1634 boe
467 1571 556 1632 nulli
582 1570 643 1646 lepe
660 1570 762 1630 divino
784 1587 844 1630 esse
865 1571 1064 1647 prohibitum,
1088 1575 1216 1636 ortelle·

194 1678 246 1722 mo
259 1661 298 1722 sit
312 1663 363 1736 (o).

227 1813 264 1879 (i)
277 1814 309 1864 D.
324 1811 426 1863 Paulus
441 1812 475 1863 ad
493 1811 602 1863 Hebrae.
621 1825 646 1863 e.
663 1809 698 1862 13.
720 1837 750 1848 -
763 1809 799 1876 (i)
813 1811 892 1864 Unde
911 1811 1084 1864 Innocentius
1097 1813 1140 1865 111
1154 1815 1194 1867 ait
1209 1835 1217 1867 e

113 1929 115 1936 ,
196 1883 271 1938 Nulli
282 1897 404 1950 ecquem
418 1881 494 1936 licuit
511 1881 621 1935 insimul
636 1883 725 1947 plures
743 1893 839 1934 osores
857 1881 961 1945 laudere,
975 1883 1030 1935 nisi
1045 1885 1089 1936 eut
1104 1885 1159 1950 suit
1174 1885 1217 1938 oli·

196 1956 262 2009 olna
277 1954 437 2007 revelatione
458 1950 624 2018 concessum,
642 1967 708 2020 qua,
723 1967 778 2005 mos
799 1955 957 2020 quandoque
974 1955 1112 2008 interdum
1131 1960 1157 2010 el
1173 1957 1218 2023 fus

198 2031 318 2079 censetur
333 2047 339 2075 ι
354 2039 402 2090 per
413 2039 495 2091 quem
507 2025 573 2078 deut
587 2025 667 2078 lacot
679 2038 696 2076 a
710 2023 860 2087 mendacio,
874 2023 1031 2078 Israeliten
1042 2025 1126 2092 serto,
1137 2023 1218 2080 Satri-

198 2113 245 2150 sort
258 2097 296 2148 ab
307 2096 460 2159 homicidio,
475 2100 499 2149 et
515 2095 564 2147 elil
576 2095 632 2148 oiri
647 2095 727 2160 jaculi,
743 2095 790 2160 qul
812 2095 902 2159 plures
924 2095 1049 2160 lepuntur
1070 2097 1152 2148 simul
1166 2097 1217 2150 lte-

199 2168 282 2220 bulsse
295 2181 399 2228 umores,
412 2167 445 2218 ab
459 2167 598 2219 adulterio
610 2172 780 2218 recusantur.
800 2168 864 2232 Cep.
882 2167 897 2218 8
911 2168 945 2217 de
965 2167 1061 2219 divort.
1075 2195 1105 2206 -
1119 2169 1155 2233 (3)
1170 2171 1220 2222 Go-

199 2253 258 2291 nes.
277 2253 300 2290 c.
310 2239 333 2290 2.
344 2267 372 2276 -
381 2239 417 2302 (t)
432 2239 496 2304 Cap.
512 2239 546 2290 te.
557 2265 585 2276 -
596 2239 630 2303 (5)
639 2240 679 2288 lta
691 2239 807 2302 explicet
821 2239 992 2288 Innocentius
1005 2239 1041 2288 ΙΙΙ
1055 2239 1083 2288 in
1094 2240 1137 2290 cit.
1154 2255 1215 2307 cup.

199 2313 223 2370 8,
235 2311 267 2361 de
282 2309 377 2360 divort.
392 2337 422 2348 -
432 2309 467 2374 (6)
481 2310 551 2361 Sess.
566 2311 606 2371 24,
623 2324 645 2368 c,
661 2309 685 2360 2.
700 2309 787 2374 Hujus
804 2309 935 2374 naturalis
955 2311 1083 2376 praecepti
1104 2315 1218 2376 aequita-

199 2386 252 2433 tem
266 2382 372 2446 agnovit
385 2381 443 2445 ipse
460 2381 607 2444 Imperator
619 2379 798 2438 iustinianus,
815 2386 841 2430 et
859 2381 926 2444 tegis
941 2383 1078 2433 sanctione
1093 2381 1217 2447 firmavit,

200 2453 265 2504 dum
279 2451 460 2503 itedecrevit:
477 2469 487 2497 ι
504 2451 602 2502 Eadem
618 2451 725 2502 duobus
744 2456 830 2515 nupta
844 2465 903 2501 esse
923 2464 976 2502 non
994 2457 1090 2515 potest,
1105 2459 1131 2504 et
1151 2455 1219 2506 duas

203 2543 214 2574 α
231 2535 328 2575 uxores
340 2523 439 2574 habere
454 2523 548 2574 eodem
562 2529 681 2588 tempore
690 2536 744 2574 non
758 2521 818 2572 licet
834 2538 845 2567 n
862 2520 912 2587 (6,
922 2521 988 2574 lust.
1003 2522 1036 2574 do
1048 2527 1123 2590 nupt.

239 2713 300 2768 att.
318 2707 517 2784 polygamiae
535 2707 734 2767 successivum
751 2705 861 2766 licitam
882 2723 950 2767 esse
967 2714 1069 2784 aperte
1089 2708 1219 2772 declaret

197 2801 236 2858 Ἰ).
251 2797 358 2858 Paulus
370 2797 416 2856 his
430 2795 548 2856 verbis:
565 2795 670 2854 Mulier
683 2795 807 2870 altipeta
827 2802 868 2855 est
894 2795 957 2871 lepl,
971 2805 1081 2872 quertlo
1096 2805 1221 2874 ternpore

203 2887 249 2946 uir
262 2885 324 2960 ejus
337 2885 416 2956 olvit,
436 2885 553 2960 quodsi
571 2884 723 2943 dormierit
737 2884 784 2943 cir
802 2884 874 2958 ejus,
891 2884 1012 2944 liberato
1026 2893 1077 2959 est,
1093 2889 1140 2947 cul
1155 2889 1221 2948 vult

203 2974 306 3046 notet,
322 2980 440 3034 tuntum
454 2973 486 3032 in
500 2973 625 3031 Domino
645 2977 696 3046 (t).
720 2973 873 3032 Permissae
897 2972 966 3033 hinc
981 2983 1051 3034 sunt
1072 2978 1219 3052 secundos,

204 3065 234 3120 et
247 3061 403 3120 ulteriores
418 3061 526 3137 nuptiae
541 3078 548 3133 3
565 3061 619 3120 sed
632 3059 765 3120 secundo
787 3057 932 3122 nubentes
947 3060 1001 3120 viri
1021 3063 1096 3123 flunt
1108 3065 1221 3142 irregu-

203 3149 293 3222 lares,
308 3155 338 3208 et
349 3151 481 3209 secundo
495 3150 641 3210 nubentes
661 3149 801 3210 mulieres
824 3157 975 3226 nequeunt
994 3153 1153 3228 nuptialem
1169 3156 1221 3215 be·

205 3236 404 3298 nedictionem
417 3238 544 3315 amplius
558 3238 691 3314 recipere
705 3243 757 3311 (ἓ).
772 3243 883 3298 lterum
893 3239 967 3300 ratio
982 3249 1037 3315 est,
1053 3243 1120 3319 quia
1133 3243 1163 3302 in
1175 3261 1222 3304 se-

206 3326 305 3387 cundo
319 3325 498 3386 nubentibus
510 3326 609 3387 deficit
622 3326 797 3402 significatio
820 3326 936 3387 unionis
958 3330 1064 3390 christi
1087 3348 1152 3391 cum
1165 3336 1219 3393 Ec·

207 3415 298 3476 etesia
323 3431 387 3488 sua,
408 3432 474 3492 quae
495 3424 600 3493 typum
622 3415 796 3492 virginitatis
817 3417 955 3492 utrinque
977 3420 1077 3492 refert,
1100 3433 1222 3497 queque

208 3503 441 3564 Christianorum
452 3503 648 3565 matrimoniis
666 3504 753 3580 inest,
768 3511 798 3564 ct
812 3505 881 3580 quie
901 3506 1040 3582 nuptialis
1056 3509 1221 3570 benedictio

208 3591 375 3656 eommunis
386 3592 503 3670 utrique
511 3610 621 3670 sponso
633 3611 695 3670 non
709 3601 754 3656 est
767 3593 910 3672 iterando,
919 3602 953 3656 ut
965 3613 1026 3658 non
1035 3597 1156 3660 iteranti
1168 3599 1222 3661 he-
