2432 4078
476 659 696 743 nunnus
722 661 850 743 xxvr.
938 617 944 632 ⁸

271 925 309 970 nn
326 923 521 980 rcoommrona
539 925 674 974 nouoaou
691 927 746 974 vsu
763 927 846 974 acron
865 889 949 974 muna
967 927 1055 974 nvos.

154 1119 315 1174 sonarum:
330 1121 384 1174 oda.
400 1121 470 1174 batur
484 1122 548 1175 notio
562 1125 692 1176 tenuram
702 1127 725 1176 et
748 1124 815 1190 pacti.
827 1151 857 1164 -
871 1123 926 1176 old.
941 1123 1109 1177 Pactumeium
1122 1137 1158 1176 nu·

184 1193 239 1246 dum
248 1193 306 1259 parit
318 1193 486 1258 obligationem.
503 1221 530 1230 -
546 1194 602 1245 oll.
618 1194 661 1254 Qui
677 1195 783 1246 dicantur
795 1195 852 1258 veri,
865 1199 888 1248 et
899 1196 938 1262 qni
953 1195 1017 1262 quari
1030 1196 1160 1248 contradunt

184 1291 214 1304 —
231 1266 286 1318 dit.
301 1264 422 1325 Quomodo
436 1265 563 1319 dividantur
577 1265 727 1318 contractos?
741 1295 768 1303 -
779 1267 833 1319 613.
849 1265 906 1326 Quae
916 1267 1076 1319 consideranda
1088 1266 1161 1319 sintin

183 1336 344 1397 contractibus,
362 1340 384 1389 et
399 1338 532 1403 pactist-
547 1337 601 1388 ott.
622 1336 742 1396 Quomodo
762 1337 852 1390 deliniat
864 1351 990 1392 consensus
1001 1339 1078 1392 iisdem
1094 1352 1162 1390 neme·

183 1408 277 1462 mulus?
293 1437 319 1446 —
335 1411 390 1460 615:
404 1408 447 1468 Qui
460 1409 510 1475 lege
526 1407 686 1474 prohibeantur
698 1409 846 1461 contrahere?
861 1437 889 1448 -—
904 1409 959 1461 616.
978 1411 1022 1470 Qui
1042 1411 1070 1462 sit
1081 1411 1160 1462 menna

184 1483 313 1531 contractus
326 1479 465 1542 abscindet
478 1477 653 1531 conditionalis?
664 1507 695 1518 -
708 1480 764 1532 617.
779 1479 834 1539 Qua
843 1495 880 1532 rea
889 1479 992 1532 absolute
1005 1483 1161 1534 conventionem

183 1554 300 1614 respuant,
310 1555 333 1601 et
345 1565 395 1615 quaa
409 1550 518 1602 relative?
533 1551 624 1604 -618,
636 1551 818 1604 conventionum
831 1552 921 1604 viuculo
930 1555 980 1618 ipsa
993 1553 1089 1605 Ecdmia
1103 1553 1160 1620 juva·

184 1623 261 1684 vatur‚
276 1624 301 1672 et
313 1620 466 1688 adstrinpitur.
481 1649 512 1660 -
524 1623 579 1674 ott.
592 1621 719 1686 ouonplex
727 1621 758 1674 ait
771 1623 946 1676 conventionum
959 1621 1079 1690 obligatio?
1207 1633 1208 1636 ’

186 1810 250 1868 609.
275 1807 381 1866 Paucis
399 1808 561 1869 constituto
574 1810 642 1886 inre
660 1808 799 1870 Ecclesiae
816 1809 854 1869 ad
867 1827 921 1890 sua
932 1811 1014 1872 bona
1026 1817 1160 1888 tempora·
1207 1825 1208 1840 ¹

150 1897 200 1971 lio,
225 1896 384 1958 videndum
409 1913 490 1956 nuno
515 1897 601 1957 nobis
627 1898 757 1958 brevitor
783 1906 843 1972 est,
872 1901 1024 1974 quomodo
1046 1899 1162 1961 Ecclesia
1207 1897 1208 1980 i

153 1985 326 2061 temporalia
346 1985 426 2047 bona
449 1986 604 2061 acquirere
626 1985 729 2063 possit.
755 1991 818 2047 lion
842 1995 942 2048 autem
968 1988 1002 2048 flt
1024 1982 1162 2064 pernotus

151 2074 336 2148 interrivos,
352 2081 382 2136 et
395 2091 449 2151 per
463 2084 548 2135 actus
567 2075 679 2134 ultimae
699 2075 870 2136 voluntatis.
893 2083 985 2137 bolus
998 2077 1073 2138 inter
1088 2077 1162 2136 vivos
1207 2091 1208 2156 p

150 2164 189 2224 ad
202 2166 262 2224 duo
276 2181 393 2224 somma
406 2163 514 2240 capita,
529 2163 690 2224 scilicetod
703 2170 887 2241 contractae,
904 2172 933 2226 et
947 2167 988 2226 ad
1000 2165 1162 2227 donationes

148 2255 285 2316 revocari
296 2259 431 2330 possunt.

184 2350 359 2406 Contractus
373 2344 412 2403 nil
423 2343 566 2416 alludent,
582 2359 672 2419 quam
683 2343 855 2417 conventio;
873 2349 902 2404 et
911 2345 970 2404 late
979 2351 1110 2422 sumptus
1120 2343 1163 2401 de·

149 2435 259 2509 finitur,
273 2434 413 2507 duorum,
425 2432 469 2492 oei
479 2431 618 2508 pluvium
631 2432 665 2492 io
677 2431 756 2491 idom
767 2433 911 2508 petoritum
921 2451 1084 2494 consensor.
1098 2437 1163 2492 Con-

150 2531 264 2585 tractus
273 2521 500 2598 comprehendit
511 2527 642 2596 pactum,
653 2520 734 2596 quod
746 2537 812 2581 esse
825 2527 923 2597 potest
933 2523 1050 2582 nudum
1063 2523 1105 2582 vel
1119 2537 1163 2580 oe-

149 2614 263 2674 stitnm.
280 2617 403 2672 Pactum
416 2610 530 2670 nudum
544 2609 661 2683 dieitur,
673 2609 753 2684 quod
766 2609 797 2668 in
813 2611 884 2671 solis
896 2611 1095 2672 conventionis
1103 2625 1162 2668 ver·

148 2703 195 2762 bis
208 2700 356 2772 consistit;
372 2697 513 2758 vestitum
525 2715 609 2773 vero,
619 2704 727 2774 praeter
737 2698 969 2760 conventionum
980 2701 1071 2760 verba
1081 2697 1163 2758 babet

149 2805 281 2861 causam,
295 2789 343 2847 vel
357 2787 431 2862 legis
442 2786 699 2862 approbationem,
722 2788 770 2847 vel
784 2789 997 2863 juramentum,
1012 2790 1059 2850 vel
1075 2795 1116 2848 est
1133 2786 1162 2844 in

148 2883 305 2938 contractu
324 2893 510 2950 expressum,
533 2877 581 2935 vel
601 2875 630 2934 in
653 2881 807 2936 contractu
830 2875 916 2936 inest.
938 2879 1163 2938 Rationemusae

148 2983 196 3027 ex.
217 2982 261 3041 gr.
277 2971 400 3040 pactum
420 2965 459 3024 de
479 2963 653 3038 mutuando,
673 2964 722 3024 vel
735 2964 773 3024 de
794 2965 1014 3027 commodando
1037 2973 1098 3026 ante
1120 2961 1163 3022 rei

146 3054 334 3116 traditionem
361 3050 469 3113 dicitur
487 3053 612 3128 nudum,
633 3058 662 3112 et
679 3058 748 3128 post
765 3052 809 3112 rei
826 3053 1015 3117 traditionem
1030 3052 1164 3116 vestitum

148 3145 338 3221 appellatur(
357 3147 379 3216 t.
1057 3194 1059 3200 .

176 3308 211 3372 (tt
227 3307 271 3358 Sic
284 3303 318 3356 ob
332 3303 400 3368 logis
420 3303 642 3368 approbationem
664 3301 763 3354 dicitur
782 3290 910 3356 vestitum
928 3307 1035 3370 pactum
1053 3303 1082 3355 do
1098 3303 1162 3353 dota

143 3378 298 3444 praestonda
312 3376 346 3428 ob
369 3375 531 3426 matrimonii
548 3375 682 3436 favorem
704 3377 813 3438 pactum
832 3376 1009 3440 purejurondo
1031 3377 1162 3426 firmatum

143 3451 177 3500 ob
192 3451 311 3502 savorem
325 3446 462 3510 religionis
475 3466 482 3508 t
496 3450 523 3498 et
538 3451 647 3510 pactum
669 3445 809 3497 habitandi
824 3445 933 3498 domum
949 3449 984 3500 ad
998 3453 1094 3512 tompus
1110 3444 1161 3496 ad·

67 3562 71 3568 .
138 3521 242 3584 jectum
256 3519 356 3583 inipso
372 3519 511 3568 contracto
523 3516 685 3570 venditionis
697 3517 786 3582 ipsius
795 3517 900 3572 domus.
