2492 4020
506 628 712 712 nimbos
738 627 833 712 ttttt.

286 861 323 907 nn
340 861 531 908 rmmrnunro
550 849 686 921 camnis,
704 859 759 920 v1s,
778 858 866 904 navos
884 858 918 904 mr
936 857 1053 904 ntrrus.

159 1032 322 1087 bossemont:
334 1033 386 1086 388.
397 1033 453 1094 Qne
463 1034 507 1086 sint
523 1033 616 1086 erimina
626 1032 739 1084 therentio
750 1032 933 1097 impedimentum
946 1031 1071 1084 dtnmunst
1081 1057 1113 1070 -
1128 1032 1185 1084 389.
1241 1073 1242 1078 ,

190 1105 248 1164 Quid
258 1107 289 1158 sit
301 1107 335 1157 vis
349 1110 371 1158 et
389 1108 480 1158 mutuat
492 1133 522 1144 -
536 1105 590 1157 390,
601 1104 750 1165 (luendorum
762 1106 795 1156 vis
807 1109 830 1156 et
842 1109 916 1156 metus
925 1105 984 1155 idern
999 1103 1188 1170 impedimentum
1241 1103 1242 1138 ἶ

189 1177 283 1228 merant
294 1204 325 1215 -
336 1178 389 1228 391.
405 1177 464 1237 Quid
473 1178 503 1229 eit
515 1181 601 1242 ruptus,
615 1181 638 1226 et
650 1176 791 1242 quotuptert
806 1176 861 1228 392.
883 1203 913 1214 -
934 1174 1082 1235 Quandouam
1105 1181 1188 1240 raptus
1241 1177 1242 1222 t

189 1248 301 1302 violentie
322 1248 403 1300 ederat
426 1249 608 1314 impedimentum
626 1246 750 1299 dirimeret
761 1275 792 1286 -
806 1247 859 1298 393.
875 1249 910 1298 hu
927 1247 986 1297 idom
999 1247 1188 1312 inpedimentum
1241 1247 1242 1290 i

189 1322 274 1374 ortatur
282 1335 310 1372 ex
318 1325 383 1386 raptu
391 1320 551 1372 seductionis?
567 1346 594 1357 -
609 1319 664 1372 ddi.
680 1319 809 1371 taumatnr
823 1317 913 1385 quando
925 1319 1005 1370 mutter
1018 1319 1078 1384 rupit
1089 1319 1186 1370 dromi
1241 1349 1242 1388 3

192 1493 255 1550 388.
278 1493 347 1548 ttaec
373 1485 584 1565 impedimenta
606 1485 828 1546 matrimonium
855 1483 1022 1546 dirimentis
1050 1501 1090 1545 ent
1111 1485 1186 1546 dolo
1241 1511 1242 1530 2

155 1579 234 1640 malo
248 1577 429 1654 procedunt3
445 1575 572 1651 ideoque
585 1575 671 1636 simul
683 1579 858 1636 tractantur.
873 1575 989 1635 Crimen
1009 1573 1184 1650 producens

156 1666 401 1742 impedimentum
421 1672 467 1725 est
484 1664 612 1741 duplex,
634 1662 792 1724 nimirum:
810 1663 998 1738 adulterium,
1013 1669 1043 1723 et
1056 1663 1187 1724 homiui·
1241 1667 1242 1720 t

156 1756 259 1828 dium3
274 1771 341 1831 quae
356 1753 508 1830 tripliciter
525 1760 651 1829 possunt
663 1753 813 1829 componi,
834 1753 974 1814 nimirum
992 1755 1058 1813 :vel
1073 1760 1120 1813 est
1140 1771 1187 1814 su·

156 1847 218 1906 lum
231 1841 418 1916 adulterium,
436 1843 592 1902 valseium
605 1842 807 1915 homicidium,
823 1844 871 1903 vet
884 1843 1062 1904 adulterium
1077 1848 1108 1902 et
1126 1842 1183 1902 ho·

154 1934 308 1996 micidium
321 1931 418 1992 simut.
434 1935 479 1992 Ex
493 1932 558 1992 solo
569 1931 716 1992 adulterio
738 1931 903 2008 apartibus
921 1930 1092 2004 commisso,
1114 1947 1185 2008 quae
1241 1925 1242 2010 ᾖ

154 2023 219 2086 veri
234 2021 415 2084 matrimonii
438 2019 627 2082 existentiam
646 2037 707 2081 non
729 2020 917 2098 ignorabant,
938 2019 1032 2082 oritur
1054 2019 1183 2098 impedi·

153 2119 300 2180 mentum,
314 2111 340 2170 si
361 2110 498 2182 adulteri,
517 2109 615 2186 primo
634 2109 754 2170 vivente
774 2111 911 2186 conjuge,
936 2109 1014 2170 inter
1031 2125 1064 2169 se
1076 2109 1184 2170 matri-

154 2200 289 2264 monium
302 2197 510 2260 attentaverint
522 2202 575 2274 (t),
588 2199 637 2260 vel
646 2200 684 2260 de
698 2199 903 2261 contrahendo
911 2198 1102 2260 matrimonio
1112 2205 1184 2276 post

153 2295 283 2350 mortem
311 2285 446 2364 coniugis
467 2288 524 2347 eibi
543 2301 647 2348 veram
671 2287 807 2348 dederint
830 2288 920 2348 tidem
938 2290 990 2360 (Ξ).
1013 2286 1088 2348 ttinc
1110 2303 1184 2348 reus

55 2419 60 2428 -
153 2376 288 2438 adulterii
305 2382 374 2452 post
387 2393 450 2436 suae
463 2375 599 2452 conjugia
613 2381 742 2435 mortem
758 2392 816 2436 non
827 2382 926 2452 potest
939 2376 1052 2436 ducere
1065 2376 1112 2436 sui
1127 2377 1183 2436 cri·

153 2465 242 2528 minis
264 2464 450 2542 complicem,
471 2481 541 2524 cum
564 2481 633 2540 qua,
654 2481 710 2524 sua
727 2463 844 2525 vivente
868 2465 1008 2541 conjuge,
1029 2465 1182 2541 sponsalia

153 2554 303 2616 contraxit
316 2554 354 2615 de
365 2553 475 2626 tuturo,
487 2553 537 2613 vel
550 2553 588 2613 de
601 2551 741 2628 praescnti
754 2553 931 2613 contrahere
942 2550 1106 2612 attentarit.
1122 2551 1183 2612 sed

153 2643 179 2703 si
198 2643 306 2704 horum
327 2643 454 2702 atterum
476 2640 604 2714 deficiat,
624 2648 654 2701 et
673 2641 698 2701 si
720 2642 817 2702 solum
830 2640 1010 2701 adulterium
1031 2639 1095 2700 aine
1109 2657 1183 2716 puo-

152 2731 305 2806 missione,
328 2737 380 2790 aut
399 2735 541 2790 attentato
556 2729 761 2803 matrimonio;
775 2730 823 2790 vet
843 2729 1001 2806 promissio
1014 2726 1105 2788 loturi
1117 2743 1183 2787 mu·

129 2818 293 2891 ¹trimonii,
326 2825 377 2878 aut
400 2817 580 2879 matrimonii
608 2817 762 2879 attentatio
787 2819 851 2878 sine
878 2816 1035 2892 adulterio,
1062 2816 1181 2877 nullum

46 2925 51 2936 ·
152 2907 303 2968 suboritur
316 2905 587 2982 impedimentum(
608 2911 629 2979 ).

187 2999 232 3056 Ex
245 2995 311 3056 solo
334 2994 491 3054 homicidio
512 2995 673 3055 commisso
697 2995 728 3054 in
753 2993 907 3071 complicis
934 2995 1062 3069 conjuge
1084 2993 1182 3053 uritur

151 3084 407 3161 impedimentum,
434 3081 710 3158 siips1complicee
737 3083 858 3159 conjugi
876 3080 1027 3142 innocenti
1056 3097 1094 3140 eo
1119 3081 1181 3141 tine

150 3179 280 3234 mortem
299 3169 459 3243 intulerint,
486 3177 518 3230 ut
535 3176 660 3246 possent
678 3170 803 3231 intense
820 3169 1041 3230 matrimonium
1055 3175 1178 3230 contra·

151 3261 223 3322 here
239 3279 246 3322 :
262 3275 331 3320 uam
344 3265 508 3336 competent
520 3259 586 3335 puis
605 3258 693 3318 illum
707 3258 811 3320 trahere
824 3261 859 3318 in
871 3275 996 3318 umorem
1010 3259 1094 3334 eujus
1109 3273 1177 3316 mo·

151 3350 247 3410 ritum
268 3347 368 3409 oceidit
389 3347 607 3408 machinatione
628 3348 722 3424 ipsius
743 3347 879 3408 mulieris
900 3351 952 3420 (t).
968 3351 1064 3420 Quare
1079 3347 1105 3406 si
1118 3361 1180 3406 una

152 3443 267 3500 tumtum
279 3453 351 3514 pers
364 3436 478 3513 absque
490 3436 611 3497 atterius
624 3436 842 3497 machinatione
854 3435 959 3498 mortis
975 3451 1065 3496 causa
1076 3433 1178 3508 luerit,

150 3527 208 3604 pet,
221 3528 317 3589 ambe
330 3525 451 3605 quidem
466 3531 568 3604 partes
581 3531 710 3588 mortem
733 3525 843 3588 interro
867 3524 1086 3600 attentaverint,
1110 3539 1178 3600 qne
