2524 4080
549 199 710 256 qm-

113 345 125 374 ι
140 323 175 376 tis
188 323 264 388 lapse
276 321 391 386 erigunt,
405 321 516 386 fatigate
534 325 670 388 reparant,
680 335 735 374 non
751 322 839 376 minus
855 323 1130 389 prouidentbumano

112 393 241 462 «generi,
264 405 344 458 quem
359 393 382 444 si
396 393 509 458 praeliis,
532 397 612 459 atque
630 394 788 446 vulneribus
808 395 934 460 patriam,
952 400 1131 461 parentesque

89 489 91 496 ·
112 487 124 516 ι
140 467 283 518 salvarent.
300 463 357 515 Nec
367 463 438 514 enim
452 464 524 516 solos
539 469 630 516 nostro
645 465 757 530 imperio
772 465 888 517 militene
911 467 1047 518 credimus
1062 467 1131 530 illos,

113 537 191 603 «qui
205 534 311 599 gladiis,
338 532 449 600 clypeis,
469 535 625 587 thoracibus
646 537 778 598 nituntur,
802 535 849 588 sed
872 537 953 588 etiam
970 538 1133 590 advocatos:

112 628 124 657 ι
140 605 257 658 militent
269 618 386 670 namque
401 617 545 658 causarum
556 607 670 671 petroni,
683 607 729 672 qui
744 605 868 672 gloriosae
881 609 955 660 vocis
969 609 1062 660 contlsi
1073 623 1135 660 mu·
1164 669 1168 676 ⁴
1260 643 1261 662 l

112 675 240 730 immine
263 676 444 728 laborantium
470 690 557 742 spem,
570 677 661 739 vitem,
687 680 713 728 ot
733 682 854 744 posteros
873 678 1057 732 detendunt»
1082 681 1137 732 Sed

111 746 279 814 temporibus
302 747 402 798 nostris
421 748 656 800 vehementissimo
676 747 829 808 dolendum.
844 750 915 814 quod
932 751 1042 814 plurimi
1064 750 1137 802 inter

111 819 253 872 advocatos
267 817 446 870 sacerdotlum
463 819 578 884 justitiae
602 819 779 879 deseruerint.
801 825 828 874 et
843 820 960 872 ministri
974 821 1134 888 impietatis,

110 892 139 943 et
151 889 280 942 liccloslra
291 903 325 943 ac
339 890 476 944 societatis
489 889 630 944 carnifices
642 886 706 944 iacti
720 891 784 943 sint

145 1097 208 1156 753.
228 1097 308 1154 luter
330 1099 557 1170 procuratorem
576 1097 606 1152 et
627 1091 807 1154 advocetum
820 1095 885 1154 beec
898 1099 968 1153 sunt
982 1093 1135 1170 praecipua

109 1181 280 1244 discrimine
300 1201 307 1242 :
331 1187 362 1241 l⁰
376 1189 554 1259 procurator
574 1179 664 1242 debet
682 1181 825 1243 exhibere
846 1183 1030 1256 mandatum,
1052 1181 1136 1259 quod

109 1287 170 1331 non
185 1269 344 1344 requiritur
364 1269 395 1330 iu
415 1271 577 1344 advocnto3
595 1275 627 1332 2⁰
649 1278 828 1346 procurator
850 1276 920 1347 post
933 1270 1016 1330 litem
1030 1278 1135 1331 conte-

109 1364 216 1419 statam
227 1359 261 1417 fit
269 1358 408 1420 dominus
422 1358 514 1434 ipsius
524 1359 593 1434 litis,
604 1361 687 1436 quod
699 1377 760 1420 non
772 1359 916 1436 contingit
929 1360 959 1420 in
971 1360 1132 1433 advocet03

110 1453 141 1508 3ο
155 1448 180 1508 si
195 1452 372 1524 procurator
385 1447 536 1523 delinquat
555 1448 586 1507 in
600 1465 655 1507 suc
670 1449 769 1509 officio
784 1455 902 1509 tenetur
914 1448 1031 1508 actione
1047 1465 1135 1509 man-

110 1537 181 1610 deti,
198 1535 361 1598 advocatus
373 1552 445 1596 vero
459 1542 575 1598 tantum
589 1537 705 1598 notione
717 1537 795 1611 doli3
818 1544 849 1598 4⁰
872 1537 1076 1614 procuratoris
1089 1537 1134 1598 oi-

109 1624 211 1684 lloium
223 1630 269 1684 est
288 1641 448 1685 onerosum
463 1631 494 1684 et
513 1625 670 1700 privatum,
684 1625 758 1685 illud
776 1632 876 1686 cutem
889 1623 1025 1684 advocati
1038 1625 1134 1684 hono-

109 1713 225 1772 rificum
244 1718 273 1771 et
298 1712 459 1788 publicum.
483 1713 555 1772 llinc
572 1713 640 1788 jure
661 1714 806 1773 canonico
826 1718 1003 1790 procurator
1025 1713 1135 1772 invitus

109 1818 170 1861 non
184 1802 301 1875 cogitur
314 1807 472 1876 acceptare
492 1801 666 1862 mandatum
681 1805 739 1876 (l);
758 1803 920 1862 advocatus
933 1818 1006 1862 vero
1021 1817 1076 1878 per
1086 1801 1136 1877 ju-

109 1889 207 1950 dicem
220 1887 359 1964 compelli
370 1895 469 1964 potest
482 1889 521 1948 ad
535 1889 730 1964 patrocinium
743 1891 821 1951 illius
835 1889 1069 1966 suscipiendum,
1085 1889 1137 1966 qui

109 1995 170 2039 non
182 1977 274 2038 babet
289 1977 477 2038 defensorem
488 1980 540 2048 (l).
555 1977 688 2038 Diximus
701 1995 740 2038 ex
754 1980 822 2055 jure
834 1977 995 2050 canonico3
1012 1995 1084 2038 nem
1097 1995 1136 2038 ex

105 2066 173 2141 jure
192 2064 270 2124 civili
293 2073 423 2139 curator,
440 2065 482 2124 uti
496 2073 675 2142 procurator
703 2065 895 2138 absentibus,
921 2072 951 2126 et
969 2064 1135 2128 haerediteti
1173 2121 1175 2124 .

106 2153 217 2231 jacenti
232 2153 298 2214 deri
312 2160 409 2231 potest
423 2153 512 2215 etiam
525 2154 645 2215 invitus.

139 2309 176 2376 (l)
188 2309 254 2378 Arg.
270 2323 328 2378 cap.
343 2312 364 2372 l.
380 2310 414 2364 do
429 2313 565 2377 procuret,
577 2310 606 2362 in
616 2312 638 2364 6.
652 2339 675 2350 -
692 2311 728 2377 (t)
739 2312 803 2378 Arg.
818 2325 878 2378 cep.
891 2310 1037 2374 l.deoffie.
1048 2311 1133 2380 judic.

144 2516 207 2572 llll.
227 2517 405 2573 Procurator
418 2512 507 2572 debet
520 2511 663 2572 exhibere
676 2513 860 2589 mandatum,
874 2513 956 2590 quod
974 2514 999 2573 si
1019 2515 1135 2576 laboret

108 2599 190 2674 vitio,
210 2601 324 2663 nullum
337 2607 491 2679 reputetur
513 2600 666 2677 Judicium,
687 2602 756 2676 quin
773 2603 838 2662 selei
857 2604 1062 2680 procuratoris
1080 2621 1134 2664 cx-

109 2689 207 2764 ceptio
220 2698 285 2750 tum
304 2697 383 2765 ente,
405 2697 468 2750 tum
481 2697 551 2766 post
571 2690 748 2750 sententiam
767 2690 856 2765 obiici
869 2697 968 2766 potest
979 2695 1030 2763 (l).
1053 2697 1133 2752 llan-
1240 2697 1245 2708 '

108 2779 211 2839 datum
233 2785 332 2839 entem
351 2797 391 2839 ex
408 2781 475 2855 jure
500 2779 645 2838 canonico
664 2785 762 2853 potest
783 2793 849 2839 esse
878 2795 1060 2854 effractum,
1085 2783 1132 2842 vel

106 2875 340 2943 presumptum?
361 2868 434 2928 illud
456 2867 560 2928 litteris
583 2869 770 2939 efformatum
794 2869 852 2926 hoc
873 2867 988 2928 ratione
1009 2871 1132 2945 propin-

109 2954 227 3041 quitatis
240 2955 317 3014 inter
332 2955 534 3030 mandentem,
550 2960 578 3015 et
592 2956 808 3015 mandatarium
830 2956 867 3015 nb
892 2955 957 3031 ipsa
972 2958 1040 3032 lege
1055 2974 1132 3032 prtu-

108 3043 243 3116 snmilur‚
259 3049 292 3104 ut
305 3043 336 3102 in
348 3061 420 3104 casu
435 3044 528 3119 patris
542 3061 597 3120 pro
611 3045 682 3117 filio,
699 3044 803 3104 tutoris
821 3061 876 3120 pro
891 3043 1013 3120 pupillo,
1035 3045 1132 3104 meriti

109 3149 164 3208 pro
187 3149 306 3206 uxore3
327 3133 442 3194 lucilius
462 3140 562 3193 temen
585 3132 774 3208 praesumitur
799 3151 855 3208 pro
877 3149 940 3206 reo,
963 3150 1053 3210 quum
1076 3151 1131 3209 pro

108 3228 218 3295 actore,
234 3220 303 3297 quie
312 3223 382 3298 Jura
395 3222 510 3282 facilius
525 3222 695 3283 concedunt
708 3221 921 3296 defensionem,
937 3239 1028 3298 quom
1039 3223 1130 3283 ectio-

107 3327 185 3370 nem.
201 3315 274 3372 Item
289 3319 468 3387 potestesse
484 3311 618 3388 pectorate
635 3302 673 3370 ad
688 3328 921 3385 omnesomnes,
944 3313 992 3374 vel
1010 3314 1130 3390 speciale

107 3399 145 3456 cd
159 3398 272 3474 aliquas
290 3407 404 3460 tentum
431 3403 482 3468 (t).
505 3399 699 3460 Nihilominus
721 3406 898 3477 procurator
912 3419 983 3462 cum
1000 3401 1129 3477 generali

106 3485 245 3544 mandato
268 3503 328 3545 non
353 3491 450 3560 potest
470 3487 607 3560 quaedam
628 3487 766 3562 graviora
787 3488 817 3548 in
841 3504 932 3548 cauea
955 3489 1128 3565 regulariter

106 3585 259 3646 peregere,
287 3573 329 3631 nti
354 3573 429 3631 foret
452 3573 653 3646 juramentum
678 3575 814 3650 deterre,
841 3577 889 3638 vel
916 3575 1047 3638 delatum
1074 3591 1124 3636 nc-
