2410 4068
513 667 719 750 TITULUS
750 665 827 748 XV.

441 927 478 974 118
495 923 650 975 ammons
667 923 896 972 monnaumlcls.

155 1114 317 1172 sunniam:
331 1117 387 1172 470.
400 1118 470 1184 0riqo
482 1115 653 1172 beneficiamus.
667 1141 700 1154 -
713 1115 768 1168 471.
784 1114 922 1167 maeldum
936 1113 1115 1168 cedendam
1126 1113 1181 1166 defi·

187 1191 256 1242 nitur.
266 1219 297 1229 -
309 1191 363 1242 471.
380 1190 436 1251 Qua
448 1190 591 1255 requirantur
603 1187 716 1252 adipsum
730 1187 912 1238 constituendum
922 1189 934 1237 1
946 1211 977 1226 -
990 1187 1047 1238 473.
1060 1185 1181 1238 Beneficio

188 1275 239 1312 ιιιιιι
253 1261 343 1314 divisio.
357 1287 387 1302 -
401 1261 457 1314 474.
471 1264 506 1313 in
516 1261 545 1312 ad
554 1259 703 1312 auferendum
716 1257 850 1310 1ιιιιοι1ιιιιι
859 1258 963 1310 manuale
975 1257 1104 1323 requiratur
1112 1257 1181 1322 eliqua

190 1332 280 1386 muse?
293 1360 323 1371 -
337 1331 393 1384 475.
407 1331 521 1385 Beneficia
532 1333 620 1398 majora
633 1341 647 1382 ι
660 1331 731 1394 Papa,
744 1330 832 1382 minora
848 1329 877 1380 ab
890 1328 1005 1394 Episcopo
1019 1329 1142 1392 erigamur.
1151 1351 1181 1366 -·

188 1405 244 1456 416
255 1403 314 1462 quil
327 1402 494 1455 observandum
505 1403 531 1454 ln
543 1403 657 1454 erectione
666 1400 857 1452 canonicatuum?
867 1419 897 1439 ι-
907 1400 961 1450 tlt.
977 1401 1033 1458 Qua
1044 1399 1181 1451 conditioues

188 1475 213 1529 iu
227 1473 390 1526 beneflciomro
398 1475 512 1526 crectiom
521 1473 610 1540 possint
621 1471 768 1538 apponii-
787 1473 841 1522 178.
850 1473 886 1522 An
895 1471 1017 1538 capellania
1025 1471 1110 1522 laicalis
1117 1469 1181 1534 quenl

189 1543 551 1675 ffipllglmfflugninblr'euflefldum
562 1544 683 1668 eerilqi‘l-
652 1618 666 1666 ἵ
651 1542 750 1595 -.170
762 1541 1058 1638 adpraesentasset,
1071 1555 1101 1593 uu
1109 1540 1181 1606 capel·

294 1630 319 1668 ca
443 1630 455 1667 a
472 1629 531 1668 dum
554 1631 568 1668 r
597 1629 645 1668 uon
880 1644 884 1651 -
1029 1658 1036 1672 ,

192 1823 256 1881 470.
269 1823 339 1880 Post
345 1820 440 1878 factas
453 1818 726 1880 andnadveraiones
739 1818 880 1878 derebus
893 1815 1033 1878 Ecclesiae
1046 1815 1181 1893 spiritua-

158 1908 246 1984 libus,
267 1909 308 1968 ad
331 1909 509 1983 temporales
532 1907 749 1984 progredimur,
764 1906 842 1967 inter
855 1923 929 1984 quas
942 1905 1124 1982 praecipuum
1137 1911 1181 1964 te-¹

157 2005 231 2058 nent
247 1999 349 2058 locum
370 1995 586 2057 beneficiorum
609 1997 731 2058 fructus.
752 1997 827 2058 llino
842 1995 939 2073 prima
952 2001 998 2058 est
1018 1995 1177 2072 disquisitio

158 2088 196 2146 de
210 2085 375 2148 beneflciis.

194 2179 314 2235 Certum
323 2180 369 2234 est
382 2177 452 2234 ante
465 2175 607 2236 saeculum
619 2175 757 2236 Ecclesiae
765 2175 902 2252 quintum
916 2173 998 2236 nuella
1009 2173 1101 2234 fuisse
1113 2189 1179 2232 vera

157 2261 302 2326 beneficia
316 2261 526 2323 ecclesiastica.
542 2263 647 2324 Clerici
660 2269 729 2324 ante
742 2265 801 2325 hoo
819 2271 947 2340 tempus,
971 2263 1010 2322 ad
1023 2263 1116 2324 instar
1127 2262 1178 2322 mi·

158 2353 244 2414 litum
264 2371 282 2416 a
299 2351 422 2429 proprio
445 2353 531 2425 duce,
547 2352 616 2412 vitae
640 2352 787 2428 stipendia
807 2353 924 2426 diurna,
938 2359 1179 2414 auimanstmaa

157 2441 281 2517 proprio
306 2442 455 2518 Episcopo
480 2459 519 2502 ex
540 2441 749 2502 communibus
772 2441 860 2502 bonis
882 2442 1041 2518 capiebant
1060 2445 1117 2516 (l);
1132 2439 1178 2516 qui

157 2547 228 2605 cum
255 2546 379 2590 assensu
407 2529 586 2606 presbyterii
608 2546 660 2590 eos
678 2530 849 2605 deputabat,
870 2532 961 2591 modo
985 2532 1024 2590 ad
1038 2531 1177 2592 sibiadsi-

157 2620 297 2682 stendum
323 2619 352 2677 in
374 2619 506 2678 Ecclesia
527 2617 663 2691 civitatis,
685 2618 777 2677 modo
791 2617 830 2678 ad
843 2619 1006 2694 regendam
1023 2619 1177 2682 Ecclesiam

157 2708 297 2767 ruralem.
311 2707 423 2766 Deinde
443 2708 554 2767 saeculo
568 2712 654 2767 sexto
668 2712 738 2783 post
757 2708 866 2767 lactem
880 2708 1029 2769 honorum
1046 2708 1176 2770 ecclesie·

158 2794 301 2854 stieomm
315 2793 491 2854 divisionem
505 2795 536 2854 in
552 2801 680 2870 quatuor
690 2801 789 2870 partes
804 2799 855 2869 (1),
873 2798 1012 2872 quaedam
1028 2798 1108 2858 bons
1120 2799 1175 2858 dle·

157 2882 227 2942 rieis
242 2881 384 2942 advitam
405 2885 579 2944 sustinenda
601 2884 684 2944 credi
702 2883 881 2960 singillatim,
907 2893 958 2947 aut
978 2885 1174 2948 commendari

156 2977 302 3046 ceperunt
320 2975 372 3044 (3),
391 2987 428 3032 ac
450 2978 556 3048 postea
583 2974 693 3033 aeecqu
718 2991 799 3042 nono
818 2975 967 3036 beneficia
984 2975 1175 3036 ecclesiastice

74 3122 86 3132 ν
155 3057 344 3135 reperiuntur
357 3059 508 3120 nominata
526 3062 556 3120 in
570 3077 685 3122 cauom
696 3061 816 3124 concilii
830 3064 993 3140 lloguntini
1007 3069 1058 3139 (l).

186 3221 421 3288 (immanescere
436 3223 591 3288 Clerioijus
608 3226 812 3278 sustentationis
830 3241 864 3280 ex
880 3228 961 3280 bonis
980 3227 1170 3285 ecclesiasticis.

152 3293 224 3359 quod
238 3294 370 3346 naturalis
385 3294 462 3354 ratio,
473 3295 565 3360 dqouit
578 3309 670 3348 omnes
686 3302 789 3362 gentas,
791 3299 831 3363 iet
850 3299 944 3352 Deus
936 3314 965 3351 ιιι
978 3301 1061 3352 veteri
1075 3306 1100 3352 et
1114 3312 1171 3352 noro

153 3365 313 3417 testamento
323 3365 455 3430 probavrt
467 3367 529 3418 Lev
542 3382 564 3420 o.
576 3369 722 3420 idimon.
734 3369 798 3421 idei
811 3371 944 3423 Paulusl
955 3371 1061 3423 adCor
1072 3374 1095 3423 0.
1104 3371 1171 3423 Unda

155 3429 226 3488 illud
240 3437 389 3488 iunocentii
398 3438 436 3488 Ill
449 3452 483 3490 ex
495 3439 621 3503 Apostolo
634 3440 817 3505 desumptum.
830 3441 881 3507 Qui
894 3443 980 3496 altori
991 3443 1080 3503 saraia
1092 3443 1168 3495 nitere

160 3507 233 3561 deora
250 3507 281 3560 dc
296 3509 389 3563 altori.
403 3509 468 3574 cap.
487 3509 513 3561 16
526 3510 560 3562 do
564 3510 753 3583 praebend
724 3513 804 3578 (1)
818 3513 883 3566 Can
898 3515 927 3566 17
942 3514 1021 3574 cido.
1034 3529 1056 3566 c.
1071 3515 1096 3566 11
1099 3514 1168 3580 ι,.1.
