2494 4062
530 199 676 255 ..ap-

94 322 268 375 sacramentis
282 321 450 388 praeparatio
460 321 722 388 requiritur‚quanto
733 319 819 384 magis
833 319 860 372 in
872 319 1044 372 Sacramenta
1057 330 1117 370 me·

93 395 216 456 trimonii,
233 395 307 458 quod
326 407 457 446 summam
475 394 537 448 vitm
551 395 675 444 humanae
693 393 720 444 in
734 392 929 456 spiritualibus.
945 398 970 443 et
981 397 1113 456 tempora·

93 465 160 516 libus
174 473 260 516 tenet.
276 465 356 518 Unde
370 476 448 516 nemo
462 465 555 515 mirari
570 465 659 523 debet,
672 465 695 514 si
710 464 877 514 matrimonia
890 463 992 528 absque
1009 461 1117 526 praeviia

94 537 264 602 sponsalibus
286 537 503 601 celebrataque
517 541 605 586 tomen
624 535 714 586 valida
728 539 799 594 sunt,
813 547 885 598 saepe
902 533 972 584 male
992 538 1116 584 vertant:

94 610 153 672 quia
166 606 283 672 difficile
301 613 347 666 est,
359 611 389 659 ut
404 607 471 659 bono
484 611 651 672 pererrantur
664 605 747 661 emta,
761 619 817 672 qua
832 607 902 656 moto
915 606 977 657 ruat
990 603 1118 656 iacltoattt

96 679 318 743 principia-Can.
333 680 373 738 ts,
388 693 409 730 c.
428 680 450 738 l,
462 692 488 743 q.
507 679 527 729 l.
543 677 656 730 Peroobi
669 683 758 729 tamen
773 690 867 729 cavere
877 677 986 734 debent.
996 675 1019 727 si
1034 676 1060 726 in
1075 689 1119 726 eo·

98 763 152 800 ram
166 751 317 814 praesentia
326 749 519 802 contrabantur
533 749 679 814 sponsalia,
693 745 764 800 nt'in
778 748 940 813 quibusdam
955 746 1118 799 dioecesibus

98 821 234 885 contingit,
249 835 285 871 ne
299 821 417 879 subdoli,
428 821 471 872 vel
488 821 641 885 ignorantes
655 820 748 885 sponsi
762 833 855 870 verum
874 819 965 869 ineant
978 820 1117 870 matrimo-

96 892 178 953 nium,
188 889 255 942 dum
265 892 301 941 de
315 891 391 958 puris
405 891 578 956 sponsalibus
592 891 691 958 agitur,
702 889 774 957 quod
789 893 859 942 oerte
869 888 970 940 malum
980 888 1120 954 vitabitur,

97 961 120 1014 si
131 961 223 1014 desint
237 967 330 1015 testes.

131 1185 195 1242 stt.
211 1185 383 1242 consensus
403 1181 442 1242 ad
461 1182 610 1259 sponsalia
627 1183 716 1244 debet
730 1199 797 1244 essa
817 1187 953 1254 matum,
968 1178 1031 1240 sire
1046 1179 1123 1256 talis,

96 1277 129 1330 ut
150 1270 294 1346 importet
309 1288 348 1330 ex
366 1288 427 1332 una
439 1281 524 1348 parte
548 1273 788 1348 promissionem,
799 1278 828 1332 ct
846 1287 885 1330 ex
899 1270 955 1330 alia
968 1269 1129 1346 repromis-

98 1360 225 1432 sionem,
239 1361 320 1436 quod
334 1367 477 1422 Doctores
492 1369 600 1422 eruunt
614 1379 653 1422 ex
668 1363 763 1422 forma
778 1361 841 1421 veri
856 1358 1050 1423 contrahendi
1065 1375 1124 1418 rna·

99 1448 238 1521 trimonti,
254 1449 285 1507 in
300 1466 358 1527 qua
372 1449 449 1510 diota
464 1449 633 1525 promissio,
649 1455 679 1510 et
691 1449 882 1530 repromissio
898 1455 943 1508 est
957 1453 1008 1522 tl).
1027 1451 1123 1520 Quare

97 1537 257 1613 promissio
271 1555 290 1598 a
305 1555 417 1614 sponso
433 1539 523 1611 facta,
542 1544 572 1598 et
591 1556 609 1598 a
624 1555 734 1616 sponsa
753 1537 924 1614 simpliciter
941 1537 1053 1613 absque
1076 1553 1124 1597 re·

97 1625 298 1702 promissione
307 1633 470 1703 acceptata,
481 1643 541 1686 non
550 1625 663 1686 inducit
672 1644 726 1702 per
735 1644 767 1686 se
777 1632 897 1704 pactum
907 1623 1123 1702 sponsalitium,

98 1715 151 1774 sed
163 1721 286 1791 pactum
299 1714 419 1776 alterius
433 1713 560 1790 generis,
576 1716 656 1792 quod
667 1722 767 1778 tamen
778 1715 954 1792 prounttens
969 1714 1056 1774 debet
1069 1713 1123 1772 ob-

98 1819 232 1876 servare,
256 1803 367 1878 quiesi
389 1821 518 1879 semper,
542 1801 672 1864 maxime
685 1802 716 1863 in
731 1799 819 1864 causa
842 1801 1032 1875 matrimonii,
1053 1817 1124 1878 pro·

97 1891 201 1951 missio
215 1890 287 1951 boni
301 1891 357 1951 viri
374 1898 420 1952 est
443 1892 592 1970 obligatio.
614 1897 676 1952 Hoc
698 1877 1002 1969 pactum'ocoeptans
1026 1895 1126 1952 serrat

98 1980 153 2040 sibi
163 1981 215 2056 jus
232 1979 426 2051 deliberandi,
440 1997 478 2040 an
497 1981 566 2040 velit
585 1981 802 2061 repromittere.
819 1981 904 2042 Unde
920 1980 1064 2057 usquead
1076 1997 1124 2041 re-

98 2068 330 2145 promissionem
349 2069 498 2146 sponsalia
518 2085 577 2129 non
598 2077 680 2142 sunt;
701 2087 799 2148 neque
818 2087 857 2134 en
873 2067 977 2128 iisdem
998 2067 1124 2146 publicae

98 2157 264 2217 honestatis
277 2157 521 2232 impedimentum
539 2157 656 2218 oritur:
673 2165 743 2236 post
759 2157 1020 2234 repromissionem
1040 2174 1122 2228 vero,

98 2251 197 2305 stante
225 2245 323 2304 adbuc
344 2245 548 2322 promittentis
569 2263 729 2320 consensu,
755 2246 851 2306 valida
870 2245 1018 2322 sponsalia
1037 2247 1122 2307 liunt.
1226 2299 1232 2310 ,

99 2333 229 2394 Dicimus
243 2340 354 2408 tamen,
376 2335 603 2411 promIssionem
627 2335 799 2411 simpliciter
816 2341 1000 2411 acceptatam
1019 2351 1074 2411 per
1092 2350 1124 2394 se

99 2429 222 2496 pactum
236 2422 441 2498 sponsalitium
462 2440 521 2483 non
544 2423 699 2497 inducere;
717 2439 786 2483 nam
800 2423 878 2484 aliud
897 2423 974 2484 foret
994 2423 1123 2484 sentien-

99 2511 179 2582 dum,
209 2509 417 2588 siacceptatio
444 2511 532 2572 tacite
552 2510 815 2588 repromissionem
842 2511 1017 2584 contineret,
1042 2517 1076 2571 ut
1101 2511 1126 2571 si

99 2600 217 2660 adesset
244 2615 387 2660 manuum
412 2599 578 2676 porrectio,
599 2604 650 2659 aut
673 2599 805 2677 receptio
828 2599 948 2674 annuli,
969 2606 1021 2660 aut
1048 2600 1126 2660 aliud

99 2694 259 2749 externum
280 2687 407 2764 signnm,
426 2689 507 2764 quod
530 2687 793 2765 repromissionem
807 2687 951 2748 innueret.
968 2693 1030 2750 Hoc
1047 2688 1127 2750 enim

100 2793 172 2836 oasu
198 2777 393 2852 repromissio
417 2777 494 2837 foret
510 2776 607 2852 tacita,
627 2794 664 2836 ac
682 2775 808 2853 proinde
826 2777 957 2839 validum
981 2777 1125 2855 sponsali-

101 2863 172 2924 timn
189 2868 334 2940 pactum(
354 2870 374 2939 ).
523 2859 526 2866 '

135 2954 228 3013 ltebet
240 2971 307 3014 esse
321 2969 425 3027 verus,
440 2952 503 3014 sire
517 2952 592 3027 talis,
610 2959 644 3012 ut
661 2954 822 3015 voluntatis
844 2971 999 3017 assensum
1013 2956 1127 3035 impor-

102 3046 142 3100 tet
156 3062 163 3102 :
178 3043 261 3102 unde
289 3060 389 3102 coram
417 3048 486 3116 beo,
512 3049 542 3102 et
560 3042 589 3100 in
603 3043 669 3101 foro
692 3041 810 3104 interno
828 3043 876 3106 ille
901 3047 1051 3122 sponsalia
1065 3065 1124 3108 nou

100 3131 260 3200 contraxit.
275 3131 326 3208 qui
349 3131 668 3206 externe-sponsalium
687 3132 779 3192 verba
792 3135 914 3209 protulit
928 3135 1008 3209 ficte,
1022 3142 1074 3195 aut
1088 3153 1127 3198 ex

100 3219 178 3293 dolo,
195 3227 247 3280 aut
261 3237 301 3280 ex
311 3223 392 3296 joco,
408 3221 479 3280 dum
489 3221 581 3280 deluit
593 3219 708 3280 interna
717 3238 751 3281 se
764 3221 913 3298 obligandi
926 3226 1083 3298 voluntas(
1103 3229 1127 3298 ).

99 3305 151 3368 llic
164 3309 359 3370 nibilominus
371 3309 402 3368 in
419 3310 484 3368 foro
498 3316 624 3370 externo
645 3325 778 3385 eousque
792 3311 946 3370 habendus
964 3329 982 3370 a
1000 3329 1125 3387 sponsa-

97 3395 174 3457 libus
193 3398 312 3474 ligatus,
337 3398 435 3457 donec
448 3414 532 3458 suam
556 3397 723 3471 fictionem,
735 3399 846 3473 dolum,
861 3407 912 3460 aut
922 3401 1025 3475 jocum
1048 3401 1126 3460 suffl-

97 3485 210 3548 cienter
223 3486 348 3563 probet:
365 3503 435 3547 nam
448 3485 476 3545 ei
489 3503 550 3548 uon
565 3487 711 3566 creditur,¹
720 3487 771 3564 qui
784 3505 868 3548 suam
880 3490 987 3566 allegat
1002 3487 1126 3563 turpitu-

35 3599 41 3618 ι
96 3573 482 3653 dioemabasdntsposset
494 3575 640 3655 aritine,
650 3577 809 3664 etimpune
817 3593 934 3642 sacram
942 3575 1126 3652 sponsalium
