2410 4068
587 189 748 248 ..184-

178 316 243 374 ⁴8³.
264 310 374 372 Electio
395 311 526 387 legitime
547 315 670 387 peracte
690 310 768 370 intnu
781 313 851 370 octo
868 307 945 381 dies,
962 305 990 368 si
1011 309 1173 370 commode

143 400 208 462 fleri
221 407 320 476 quent,
342 406 388 460 est
412 399 606 475 significando
632 401 728 460 electo
743 403 796 473 (l),
817 397 868 474 qui
882 397 972 457 habet
985 412 1122 458 mensem
1135 399 1171 458 ed

144 487 283 548 electioni
295 488 333 548 de
353 505 386 548 se
398 488 484 550 iectae
499 487 766 560 consentiendum,
784 491 815 546 et
828 491 897 562 post
909 485 1077 562 praestltum
1099 503 1170 548 eou-

145 591 267 636 sensum
288 583 350 637 tres
371 593 493 638 menses
515 577 554 638 ed
573 576 866 639 confirmationeme
888 591 1006 636 summo
1032 575 1172 636 Pontidce

145 663 316 742 petendam,
331 665 426 739 aliter,
445 665 471 726 si
490 665 605 726 nullum
623 665 702 726 adsit
721 661 978 739 impedimentum,
994 682 1012 724 e
1030 663 1100 739 jure
1119 662 1172 722 sibi

144 752 288 828 acquisito
313 753 392 814 cudit
406 757 457 824 (2).
471 757 588 814 luteres
607 769 768 830 processus
787 751 994 813 informetivus
1016 751 1172 812 coniicitur

145 841 185 900 de
199 840 346 902 natalibus
372 840 467 918 ipsius
480 841 578 915 electi,
600 842 639 902 de
653 847 758 914 aetute,
767 847 796 901 el
810 839 956 912 doctriua,
972 839 1072 916 deque
1084 838 1172 900 mori-

145 929 204 990 bus
218 934 269 1004 (3).
285 931 339 991 ilic
350 947 523 1007 processus,
537 931 563 990 si
580 929 682 994 omnis
693 930 823 1006 legitima
839 928 948 1002 adsint,
963 945 1086 990 summo
1100 935 1173 988 Pou-

147 1017 220 1078 tillci
235 1018 265 1078 in
285 1019 467 1080 consistorio
478 1020 614 1091 refertur,
630 1019 681 1094 qui
694 1026 780 1079 ectus
792 1024 917 1078 vocetur
936 1018 1169 1092 preconizzutio,

146 1124 184 1166 ec
194 1108 323 1184 denique
333 1109 363 1168 in
375 1108 433 1168 alio
443 1107 633 1180 consistorio,
647 1108 790 1167 consultis
802 1105 1014 1179 cardinalibus,
1029 1123 1086 1182 per
1098 1121 1172 1166 eum·

145 1195 217 1256 dem
227 1213 377 1258 summum
388 1195 561 1257 Pontificem
570 1194 713 1256 solemnis
724 1195 867 1256 emittitur
875 1193 962 1255 electi
971 1195 1166 1256 confirmatio.

177 1333 213 1400 (l)
227 1333 291 1400 (lup.
312 1335 349 1398 ts,
366 1335 400 1388 de
415 1333 493 1386 elect.
508 1333 536 1384 in
552 1333 576 1384 d.
593 1359 624 1371 -
635 1333 671 1398 (t)
686 1333 750 1399 Cup.
771 1335 797 1396 6,
810 1333 869 1386 eod.
894 1335 921 1384 et
932 1331 1042 1384 llxtrev.
1058 1327 1092 1384 Si
1110 1330 1170 1384 reli·

145 1404 234 1472 piceo
245 1405 304 1459 eod.
321 1407 499 1459 luteum·
515 1406 550 1470 (3)
563 1404 636 1456 Trid.
662 1404 742 1456 Ssss·
756 1405 796 1464 is,
813 1419 836 1456 c.
857 1405 882 1462 2,
906 1403 940 1455 de
955 1405 1004 1456 rei.
1030 1401 1171 1456 Bulotus

145 1479 299 1544 spostolicae
315 1477 440 1542 Gregorii
453 1475 519 1530 xlv
532 1481 559 1528 et
569 1476 625 1528 bul.
636 1470 667 1528 Si
678 1487 812 1542 processus
826 1475 932 1528 Urbuui
944 1474 1021 1530 vm.

182 1666 245 1723 l8l.
261 1665 317 1722 Per
328 1661 407 1722 hanc
421 1659 681 1722 confirmationem
698 1667 855 1737 promotus
876 1659 1072 1737 consequitur
1092 1666 1169 1739 pote·

147 1756 255 1810 statem
280 1749 376 1810 valide
400 1748 564 1825 peragendi
583 1749 696 1824 omnis,
710 1765 778 1826 quae
801 1750 839 1812 sd
853 1749 949 1826 solem
973 1749 1167 1826 episcopalem

143 1837 380 1915 jurisdictionem
393 1837 545 1913 pertinent
561 1841 601 1912 (l)
616 1855 624 1910 3
640 1854 731 1913 quem
747 1843 847 1914 potest
860 1835 1004 1898 exercere
1016 1845 1168 1914 postquem

146 1927 260 1988 litteras
273 1925 508 1988 confirmationis
521 1942 583 1986 suae
603 1925 735 2002 capitulo
750 1925 931 1988 cathedralis
942 1926 1111 1988 exhibuerit
1124 1928 1168 1999 (2).

146 2016 205 2078 sed
228 2021 297 2092 post
323 2013 692 2075 confirmationemadhue
716 2014 806 2075 debet
828 2021 985 2091 promotus
1005 2015 1087 2076 intra
1105 2013 1169 2074 elios

145 2111 208 2166 tres
221 2120 341 2166 meuses
353 2119 464 2164 munus
481 2102 719 2164 consecrationis
736 2103 899 2180 suscipere,
915 2104 1049 2182 alioquin
1062 2105 1101 2164 ed
1113 2103 1166 2164 lru-

147 2199 213 2254 ctus
225 2199 385 2270 perceptos
394 2193 607 2266 restituendos,
624 2198 654 2254 et
668 2199 738 2270 post
755 2211 812 2254 sex
826 2210 946 2256 meuses
959 2193 999 2252 ed
1013 2193 1167 2255 Ecclesiam

146 2280 353 2342 dimittendum
367 2285 418 2354 (3).
430 2281 618 2342 consecratio
631 2297 704 2340 rere
719 2280 757 2340 nb
771 2280 871 2358 eliquo
884 2279 1032 2356 Episcopo
1048 2299 1087 2342 ex
1098 2293 1167 2340 com·
1190 2279 1191 2312 ³

146 2368 288 2430 missione
302 2367 452 2430 renducis
461 2386 530 2430 etun
545 2367 714 2452 assistentia
731 2369 860 2430 duorum
872 2368 999 2430 aliorum
1012 2370 1165 2446 Episcopo·

146 2473 214 2518 rum
229 2457 380 2533 tributor,
399 2464 430 2518 et
446 2475 502 2533 per
518 2473 586 2518 eom
607 2456 721 2518 ordinis
736 2462 886 2536 potestus,
901 2462 931 2518 et
946 2457 1039 2518 officii
1054 2458 1163 2533 episco-

146 2546 222 2624 pnlis
236 2546 389 2624 plenitudo
403 2547 555 2608 confertur
570 2549 622 2619 (t).

179 2701 540 2768 (t)tlep.15,deeleet.-
559 2699 595 2766 (t)
617 2699 726 2753 Extrev.
749 2697 884 2766 injuncte
904 2701 963 2754 eod.
984 2702 1034 2754 int.
1055 2715 1120 2756 cour.
1138 2719 1164 2735 ··

147 2771 183 2838 (3)
195 2774 268 2826 Trid.
281 2773 353 2826 Sess.
365 2774 407 2837 13,
422 2787 447 2825 c.
460 2775 484 2824 2.
500 2773 534 2826 de
546 2774 596 2824 rel.
611 2800 642 2812 -
656 2773 691 2838 (i)
704 2773 754 2825 cit.
769 2786 827 2838 cop.
844 2774 880 2834 15,
897 2773 931 2826 de
946 2773 1027 2827 elect.

182 2951 246 3006 485.
269 2951 313 3006 Ex
325 2947 486 3022 praemissis
503 2949 602 3025 pelam
623 2949 666 3023 ili,
687 2947 861 3025 episcopum
874 2949 972 3010 solum
990 2949 1124 3020 electum,
1137 2945 1163 3004 el

146 3035 281 3096 nondum
299 3036 508 3096 confirmatum
521 3053 567 3112 ee,
593 3053 660 3114 quee
680 3037 719 3096 ed
737 3037 869 3097 officium
893 3037 1064 3116 episcopale
1081 3033 1165 3114 perti·

147 3130 228 3197 nent,
244 3140 283 3182 ne
302 3139 391 3200 posse
412 3123 533 3200 qmdem
546 3125 700 3200 attingere,
721 3122 793 3202 quin
806 3143 824 3185 e
833 3127 900 3201 jnre
915 3125 971 3185 sihi
988 3143 1043 3204 per
1055 3122 1164 3190 electio·
1187 3119 1188 3184 Ϊ

146 3228 217 3274 nem
229 3211 376 3288 acquisito
389 3212 515 3274 decidet.
537 3214 596 3274 Sed
609 3214 675 3276 haec
689 3215 793 3290 regula
812 3231 852 3274 ex
875 3218 1089 3278 nonnullorum
1105 3225 1162 3272 seu·
1187 3195 1188 3232 ¹

147 3301 239 3362 tentis
248 3299 454 3362 limitationem
467 3301 586 3377 petitur,
601 3302 627 3361 si
641 3307 748 3378 agetur
763 3303 801 3362 de
814 3300 990 3380 episcopatu
1003 3304 1035 3365 in
1052 3297 1161 3366 remotis

146 3391 224 3450 ultre
237 3389 349 3450 ltaliam
364 3394 392 3450 s.
413 3389 481 3449 sedi
493 3389 663 3452 immediate
676 3389 824 3468 subjecto,
841 3393 961 3468 quando
977 3394 1161 3470 Episcopust
1186 3413 1187 3453 t

148 3479 280 3554 capitulo
293 3495 348 3538 sue
361 3475 391 3536 iu
407 3479 570 3540 concordio
587 3481 701 3540 clectus
721 3479 784 3541 luit.
802 3485 865 3542 iloc
879 3480 1000 3558 quidem
1020 3497 1089 3543 ceso
1101 3491 1163 3554 pro·
1186 3469 1187 3539 i

146 3572 214 3642 pter
236 3567 375 3630 Ecclesiee
390 3566 626 3644 necessitatem,
649 3572 695 3632 vel
722 3568 887 3648 utilitatem,
916 3572 1079 3648 Episcopus
1103 3565 1162 3642 posi
