2560 4080
585 209 748 266 „rga-

163 329 350 406 quisptam
364 343 513 391 summam
530 329 596 406 elus
613 329 679 406 iure
692 328 794 390 dinuo
812 329 843 390 iu
856 328 996 390 omuibus
1009 328 1176 391 ecclesiaati·

163 417 208 478 ris
220 416 310 478 rebus
323 422 504 494 potestatem
523 417 615 482 habat
633 423 864 481 concurrentem
881 433 952 482 cum
964 418 1100 482 omnibus
1109 417 1176 496 iudi-

162 503 557 584 domimamcconeme).

193 687 229 754 (ι)
242 688 285 742 ra
304 689 425 758 requam
447 689 664 756 commanus
686 688 722 741 aa
738 701 800 755 esp.
813 687 839 752 r,
865 686 899 741 aa
921 665 1042 742 mmet.
1064 688 1093 741 in
1113 687 1136 740 a.
1155 712 1182 726 -
1254 639 1255 696 Ν

163 757 277 826 (ilcap.
291 759 376 820 little
389 761 480 827 appel.
494 765 523 814 ot
534 773 597 827 cap.
615 761 640 824 t,
655 761 670 824 t
683 758 703 818 i,
714 759 775 812 sod.
786 759 814 810 iu
825 759 849 811 t.
864 785 897 798 -
909 759 946 825 (³)
958 760 1023 813 Gau.
1034 759 1050 812 i
1062 759 1184 824 stt‚c.t,

163 843 191 896 q.
204 830 228 890 6,
242 835 270 882 at
282 843 341 898 cap.
353 831 377 896 l,
391 831 425 884 da
440 831 529 898 appel.
547 831 626 894 Quod
641 830 793 883 admittitur
806 829 835 882 in
849 829 938 882 Gallia
951 833 1014 897 post
1036 829 1184 896 dispositio·

163 913 212 954 uea
226 914 276 968 pro
291 902 339 954 illa
358 902 440 955 aPio
453 902 505 956 vii
521 902 610 963 umus.
630 907 662 954 ut
683 902 783 968 legitur
796 901 825 954 iu
847 901 966 970 appaud.
988 903 1026 955 ad
1047 902 1112 956 iusi.
1132 903 1183 969 jur.

163 983 222 1024 cau.
237 972 578 1040 mrdmalissoglia,125.
1092 972 1094 974 ’

198 1196 263 1256 sto.
282 1197 346 1256 ltuo
364 1193 435 1256 binc
460 1200 583 1256 manant
600 1195 748 1272 pauoris
766 1191 911 1256 momenti
923 1193 1084 1256 corollaria
1098 1210 1106 1254 r
1120 1196 1184 1252 Μ

163 1283 309 1344 manua
328 1283 436 1345 srrmmi
458 1283 608 1345 Poutiilcis
629 1300 691 1343 nou
716 1283 805 1344 datur
828 1283 1010 1360 appellatio,
1036 1281 1184 1359 quianon

163 1372 254 1434 habet
265 1371 296 1432 in
318 1373 406 1434 terris
425 1368 614 1450 Superiorem
631 1391 640 1446 ς
656 1377 729 1433 tta
749 1372 901 1434 Sententia
918 1371 1031 1448 iudicis
1054 1369 1186 1433 ecclesia-

164 1459 228 1522 stici
244 1477 305 1521 non
314 1460 402 1522 datur
415 1461 573 1538 appellatio
585 1461 624 1522 ad
637 1462 754 1523 avitam
765 1461 984 1538 magistratum,
994 1461 1066 1538 quia
1076 1460 1118 1522 ilii
1129 1475 1186 1520 non

164 1556 211 1610 est
223 1548 273 1610 hic
291 1549 322 1610 iu
337 1550 527 1626 iuridictioue
548 1550 697 1628 superior.
723 1555 884 1628 Propterea
904 1557 1062 1628 nequeunt
1079 1549 1186 1610 admitti

164 1639 379 1714 appellationes
392 1640 429 1701 ob
448 1640 553 1715 olma,
568 1640 677 1716 quibus
701 1640 758 1700 sub
785 1646 934 1716 praetcxtu
947 1655 1103 1714 excessus,
1127 1637 1185 1699 sive

166 1725 278 1788 abusus
291 1728 445 1804 potestatis
459 1728 666 1790 ecclesiastica
681 1729 871 1805 praetendunt
890 1722 1069 1791 lanaenistae
1081 1728 1187 1790 beon

165 1830 232 1876 esse
249 1817 400 1892 appellare
418 1817 596 1878 aaeutentie
610 1816 719 1894 iudicis
745 1818 940 1880 emesiastiei
953 1819 993 1878 ad
1006 1819 1116 1880 laicum
1128 1832 1186 1878 ma·

164 1903 331 1980 gisuabrm.
352 1909 414 1966 lioc
438 1907 519 1967 enim
539 1912 687 1983 repugnat
700 1905 806 1967 divinae
827 1906 970 1968 Ecclesiae
991 1905 1186 1968 institutioni:

165 2007 236 2052 uam
263 1991 394 2054 christus
416 1993 498 2055 dedit
522 1999 629 2070 Petro,
656 2001 688 2056 et
707 1996 855 2072 apostolis
879 1996 1005 2057 bberam
1029 1993 1185 2074 iudicandi,

165 2081 275 2158 ligandi
294 2089 325 2143 et
347 2083 482 2144 solvendi
499 2089 688 2160 potestatem,
706 2084 829 2146 minima
848 2083 984 2144 civilibus
997 2082 1188 2160 potestatibus

165 2169 340 2247 subjectam.
369 2176 524 2249 Repugnat
550 2172 657 2234 rationi
685 2189 779 2234 :nam
805 2173 998 2250 magistratus
1020 2172 1116 2234 mulin
1131 2185 1187 2232 uon

165 2259 256 2320 habet
269 2265 447 2336 potestatem
457 2262 610 2338 iudicandi
636 2263 674 2324 de
693 2263 785 2323 rebus
802 2262 1016 2339 spiritualibus,
1031 2269 1064 2323 et
1073 2260 1187 2339 jurisdi-

166 2348 295 2410 ctionem
315 2366 406 2426 super
423 2350 540 2427 judices
567 2351 800 2425 ecclesiasticos,
820 2352 894 2412 alias
917 2352 1023 2412 ancille
1035 2353 1185 2412 iteretEe

166 2435 265 2510 clesia,
280 2454 346 2514 quaa
359 2437 566 2515 primogenita,
581 2445 612 2500 et
632 2439 809 2512 liberarata
824 2445 880 2501 est.
896 2445 964 2517 ipsa
977 2439 1060 2501 euim
1073 2453 1187 2514 semper

167 2524 264 2586 extitit
280 2526 318 2586 ab
334 2525 399 2602 ipso
416 2533 476 2588 lieo
496 2528 618 2588 fundata
639 2530 670 2589 iu
690 2530 756 2604 lege
772 2534 886 2588 naturae
900 2546 936 2589 ac
949 2527 1072 2603 scripta,
1087 2534 1118 2589 et
1129 2527 1188 2587 sola

168 2619 324 2691 utramque
347 2621 525 2692 potestatem
547 2616 788 2691 ecclesiasticam,
807 2623 837 2677 ct
855 2617 974 2678 civilem
993 2631 1049 2693 per
1065 2614 1186 2676 Potrier·

167 2703 251 2778 chas,
265 2697 296 2764 et
308 2704 468 2766 Pontifices
481 2704 601 2765 retinuit
621 2705 770 2783 usquead
786 2705 915 2783 primum
928 2711 1038 2782 Regem
1054 2706 1149 2776 Satri(
1167 2707 1187 2777 ),

166 2809 203 2853 ac
215 2792 408 2868 postmodum
427 2793 608 2854 sanctificata
628 2795 757 2873 plenius,
780 2811 817 2856 ac
835 2793 1000 2856 aeternitate
1013 2794 1127 2854 donata
1138 2807 1188 2868 per

166 2881 314 2942 onustum
337 2883 392 2943 tuit
418 2885 469 2954 (2).
492 2883 563 2943 ldeo
589 2883 667 2944 sacri
692 2897 835 2958 canones,
863 2900 900 2944 ac
918 2881 1089 2960 specialiter
1111 2880 1187 2942 Bulla

167 2969 268 3044 Cone,
283 2975 314 3030 et
327 2970 464 3046 syllabus
484 2970 527 3030 Pii
545 2975 631 3048 Papae
645 2975 692 3045 lli,
714 2971 768 3031 has
782 2971 998 3059 appellationes
1016 2968 1185 3046 gravisame

165 3058 307 3119 damnant
322 3062 373 3132 (3),
389 3066 420 3120 et
430 3059 655 3120 innumerabilia
670 3061 832 3120 summale
847 3077 865 3119 a
878 3057 965 3120 dictis
985 3053 1185 3134 appellationi·

164 3148 222 3208 bus
239 3145 271 3206 iu
284 3146 457 3221 Ecclesiam,
483 3154 513 3208 et
534 3147 706 3209 societatem
731 3149 849 3208 invecta
868 3153 919 3222 (i).
940 3152 1041 3224 Neque
1068 3144 1185 3222 prodest

165 3235 265 3296 dicere
279 3235 309 3296 in
325 3233 516 3311 contrarium,
530 3236 682 3312 Principes
703 3238 863 3298 saecmares
876 3251 943 3297 esse
960 3234 1100 3297 Ecclesiae
1118 3249 1182 3309 pro·

164 3331 307 3399 tectores,
322 3331 352 3385 ct
372 3324 523 3384 societatis
541 3326 727 3400 defensores,
744 3336 778 3386 ut
792 3325 902 3386 civium
915 3327 983 3400 iura
1000 3335 1182 3401 quocumque

164 3414 255 3474 modo
269 3420 421 3488 tacentum
437 3431 507 3474 nam
526 3415 673 3490 protectio
686 3415 824 3476 Ecclesia
838 3413 1024 3490 Principibus
1039 3407 1180 3474 amulan-

164 3499 221 3558 bus
246 3509 420 3579 competens
444 3503 476 3562 in
493 3519 530 3562 eo
549 3503 693 3578 consistit,
710 3511 742 3565 ut
760 3512 879 3566 mucias
898 3503 1007 3566 iaciant
1025 3503 1180 3564 observare

164 3587 303 3649 seuam
320 3591 411 3666 leges,
429 3607 491 3652 non
504 3598 545 3662 ,ut
561 3607 613 3652 eas
624 3610 679 3669 per
692 3592 799 3671 impias
820 3592 1042 3673 appellationes
1059 3592 1175 3656 violem.
