2432 4078
485 158 521 170 ..-
537 127 593 186 269
610 155 647 170 .-

86 251 116 314 (ll
127 249 207 303 Exod.
217 248 259 301 ii.
274 275 303 288 ·-
325 249 361 316 (t)
376 251 488 302 Denter.
504 251 542 314 lt,
555 251 639 302 Lavit.
659 249 699 302 ii.
715 277 743 288 -
757 248 793 316 (i)
807 249 939 302 Ganzaler
953 250 987 302 nd
1007 264 1069 318 cap.

64 324 80 380 l,
92 321 120 371 de
130 321 222 372 decim.
240 335 267 371 n.
282 321 307 372 l.
318 321 449 374 Primitim
465 321 809 388 principaliterofferuntur
821 321 848 372 in
860 322 1009 386 gratiarum
1023 335 1069 375 ac·

62 393 144 514 ponam
165 406 214 457 pro
235 392 375 444 beneficiis
391 407 409 444 a
427 394 544 458 ,Domino
567 393 686 459 acceptis
705 393 822 444 maximo
846 393 876 445 in
898 393 1071 447 concessione

71 477 111 515 ruo
121 476 190 514 num.

88 649 142 706 tat.
157 645 237 706 Licet
250 647 365 706 nullum
378 647 417 706 sit
430 647 461 706 in
479 646 637 722 Evangelio
651 652 836 722 praeceptum
850 647 996 710 offerendi
1009 647 1069 724 pri·

60 735 151 808 mitias,
175 741 205 794 et
224 741 410 810 praeceptum
434 735 509 810 legis
532 739 678 810 lloseycae
698 737 869 808 cessaverit,
890 753 960 797 cum
983 737 1072 797 inerit

59 839 128 884 mere
139 822 299 898 positivum
319 828 349 882 et
358 821 578 896 ceremoniale,
594 829 693 884 tamen
708 831 810 884 mnata
824 823 957 884 Ecclesia
970 825 1009 884 ab
1022 841 1071 884 an-

59 911 134 986 liquis
159 909 344 986 temporibus
371 910 515 984 primitias
536 911 675 985 probavit
698 914 753 982 (l),
784 911 876 970 immo
890 912 967 971 torte
988 913 1072 988 prius

58 998 218 1058 inEcclesia
232 998 263 1056 in
285 1015 343 1057 mu
364 999 483 1058 bierunt
504 997 651 1074 primitiae,
665 1015 756 1074 quiam
772 999 906 1072 deeirnae,
923 1016 993 1060 curn
1014 1000 1072 1062 illae
1116 1029 1118 1032 ·

57 1086 244 1162 principaliter
265 1085 303 1144 ad
326 1092 427 1145 actum
448 1085 577 1162 pietatis,
601 1091 631 1144 et
653 1085 745 1145 divini
770 1087 869 1147 cultus
893 1087 1070 1147 referantur,

58 1175 194 1245 Quantitas
209 1181 307 1234 temen
325 1172 522 1248 primitiarum
545 1190 710 1250 numquam
730 1174 785 1235 suit
805 1175 843 1233 ab
865 1174 999 1234 Ecclesia
1018 1175 1071 1234 de·

58 1263 199 1323 teuninata
221 1261 279 1322 nisi
300 1262 515 1324 consuetudine
527 1279 538 1334 ς
553 1268 584 1322 et
608 1262 721 1322 idcirco
743 1263 795 1321 ubi
812 1263 878 1322 haec
901 1261 988 1334 desit,
1001 1280 1071 1324 ,uon

57 1351 248 1428 mntemplips
261 1351 423 1424 solvendae,
433 1350 484 1410 nbi
493 1367 565 1412 vero
577 1351 745 1426 vigetsunt
757 1349 928 1411 etiamnunc
938 1351 1071 1411 Parocho
1116 1381 1130 1404 o

57 1441 227 1510 olierendae(
248 1445 269 1513 ).

79 1580 108 1644 (l)
121 1579 185 1631 Gan.
211 1579 236 1639 6,
250 1577 310 1629 dist.
326 1577 365 1636 32,
384 1591 443 1628 can.
457 1577 497 1640 65,
511 1590 534 1629 c.
551 1577 589 1636 li.
604 1591 631 1642 q.
649 1576 670 1629 l.
686 1603 716 1616 —-
735 1574 771 1642 (i)
793 1577 925 1632 Primitiae
940 1579 1029 1632 lamen
1043 1579 1071 1632 in

56 1649 201 1704 temeritate
217 1649 375 1701 clericorum
389 1649 448 1702 lieri
462 1651 578 1714 possunt
590 1647 760 1700 necessaria.

81 1838 138 1895 iil.
152 1840 267 1896 Praeter
279 1833 422 1908 decimas,
434 1839 465 1894 et
478 1829 624 1909 primitias
635 1832 700 1892 aliae
715 1831 815 1892 adbuc
827 1832 892 1894 ilari
907 1832 1006 1894 solent
1019 1838 1069 1896 Ec

57 1921 138 1982 clesiae
151 1922 296 1982 ministris
310 1921 475 1984 oblationes
488 1921 519 1979 in
529 1920 669 1994 Ecclesia,
681 1920 744 1980 sive
758 1927 853 1981 extra.
865 1920 984 1998 Triplex
997 1939 1071 1984 con-

56 2009 164 2080 siderari
176 2015 278 2087 potest
291 2011 399 2070 harum
412 2009 598 2070 oblationum
611 2027 717 2086 genus.
731 2008 862 2072 Primum
871 2025 922 2070 eas
935 2024 1070 2086 compre

56 2098 143 2159 hendit
155 2097 334 2174 oblationes,
352 2102 419 2174 quae
437 2097 508 2158 olim
520 2098 631 2162 nebant
645 2099 684 2158 ad
708 2098 801 2158 altare
823 2104 958 2174 tempore
980 2097 1073 2158 divini

57 2187 192 2260 sacrificii,
209 2187 330 2262 quando
340 2186 436 2262 panis,
452 2183 594 2247 etvinmn
607 2185 846 2260 nitarshausen
858 2185 964 2262 quibus
977 2187 1070 2248 conil-

56 2274 173 2338 ciebatur
186 2281 379 2336 sacrosancta
391 2275 575 2336 Eucharistia
590 2279 640 2350 (l).
658 2273 829 2334 Secundum
844 2275 1072 2350 comprehendit

57 2363 216 2438 oblationes,
229 2380 296 2440 quae
316 2362 347 2422 in
361 2353 500 2422 Ecclesiae
515 2363 739 2440 gazophylacio,
754 2369 806 2428 ant
818 2363 849 2422 ia
864 2363 998 2438 ejusdem
1015 2367 1072 2424 Ec-

58 2451 139 2510 clesiae
151 2468 233 2523 area,
246 2457 297 2511 aut
311 2451 349 2510 ad
363 2450 486 2510 domum
500 2451 638 2528 Episcopi
651 2452 699 2512 vel
720 2450 845 2528 parochi
858 2451 929 2512 olim
948 2452 1071 2526 flebant,

58 2544 80 2596 et
91 2555 166 2598 nunc
180 2537 362 2614 quandoque
383 2539 468 2613 liunt,
484 2555 552 2616 quae
564 2539 595 2598 in
616 2539 754 2616 pecnnia,
768 2541 816 2600 vel
828 2540 860 2598 in
882 2539 939 2598 alia
952 2555 986 2599 re
999 2555 1066 2598 mo-

57 2624 98 2684 bili
110 2627 308 2686 consistentes
331 2645 387 2703 pro
413 2627 590 2694 necessariis
608 2628 647 2687 ad
665 2627 799 2688 divinum
816 2628 939 2698 cultum,
961 2629 1009 2688 vel
1031 2628 1070 2688 ad

58 2715 221 2775 clericorum
237 2715 493 2792 sustentationem,
509 2717 557 2775 vel
579 2715 617 2776 ad
636 2715 780 2776 fabricam
801 2715 940 2775 Ecclesiae
954 2716 1001 2776 vel
1015 2716 1067 2776 de-

58 2801 134 2879 nique
146 2803 185 2864 ad
207 2805 343 2864 levamen
357 2805 523 2879 pauperum
537 2821 555 2862 a
568 2803 703 2863 fidelibus
725 2804 925 2880 deponuntur.
939 2802 1067 2865 Tertium

58 2893 164 2953 tandem
178 2893 404 2968 comprehendit
417 2893 593 2966 oblationes,
602 2909 670 2968 quae
683 2892 817 2952 similiter
825 2893 856 2952 in
868 2893 1005 2968 pecunia,
1017 2895 1072 2956 nel

8 2977 9 3056 g
59 2980 105 3038 alia
116 2998 148 3040 re
161 2981 266 3040 mobili
280 2981 478 3041 consistentes
500 2981 659 3041 occasione
674 2980 869 3056 baptismatis,
883 2982 1066 3058 nuptiarum,

58 3065 297 3144 beuedictionum,
311 3071 460 3144 funerum,
476 3076 526 3129 aut
539 3069 660 3130 alterius
672 3068 748 3130 sacri
765 3069 920 3130 ministerii
933 3070 1066 3148 parocho

8 3195 10 3246 Ξ
60 3153 132 3230 lunt,
148 3175 215 3234 quae
222 3159 299 3234 juno
309 3158 390 3219 stola
400 3157 580 3234 parochialia
594 3159 737 3234 appellari
748 3158 869 3232 solent(
889 3163 912 3228 l.

83 3284 114 3348 (l)
126 3287 199 3338 Tunc
216 3301 310 3340 omnes
328 3285 421 3339 fideles
443 3285 671 3342 communicantes
694 3287 839 3354 quamdam
861 3285 942 3352 panis
961 3287 988 3336 at
1011 3283 1068 3334 uini

60 3357 220 3416 quantitatem
235 3358 270 3410 ad
296 3359 380 3410 altare
394 3357 550 3422 offerebant,
564 3362 590 3410 et
609 3371 642 3410 ex
656 3359 822 3410 oblationum
835 3369 926 3407 massa
940 3369 973 3406 ea
987 3365 1066 3405 assu·

8 3437 9 3440 ’
61 3425 171 3480 nabetur
182 3440 255 3495 pars,
269 3443 331 3496 quae
344 3429 378 3480 ad
391 3430 554 3482 sacrillcium
563 3433 621 3481 erat
634 3429 795 3492 necessaria,
804 3428 831 3480 et
842 3426 915 3492 quod
929 3426 1071 3492 superarat

8 3507 9 3512 ’
61 3491 83 3545 in
96 3499 330 3554 substenmtlonem
343 3501 634 3554 cedebatclericornm.
655 3501 741 3552 Simul
755 3497 919 3565 permissum
933 3493 1069 3550 Ededibus
1175 3494 1178 3503 “
