2524 4080
157 315 240 370 etum
253 327 319 368 casu
331 313 508 366 benelctatns
516 314 591 380 juste
601 315 655 368 sibi
669 317 769 368 retinet
781 314 816 366 ad
829 314 924 377 ritem,
941 317 969 366 at
980 313 1071 366 fruitur
1081 309 1160 364 nelio-

158 387 288 440 manus
305 385 382 438 factis
399 385 428 436 in
443 385 585 452 beneflcio,
598 390 629 440 ut
647 387 670 438 si
694 387 721 439 in
734 401 766 440 eo
775 384 906 452 agellum,
918 386 963 438 vel
975 385 1095 438 vineolam
1106 387 1161 434 con·

157 459 286 510 struxerit
298 457 332 509 ad
347 470 424 508 sunm
442 459 678 516 sustentationerr..
702 457 809 510 etiamsi
827 461 921 522 postea
934 457 1062 510 beneflcio
1074 467 1159 508 renim·

160 527 279 580 ciarerit.
295 527 360 592 Gap.
374 529 399 590 a,
413 525 447 578 de
462 528 550 591 pecul.
565 529 627 579 cler.
642 529 708 580 Haec
723 542 789 580 sane
803 529 841 580 ita
851 527 999 593 procedunt
1009 527 1041 578 ad
1052 527 1115 592 juris
1127 537 1165 576 aa·

158 599 248 650 nonici
261 600 468 665 prmscripturm
482 599 529 649 sed
544 598 623 652 hodia
637 601 666 650 in
682 601 740 650 foro
755 605 866 651 externo
880 599 972 650 nullus
997 598 1104 650 clericus
1114 610 1166 648 con·

158 669 347 722 tradiotionem
361 671 472 734 patitur.
487 669 511 720 si
524 669 557 722 de
571 669 704 722 reditibus
722 671 757 721 ab
771 670 893 722 Ecclesia
907 669 1047 735 acquisitis
1061 668 1167 732 disponat
1248 667 1249 716 l

159 741 231 792 inter
243 742 327 801 viros,
346 741 388 791 val
411 753 494 791 cause
519 743 614 794 mortis
637 743 716 794 etiam
740 741 774 792 ad
789 741 916 807 profanas
929 753 1043 792 causas:
1058 740 1132 791 immo
1146 736 1170 786 hi

160 814 323 871 contractus,
336 816 363 862 et
377 815 539 863 testamenta
552 813 581 864 in
596 816 707 864 externo
721 813 777 864 foro
792 812 978 866 executionem
989 826 1027 864 ex
1040 814 1167 864 consuetu·

160 883 223 934 dine
233 885 444 948 consequuntur,
454 883 526 949 quod
538 885 573 934 ab
583 883 705 936 Ecclesia
718 883 854 944 toleratur,
871 881 976 934 turned
990 880 1111 933 vitandas
1120 879 1169 930 lites
1248 865 1249 944 l

163 967 223 1006 oum
251 953 407 1004 heredibus
429 953 463 1005 ob
487 952 672 1006 difficultatem
693 953 865 1005 discernendi
884 953 912 1004 in
926 952 1017 1004 clerici
1032 951 1170 1003 haereditate

143 1054 146 1064 ι
162 1025 265 1078 reditus
279 1024 476 1076 ecclesiasticos
487 1038 504 1075 a
517 1025 767 1090 patrimonialibus3
780 1028 838 1076 turn
852 1024 917 1089 quia
929 1027 1054 1075 accurate
1067 1021 1171 1086 dignosci
1248 1027 1249 1044 ³

163 1096 267 1162 nequit,
278 1108 313 1147 an
325 1094 503 1146 beneficiatus
512 1097 541 1148 in
552 1096 609 1147 rita
617 1109 667 1148 sua
677 1095 779 1146 reditus
788 1094 987 1160 ecclesiasticos
998 1099 1069 1146 recle
1078 1092 1111 1144 ad
1120 1103 1173 1142 nor·

162 1179 235 1218 mum
249 1179 386 1218 sacrorum
401 1179 534 1217 canonum
545 1166 727 1230 insumpserit.
743 1165 823 1218 Unde
836 1165 959 1217 Ecclesia
973 1165 1001 1215 in
1019 1165 1062 1216 his
1075 1161 1173 1214 difficul-

163 1239 277 1298 tatibus,
291 1239 318 1288 et
332 1249 380 1302 pro
394 1235 450 1288 foro
463 1240 573 1288 externo
585 1237 723 1302 negotium
744 1236 916 1288 conscientie
929 1235 1083 1288 beneficiati
1098 1232 1174 1284 remit·

163 1309 213 1369 tu;
228 1308 276 1360 sed
291 1306 382 1358 videat
396 1307 466 1372 ipse,
486 1309 514 1359 et
530 1311 630 1360 sitente
654 1307 815 1372 consideret,
829 1320 864 1358 en
881 1321 914 1358 ex
927 1307 1063 1358 reditibus
1076 1303 1126 1356 sibi
1137 1316 1176 1354 su·

163 1380 276 1446 perficis
289 1379 324 1430 ad
336 1391 471 1444 pauperes
485 1381 513 1430 et
523 1379 671 1431 Ecclesiam
686 1393 719 1430 ee
728 1379 895 1445 perveniant,
907 1391 968 1444 quc
982 1391 1037 1430 sua
1050 1381 1122 1435 sunt;
1136 1373 1175 1425 ali·

164 1454 309 1502 torcorum
323 1450 378 1500 Deo
397 1451 490 1516 posset
509 1462 570 1502 asse
586 1450 641 1513 fur,
659 1453 687 1502 et
700 1450 779 1514 latro,
797 1449 859 1501 licet
872 1449 906 1500 ab
921 1449 1079 1500 hominibus
1089 1446 1177 1498 nullam

164 1521 264 1573 habeat
275 1520 522 1574 contradictionem.
537 1521 666 1574 Giraldus
680 1521 715 1572 ed
734 1535 793 1588 cap.
815 1522 855 1582 26,
877 1520 910 1572 de
933 1524 1044 1572 testem.
1069 1524 1095 1571 et
1110 1515 1177 1571 Card.

165 1591 258 1658 Soglis
272 1591 321 1643 loc.
337 1592 382 1642 cit.
397 1619 428 1628 —
441 1592 477 1656 (l)
495 1592 522 1642 S.
538 1593 576 1643 De
593 1592 698 1657 Ligurio
714 1591 731 1642 l.
749 1592 772 1655 3,
785 1606 811 1642 n.
828 1591 882 1642 lat.
894 1618 926 1630 -
939 1591 975 1656 (5)
990 1591 1032 1642 Id.
1050 1591 1076 1642 S.
1089 1591 1126 1641 De
1140 1586 1176 1638 Li·

165 1664 240 1728 gorio
260 1663 298 1713 ib.
321 1661 388 1714 Haec
409 1661 476 1714 adeo
496 1676 561 1714 vera
576 1669 650 1725 sunt,
670 1667 701 1714 ut
722 1661 757 1714 ed
774 1675 909 1728 pauperes
925 1662 1107 1714 sublevandos
1122 1659 1178 1726 ipsa

166 1747 256 1786 causta
268 1732 321 1798 pie
336 1733 455 1785 debeant
467 1747 628 1787 concurrere
639 1747 698 1786 can.
714 1735 745 1786 70
757 1738 786 1785 et
795 1734 833 1791 if.
849 1748 873 1784 c.
890 1733 919 1784 fi
941 1745 968 1798 q.
978 1734 1005 1785 2.
1017 1727 1179 1786 Reiffenstuel

166 1805 201 1856 ad
213 1805 265 1856 boc
283 1804 365 1856 refert
383 1803 471 1856 locum
490 1805 612 1869 epistole
623 1805 721 1858 Isidori
738 1804 884 1856 Pelusiotae
895 1803 930 1856 ad
940 1805 1099 1868 episcopum
1107 1803 1180 1854 nusc-

164 1876 250 1938 bium,
262 1873 291 1926 in
304 1887 358 1940 qua
372 1875 411 1926 sic
423 1889 484 1926 eum
497 1876 671 1940 reprehendit
687 1891 693 1925 :
709 1875 794 1930 Aiunt
811 1879 836 1930 te
847 1875 984 1928 ecclesium
997 1874 1101 1928 Pelusii
1109 1869 1180 1937 edin

167 1959 229 2000 carc
244 1949 312 2008 crte,
327 1948 407 2012 atquc
420 1943 498 2010 opere
511 1945 619 2012 quidem
633 1945 823 2012 pulcherrimo,
843 1945 889 1998 sad
909 1945 1016 2012 iniquis
1031 1943 1180 2002 rationibus,

165 2029 264 2084 pcrpuc
279 2029 416 2069 summum
428 2015 574 2084 iniurium,
590 2030 622 2069 oc
637 2031 735 2083 mnpno
748 2029 900 2083 pauperum
914 2017 997 2079 mato,
1013 2029 1126 2084 qnorum
1140 2013 1181 2066 im-

165 2087 255 2154 pensis
268 2100 334 2152 optu
347 2087 433 2152 facin
448 2086 520 2154 pund
533 2087 653 2153 prolecto
667 2087 736 2142 nibil
747 2087 825 2140 aliud
837 2089 883 2150 cst,
893 2087 951 2142 nisi
959 2083 1028 2141 Sion
1037 2088 1069 2141 in
1081 2083 1181 2152 senpui·

165 2157 254 2222 nius,
269 2160 294 2215 et
304 2159 453 2212 rimaran
465 2158 496 2210 in
508 2157 699 2224 iniquitatibus
712 2159 852 2224 adificare.
868 2159 908 2210 De
919 2158 1009 2224 pecul.
1027 2160 1093 2212 cler.
1111 2173 1136 2209 n.
1149 2155 1181 2206 if.

165 2256 192 2270 -
210 2229 246 2294 (6)
260 2230 458 2294 consanguinei
484 2233 511 2280 et
532 2230 760 2282 familiarescere
783 2243 919 2296 pauperes
938 2233 1057 2296 possunt
1071 2225 1182 2297 praeferri

165 2301 226 2352 aliis
246 2299 413 2367 pauperibus
436 2301 515 2352 etiem
538 2301 647 2364 gravius
672 2299 823 2364 agentibus.
849 2301 875 2351 S.
896 2299 1062 2366 De'Ligorie
1083 2302 1127 2352 cit.
1140 2298 1181 2350 loc.

165 2373 236 2424 llam
251 2370 300 2424 Dii
314 2371 428 2426 traditio
438 2376 485 2436 est,
498 2372 589 2424 elebat
602 2371 630 2422 S.
643 2372 813 2433 Ambrosius,
823 2374 855 2424 ut
864 2371 941 2436 priua
949 2385 1047 2436 pascos
1059 2373 1182 2439 perantes.

165 2444 230 2496 Cen.
246 2443 288 2506 itt,
303 2441 365 2495 dist.
379 2443 418 2496 86.
434 2443 470 2494 Ηί
486 2444 559 2494 enim
573 2443 607 2495 ed
621 2443 833 2496 misericordiam
856 2441 989 2506 duplicem
1013 2443 1118 2496 habent
1129 2441 1182 2492 titu-

166 2516 232 2579 lum,
246 2515 421 2580 paupertatis,
437 2519 464 2565 et
478 2514 627 2578 sanguinis.
641 2515 685 2565 vel
699 2512 888 2564 familiaritatis
898 2529 905 2574 3
917 2513 965 2564 sed
974 2517 1055 2566 caute
1070 2512 1184 2565 vitandus

166 2589 207 2638 est
222 2587 359 2653 scopulus,
371 2585 399 2636 in
409 2599 490 2651 quem
501 2583 579 2636 mulii
593 2585 755 2650 impingunt,
769 2598 803 2636 ne
814 2584 916 2636 scillcet
930 2585 1153 2650 consanguineos,
1161 2582 1184 2634 et

167 2658 316 2710 familiares
328 2658 461 2709 reditibus
475 2659 590 2722 augeant
599 2658 692 2707 contra
705 2655 842 2708 decretum
860 2655 1012 2707 Tridentini
1028 2657 1058 2707 in
1073 2669 1137 2708 sess.
1150 2653 1184 2711 25.

168 2737 228 2794 cap.
240 2731 264 2788 t,
277 2727 311 2780 de
325 2730 375 2780 ref.
388 2729 452 2794 quia
465 2743 499 2780 ex
508 2729 559 2780 hoc
573 2726 644 2778 fonte
658 2731 734 2778 onus
743 2732 785 2778 est
798 2726 1005 2778 exitiosissimus
1017 2727 1184 2792 necationem,

168 2799 288 2850 studium
302 2800 404 2852 scilicet
427 2798 544 2864 augendi
566 2801 687 2864 nepotes,
702 2798 774 2849 circe
787 2799 859 2862 quod
874 2798 1027 2862 saepissime
1041 2794 1184 2850 beneficiati

169 2870 234 2921 caeci
248 2875 320 2929 suut,
334 2875 366 2920 ut
384 2870 524 2936 repetebat
538 2869 679 2929 Barbcsa;
699 2867 770 2920 unde
789 2869 818 2919 in
830 2869 929 2933 vulgus
943 2869 1011 2920 illud
1026 2867 1186 2921 diffamatum

169 2945 220 2999 est,
231 2946 344 3006 nepotes
356 2955 416 2992 esse
429 2941 648 3008 presbyterorum
662 2939 740 2990 filios.
757 2967 784 2976 —
798 2941 834 3005 (i)
848 2940 925 3002 Quod
936 2941 1005 3006 justi
1018 2945 1049 2991 et
1067 2936 1185 2993 timorati.

168 3011 275 3064 caetaris
288 3010 409 3075 paribus,
423 3013 591 3078 praeferendi
601 3012 656 3062 sint
668 3011 801 3076 improbis
824 3012 902 3062 docet
919 3010 947 3062 S.
970 3012 1136 3063 'Ambrosius
1147 3007 1185 3059 di·

169 3095 233 3134 cens
249 3102 256 3133 ι
270 3082 393 3136 Perfecto
413 3083 561 3136 liberaliter
581 3082 642 3148 fide.
659 3095 751 3145 cause,
765 3081 829 3142 loce,
846 3085 964 3147 tempore
977 3082 1185 3142 commendetur,

168 3156 199 3208 uf
212 3153 334 3220 prium
348 3153 465 3214 operaris
482 3154 555 3206 circa
566 3153 722 3207 domesticos
743 3151 850 3219 fidei...
868 3167 932 3208 nan
948 3154 998 3206 itai
1011 3154 1134 3206 omnibus
1146 3149 1184 3202 do·

169 3225 264 3278 beatur
276 3223 473 3287 misericordia,
488 3227 580 3278 tenen
588 3227 664 3292 justo
677 3225 801 3291 amptius.
814 3227 879 3278 Gan.
896 3225 933 3287 ll,
955 3225 1016 3277 dist.
1033 3225 1075 3285 86,
1097 3224 1141 3292 qni
1152 3221 1184 3274 si·

168 3297 269 3346 militer
292 3296 377 3354 docet,
403 3309 490 3360 senes,
505 3301 533 3346 et
553 3297 728 3360 verecundos,
747 3297 781 3348 ob
805 3296 985 3348 conditionem
1002 3297 1047 3348 vel
1067 3303 1184 3348 namran

169 3365 338 3416 emendicare
352 3366 542 3418 erubescentes
557 3380 617 3418 esse
631 3367 692 3420 aliis
710 3369 902 3432 preferendos,
915 3367 980 3420 duni
994 3367 1091 3420 scribit
1107 3387 1114 3418 ε
1129 3363 1186 3418 don·

168 3433 315 3512 sidcrondn
328 3436 365 3486 cst
378 3434 462 3486 etiam
471 3434 502 3486 in
515 3435 653 3500 terpicndo
666 3441 739 3501 ctas,
750 3441 829 3506 cipue
839 3435 971 3501 debilites,
986 3447 1184 3503 nonnumquam

169 3504 253 3581 altana
268 3500 439 3567 verecundia,
449 3517 506 3568 pue
520 3504 648 3570 inpanuos
660 3507 753 3572 prodit
766 3509 881 3570 natales,
892 3513 923 3562 ui
943 3507 1049 3561 senionis
1061 3507 1120 3574 ptus
1134 3506 1185 3558 luo

170 3583 266 3636 paoni.
280 3573 344 3624 Gan.
361 3571 398 3628 li.
418 3573 481 3624 dist.
499 3575 538 3626 86.
554 3576 597 3626 An
612 3584 701 3630 autem
715 3579 860 3646 indigene,
874 3583 902 3634 et
918 3579 991 3633 cives
1008 3580 1064 3632 sint
1083 3575 1187 3630 ceteris
