2560 4080
520 165 680 222 ..487-

70 286 198 363 iudexa
211 303 272 362 quo
282 285 375 362 jndioi
388 286 427 346 ad
440 301 530 362 quem
542 291 678 360 testatur,
693 287 924 363 appellationem
942 289 1036 351 fuisse
1051 309 1105 352 oo·

74 392 141 436 ram
150 392 185 435 se
195 374 410 450 interpositam,
424 381 454 434 et
464 375 551 434 simul
564 375 602 435 de
617 375 821 451 appellatione
835 392 924 436 suum
940 378 1045 439 emittit
1054 380 1104 456 J'u·

77 463 190 526 dicium
203 463 302 524 dando
316 465 470 540 apostolos
484 464 703 534 dimissoriales,
720 465 840 541 quando
854 483 976 528 oausam
1001 470 1106 545 appel-

76 553 196 614 lationis
206 552 320 628 judioat
340 552 541 628 probabilem3
567 553 767 628 refutatorios,
790 555 909 630 quando
932 556 1106 632 appellatio·

78 658 151 702 nem
167 641 280 716 Judioat
304 641 450 719 frivolam,
467 647 559 717 atque
587 641 803 702 frustratoriam
818 645 874 716 (2),
888 645 1105 720 reverentiotes,

76 730 199 808 quando
215 729 404 807 appellationi
415 731 510 790 defert
524 747 586 790 non
600 748 639 790 ex
652 737 757 790 natura
772 748 881 805 oausae,
895 733 949 792 sed
962 733 1001 792 ob
1014 751 1101 796 rere-

77 819 208 881 reutiam
221 817 350 880 debitam
362 818 509 894 superiori
520 819 614 895 iudici
627 819 663 879 ad
678 835 783 896 quern;
800 820 925 894 apostoli
938 838 1010 881 vero
1027 825 1107 884 teati-

78 908 225 970 montotto
240 908 348 968 dantur
362 925 379 968 a
392 907 520 983 notario,
536 909 616 969 vela
633 907 704 968 viris
723 908 866 983 honestis,
884 925 986 968 eoram
999 911 1108 986 quibus

78 998 260 1074 appellatum
284 999 339 1057 fuit
364 1002 415 1070 (3).
448 999 527 1057 lnlra
555 997 667 1056 dictum
696 996 856 1056 terminum
881 1003 949 1057 sunt
982 999 1109 1075 apostoli

77 1087 238 1158 instanter,
262 1093 290 1145 et
310 1087 414 1164 septos
437 1085 567 1162 petendi,
587 1101 674 1145 seous
689 1085 878 1162 appellationi
899 1086 1108 1148 renunciatum

79 1182 238 1236 censetur:
254 1173 380 1235 dicimus
392 1175 511 1252 saeptos,
528 1190 597 1234 nam
612 1181 769 1249 postquam
789 1175 943 1251 appellans
963 1175 1108 1236 instanter

78 1266 233 1341 apostolos
248 1263 339 1338 petiit,
354 1264 443 1324 debet
465 1264 542 1324 infra
567 1263 706 1323 eumdem
728 1263 887 1324 terminum
901 1265 939 1325 ad
954 1267 1108 1342 apostolos

78 1353 269 1428 recipiendos
283 1353 322 1413 ad
340 1353 472 1429 judicem
486 1353 594 1428 redire,
610 1358 639 1412 et
657 1353 746 1412 etiam
765 1354 883 1430 saepius,
903 1357 1109 1430 utapostolos

77 1441 218 1518 recipiat,
237 1457 313 1518 quos
334 1442 360 1501 si
379 1443 473 1518 judex
496 1443 568 1502 dare
591 1447 709 1515 renuat,
730 1448 798 1517 post
821 1442 935 1504 dietum
949 1443 1109 1505 terminum

80 1537 182 1606 potest
195 1529 326 1606 legitime
341 1529 570 1607 appellationem
583 1529 726 1606 prosequi
740 1535 751 1604 (
770 1536 792 1604 ).

115 1715 148 1780 (l)
163 1715 229 1781 Gap.
243 1715 268 1777 6,
282 1713 316 1765 do
327 1713 414 1778 appel.
429 1713 458 1764 iu
474 1713 497 1764 6.
511 1741 542 1752 -
562 1713 597 1777 (i)
610 1713 677 1765 Cum
696 1712 782 1780 judex
796 1712 842 1764 dat
859 1714 993 1778 apostolos
1013 1715 1110 1767 reluta·

82 1788 176 1851 torino,
191 1787 219 1837 in
233 1785 325 1838 libello
340 1785 492 1836 dimissorio
503 1785 586 1837 dehet
599 1798 735 1851 apponere
750 1798 869 1844 oausam,
880 1787 914 1837 ob
928 1800 1009 1851 quam
1020 1791 1111 1840 censet

82 1857 290 1926 appellationem
304 1871 364 1910 esse
383 1857 507 1908 frivolam
530 1860 556 1908 et
570 1857 779 1916 frustratoriam,
800 1857 870 1908 sieut
886 1858 1034 1922 disponunt
1057 1859 1110 1910 Ro·

81 1942 172 1981 manae
186 1929 260 1991 leges
276 1941 293 1978 a
307 1927 435 1978 canoniea
447 1927 526 1992 praxi
537 1927 706 1993 approbatae.
721 1927 750 1976 Si
761 1940 824 1996 vero
839 1941 921 1979 eausa
933 1942 987 1979 nou
1001 1930 1036 1981 sit
1054 1931 1110 1982 evi·

84 2002 161 2062 dens,
169 2000 253 2051 satius
264 2001 314 2058 est,
322 2003 353 2049 ut
359 1999 445 2064 judex
462 1998 581 2049 odendis
592 1997 635 2048 his
648 1997 775 2062 apostolis
786 1999 928 2060 abstineat,
940 2013 974 2051 ne
986 2001 1111 2052 videatur

81 2071 197 2140 justitiae
209 2072 281 2121 vlam
295 2068 471 2136 praecludere.
493 2097 524 2106 -
537 2069 573 2134 (3)
587 2069 615 2119 Si
628 2081 692 2134 pars
712 2069 808 2119 victrix
834 2069 1041 2135 appellationem
1064 2085 1109 2122 ao-

83 2144 180 2208 ceptot,
200 2141 266 2192 dara
286 2143 374 2208 potest
394 2139 540 2206 apostolos,
565 2140 612 2206 ,qui
633 2139 847 2195 conventionales
876 2140 1055 2206 appellantur.
1079 2169 1111 2180 —

84 2217 118 2281 (l)
134 2215 198 2277 Gap.
213 2213 228 2264 l
241 2215 268 2264 et
281 2214 305 2275 6,
332 2213 366 2264 de
381 2211 470 2278 appel.
486 2212 514 2263 in
528 2213 552 2274 6,
567 2217 594 2263 et
611 2210 695 2263 Clam.
711 2210 838 2276 Quamvis
853 2213 913 2263 eod.
927 2211 1015 2264 iudex
1027 2227 1043 2264 a
1057 2228 1110 2279 quo

82 2284 249 2351 appellatum
263 2286 312 2342 est,
326 2285 460 2349 apostolos
480 2281 587 2333 omnino
611 2281 676 2333 dere
694 2281 791 2342 debet3
809 2282 877 2334 alias
891 2297 1035 2350 processus
1050 2287 1112 2350 post

84 2355 267 2422 apostolorum
286 2354 490 2418 denegationem
513 2365 680 2417 expressam,
702 2352 759 2404 sive
772 2352 880 2404 tacitam
896 2354 1032 2406 confectus
1051 2355 1110 2420 ipso

80 2429 144 2493 Jure
158 2428 200 2479 est
212 2425 355 2479 invalidus.
372 2425 437 2490 Cap.
455 2425 480 2484 4,
494 2424 528 2476 de
537 2423 625 2490 appel.
639 2423 700 2475 inb.

120 2663 184 2719 874.
203 2657 317 2718 Tertius
333 2655 476 2716 terminus
489 2657 528 2716 ed
543 2654 790 2715 introducendam
804 2653 1035 2731 appellationem
1048 2671 1110 2714 non

84 2754 129 2810 est
141 2748 174 2808 in
187 2745 391 2808 beoretalibus
404 2744 560 2818 definitum
575 2744 688 2804 ideirco
706 2759 745 2804 ex
764 2743 885 2804 arbitrio
897 2742 1006 2819 jndiois
1019 2761 1038 2806 a
1051 2761 1112 2820 quo

83 2835 244 2914 dependet,
258 2833 309 2911 qui
322 2834 412 2894 debet
425 2833 557 2906 brevius,
582 2833 630 2892 vel
651 2831 769 2908 longius
795 2831 948 2907 assignare
968 2831 1112 2909 temporis

84 2925 214 3003 spatium
228 2923 393 2984 seeundum
405 2924 541 2983 locorum
554 2921 733 2996 distantiam,
746 2939 783 2981 ao
796 2937 1003 2996 personarum,
1019 2929 1049 2982 et
1063 2938 1113 2981 ne·

83 3014 235 3091 gotiorum
251 3012 433 3090 qualitatem.
455 3010 649 3071 Nihilominus
673 3008 721 3070 hio
741 3009 884 3069 terminus
903 3011 1038 3070 moribus
1057 3011 1113 3070 ho-

84 3103 207 3177 diernis,
222 3109 251 3162 et
264 3099 479 3162 consuetudine
491 3100 579 3160 durat
593 3099 631 3158 ad
646 3116 758 3159 annum
769 3100 807 3159 ab
819 3099 995 3176 interposita
1008 3100 1112 3174 appel-

84 3194 206 3266 latione,
221 3191 273 3251 ubi
296 3191 417 3252 brevius
436 3189 563 3266 spatium
584 3205 645 3248 non
667 3189 705 3249 sit
725 3205 779 3264 per
795 3189 927 3264 judicem
946 3188 1111 3248 definitum.

85 3284 170 3344 Unde
183 3281 209 3340 si
221 3282 376 3358 appellans
399 3281 476 3340 intra
499 3295 610 3340 artuum
630 3296 751 3340 oausam
770 3280 862 3355 judici
881 3280 918 3340 ad
941 3293 1029 3355 quem
1048 3294 1111 3336 uon

85 3371 261 3443 committat,
277 3370 362 3430 idest
375 3386 436 3429 non
450 3369 588 3429 exhibeat
602 3370 764 3444 apostolos,
778 3385 838 3440 non
852 3368 951 3440 instet,
963 3374 996 3426 nt
1010 3367 1113 3441 appel-

85 3461 157 3521 latio
171 3459 342 3536 reoipiatur,
356 3465 390 3519 ut
402 3464 569 3535 opportuna
583 3457 635 3517 fiat
649 3457 760 3531 citatio,
774 3457 919 3530 inhibitio,
934 3461 1005 3530 eto,
1019 3455 1113 3530 ajuro

86 3547 296 3628 appellationis
310 3547 399 3623 eadit,
414 3553 444 3608 et
457 3545 616 3624 appellatio
636 3547 671 3606 fit
685 3546 803 3607 deserta
818 3549 869 3618 (t).
