2560 4080
447 781 650 866 TITULUS
676 777 792 868 lilii.¹

414 1041 450 1085 ilii
461 1039 580 1087 sonions
591 1041 798 1096 nimisnimtis.

98 1219 330 1276 99119991ιὸ89.
345 1223 404 1284 Quid
419 1224 449 1277 sit
467 1225 577 1291 iudicium
591 1225 713 1291 criminale,
729 1228 754 1278 et
765 1229 820 1293 quot
836 1225 911 1280 modis
926 1228 1075 1282 instituatur?
1087 1258 1118 1270 -

125 1295 180 1347 881.
198 1295 257 1355 Quid
270 1295 300 1347 sit
310 1296 434 1358 accusatio,
449 1301 472 1350 ei
484 1297 522 1363 qui
537 1298 626 1362 possint
638 1301 759 1350 accusem?
769 1327 800 1336 -
819 1298 875 1350 888.
889 1299 948 1359 Quid
959 1300 1085 1366 inquisitio,
1095 1306 1119 1354 et
1173 1312 1175 1317 ’

126 1367 263 1434 quotuplex?
273 1392 304 1405 -
312 1367 368 1418 889.
380 1367 452 1419 iudex
461 1382 507 1420 uon
517 1373 592 1433 potest
598 1369 724 1434 specialiter
732 1369 854 1436 inquirere,
863 1371 908 1422 nisi
918 1373 1061 1438 precesserit
1071 1373 1116 1424 dii-

128 1439 231 1491 iamatio.
243 1467 274 1476 -
290 1438 347 1490 899.
363 1439 422 1498 Quid
431 1440 461 1490 sit
469 1440 621 1502 denunciatio,
631 1445 654 1493 et
662 1442 783 1507 quotuplex
792 1445 803 1492 i
813 1469 844 1479 -
857 1443 913 1494 891,
925 1443 1117 1511 119999919ῑὶ99-

129 1511 214 1563 ilicinis
228 1509 344 1576 quomodo
354 1509 408 1560 liat?
419 1538 450 1548 —
463 1510 518 1561 899.
530 1511 586 1570 Quae
600 1512 742 1578 requirantur
755 1515 780 1562 iu
793 1527 902 1578 processu
914 1513 1116 1581 199919119ήοῖ-

127 1584 182 1636 893.
197 1582 318 1641 Quomodo
337 1581 468 1632 reuocetur
485 1596 606 1649 processus
621 1583 809 1636 informationis?
825 1613 854 1622 -
872 1586 926 1637 891.
942 1585 1064 1645 Quomodo
1076 1587 1116 1639 dai

126 1654 159 1705 rei
172 1653 258 1715 citatio,
271 1656 294 1703 et
305 1652 472 1704 constitutum?
481 1681 512 1691 —
521 1654 576 1706 895.·
587 1655 707 1714 Quomodo
716 1669 770 1708 reus
782 1656 936 1709 inconsliiuto
948 1658 1115 1722 interrogetur?

127 1723 267 1775 -89919
288 1738 333 1789 quo
354 1723 464 1776 consistat
476 1725 566 1776 tertium
583 1727 753 1778 confrontriio?
770 1756 800 1766 -
825 1728 879 1780 897.
895 1728 950 1787 Quae
967 1731 1069 1794 spectent
1085 1729 1115 1782 ad

124 1795 220 1847 formam
231 1797 352 1862 protessus
365 1795 481 1859 offensiui,
498 1801 520 1848 et
529 1797 657 1849 deiensivi?
671 1827 700 1836 -
714 1799 767 1850 898.
783 1799 903 1859 Quomodo
916 1799 956 1850 ilat
968 1801 1058 1852 testium
1072 1815 1113 1853 re-

128 1867 221 1934 petitio?
231 1894 261 1903 -
270 1867 325 1918 899.
335 1867 361 1918 ln
373 1881 418 1934 quo
427 1868 535 1920 consistat
543 1882 651 1920 recursus
663 1882 702 1935 par
712 1869 809 1922 libellum
820 1871 1010 1937 compositionis?
1019 1871 1112 1924 -999,

122 1937 184 1990 riuis
196 1951 317 2004 processus
328 1939 449 1990 criminalis
462 1944 497 1991 cat
510 1940 621 1992 sententia
632 1939 779 2006 absolutoria,
789 1941 825 1993 uei
838 1941 1029 1994 condemnatoris.

125 2119 188 2175 886.
206 2119 276 2187 Quae
293 2115 423 2175 breuiter
436 2116 593 2192 hucusque
605 2115 636 2176 in
654 2117 713 2177 hoc
726 2117 802 2178 libro
818 2119 1009 2195 exposuimus
1017 2121 1056 2180 ad
1070 2121 1111 2180 ci-

89 2205 147 2264 uile
156 2203 301 2280 judicium
316 2203 500 2278 ordinarium
513 2204 699 2281 potissimum
711 2208 893 2280 referuntur3
914 2225 990 2283 opus
1004 2224 1110 2270 conse·

92 2298 219 2369 quenter
232 2309 314 2352 nunc
327 2300 373 2352 est
387 2293 485 2369 aliqua
505 2294 612 2353 saitem
634 2294 807 2355 breuissime
821 2295 858 2354 de
877 2295 989 2371 judicio
1012 2295 1110 2356 crimi-

88 2382 149 2442 nali
165 2398 329 2456 exponere,
345 2381 425 2457 quod
440 2381 470 2440 in
481 2381 668 2444 correctione
689 2399 824 2456 morum,
833 2389 863 2443 et
876 2381 1028 2459 punitione
1052 2385 1110 2446 cri-

51 2531 56 2538 ,
88 2470 205 2530 minum
229 2469 390 2529 Ecclesiam
405 2469 544 2544 defendit,
563 2478 593 2530 et
611 2471 715 2530 reiicit.
731 2470 878 2531 iudicium
901 2470 1053 2534 criminale
1065 2481 1111 2534 est

85 2560 173 2634 iliud,
192 2560 226 2619 in
239 2576 294 2635 quo
314 2559 480 2620 criminalis
494 2577 586 2620 conso
598 2561 733 2630 99911199,
748 2568 783 2620 nt
797 2577 867 2620 rens
878 2561 918 2620 od
930 2560 1039 2621 bonnm
1052 2579 1109 2637 pn-

87 2647 199 2708 bliccnn
221 2647 338 2724 pndlico
362 2648 492 2708 vindicio
511 2655 685 2709 coercentur.
707 2649 810 2710 Modus
822 2647 854 2708 in
869 2666 905 2709 eo
926 2650 1109 2725 procedendi

86 2735 256 2797 desumitur
269 2755 308 2798 cx
322 2736 435 2813 judicio
449 2735 538 2810 ciuili,
553 2737 672 2814 quando
686 2737 770 2798 aliter
781 2737 813 2796 in
831 2739 899 2814 iure
913 2744 1034 2799 cautum
1048 2755 1109 2800 non

87 2825 249 2902 reperitur,
266 2833 296 2886 91
310 2826 476 2887 secuudum
487 2826 681 2886 Decretalium
700 2826 868 2886 sanctiones
884 2825 1045 2888 instituitur
1058 2845 1108 2888 oc·

85 2916 247 2987 curatione,
261 2915 451 2992 inpeditione
465 2919 495 2974 et
507 2914 728 2975 denuntiatione
742 2917 793 2987 (i).

118 3067 156 3133 (r)
168 3066 239 3119 nun.
257 3042 295 3118 ni
313 3067 334 3126 r,
345 3049 367 3118 i.
381 3067 396 3118 s
410 3065 545 3118 nen-ern.

121 3267 187 3322 887.
203 3261 359 3321 Accusatio
374 3261 530 3324 osticiotio
544 3263 745 3324 criminosiori
763 3268 969 3340 competentem
976 3259 1108 3335 jndicem

82 3369 139 3427 per
156 3349 287 3411 libellum
308 3353 526 3413 ocensotorinnr
551 3353 590 3412 od
606 3353 755 3428 pellicani
767 3352 928 3412 vindicione
941 3351 1033 3425 [9919.
1053 3347 1107 3408 1119

79 3441 202 3501 libellus
217 3440 307 3501 debet
319 3441 472 3502 continere
485 3457 593 3502 nomen
602 3441 721 3517 judicia,
731 3439 913 3501 accusatoris
924 3445 953 3498 et
964 3436 1106 3511 accusati,

80 3529 240 3606 qualitem,
256 3531 354 3591 iocum
370 3537 399 3590 et
414 3538 530 3607 tempus
542 3532 650 3607 patrati
664 3531 796 3604 sceleris,
810 3530 872 3590 siue
895 3527 1105 3598 narrationem,

79 3625 112 3680 et
128 3636 263 3694 musam,
277 3635 336 3680 non
355 3636 428 3681 uero
443 3620 675 3696 conclusionem,
691 3620 759 3697 quia
777 3637 832 3696 pro
846 3623 1020 3679 accusatore
1033 3633 1105 3676 con-

937 3724 980 3777 28.
