2494 4062
517 222 662 280 49-
730 271 732 278 ,

91 350 162 405 netur
179 349 229 418 (3).
243 351 273 406 f·
293 351 417 406 Demum
439 345 594 423 Espiscopi
618 344 768 408 indultarii
787 345 819 405 in
832 345 992 408 missarum
1007 347 1099 408 redu·

88 433 171 494 ctione
181 436 292 496 debent
296 435 405 512 jugiter
415 453 535 496 servare
545 437 741 512 eleemosynae
755 436 907 511 synodalis
916 451 1096 511 mensuram,

86 522 184 583 sivede
196 523 297 584 missis
310 524 443 601 privatis,
465 525 528 586 sire
549 525 588 585 de
613 524 831 600 anniversariis,
860 525 923 585 sive
943 525 980 585 de
1000 525 1099 586 missis

4 621 5 626 ’
86 627 142 671 cum
154 619 240 672 cantu
253 613 440 673 celebrandis
455 620 570 690 agatur,
585 613 615 672 in
628 613 736 689 quibus
748 630 811 688 prae
825 612 940 674 caeteris
953 631 992 674 ex
1004 613 1098 690 regio.

86 716 143 760 nom
160 702 581 779 consuetudineeleemosyna
602 709 632 764 et
651 704 756 778 major.
773 709 845 762 Cum
856 720 929 764 vero
943 702 1031 776 simul
1047 719 1096 764 re·

85 787 210 851 ducendae
224 791 286 851 sint
309 792 409 852 missas
428 798 554 853 cantatae
567 798 597 852 ct
610 793 705 867 lectae,
719 791 751 849 in
767 789 823 850 illis
836 791 945 866 potius,
961 808 1051 867 quam
1065 792 1096 852 in

82 874 133 936 istie
146 881 282 940 reductio
296 879 472 956 regulariter
485 881 573 953 cadit,
588 880 668 957 qaod
683 881 827 953 ecclesia,
843 886 873 939 et
890 880 1096 942 fundatoribus

82 967 165 1028 utilius
191 976 247 1030 cst.
265 976 307 1031 lte
327 976 437 1031 caetero
462 969 600 1046 Episcopi
615 969 769 1030 indulturii
788 970 955 1030 secundum
971 976 1095 1046 praesta-

81 1053 160 1118 hiiitas
171 1061 254 1136 teges
268 1066 397 1136 possunt
409 1059 498 1122 etiam
511 1077 568 1137 pro
579 1057 772 1136 Regularibus
786 1075 909 1131 suarum
919 1058 1094 1122 dioecesium

80 1145 169 1207 musas
181 1149 355 1222 reducere(
374 1152 397 1222 ).

102 1339 131 1404 (t)
143 1339 168 1390 Si
181 1355 246 1394 vero
261 1341 416 1408 Episcopus
430 1341 529 1394 hebeat
543 1341 676 1396 indultum
689 1343 815 1409 generate
825 1341 971 1407 reducendi
984 1343 1093 1412 missos,

79 1411 136 1474 qood
149 1411 180 1463 de
190 1413 375 1476 eleemosinis
391 1421 418 1465 et
431 1415 493 1466 aliis
506 1415 560 1479 piis
575 1414 672 1480 legatis
687 1414 851 1466 mentionem
865 1427 919 1466 non
933 1415 1024 1480 faeiat,
1041 1431 1092 1482 pro

78 1485 217 1536 eruditione
231 1485 318 1551 hujus
334 1487 430 1551 primae
444 1486 546 1552 regulae
560 1487 595 1538 ad
610 1487 636 1538 S.
653 1488 749 1540 Sedem
764 1486 959 1538 recurrendum
976 1492 1026 1540 est.
1038 1489 1091 1542 Be-

77 1553 183 1606 nedictus
198 1557 276 1616 xlv,
292 1556 326 1607 de
340 1557 439 1621 Synod.
456 1557 474 1608 l.
490 1557 528 1618 13,
545 1572 569 1608 c.
583 1559 630 1608 nit.
645 1572 673 1608 n.
686 1559 716 1608 23
732 1560 759 1608 et
775 1557 812 1608 rt.
831 1585 858 1596 -
873 1557 909 1622 (it
923 1558 1024 1610 Verum
1037 1560 1090 1612 dif-

77 1620 166 1676 icultus
180 1627 208 1677 in
222 1641 255 1678 eo
273 1628 351 1692 latet,
367 1631 398 1678 ut
417 1629 597 1693 dignoscatur,
613 1627 785 1694 quandonam
804 1627 954 1679 fundatoris
967 1630 1092 1685 haeredes

77 1697 202 1748 teneantur
222 1700 425 1764 contingentem
447 1699 581 1751 defectum
604 1698 741 1764 supplere.
762 1699 891 1751 Doctores
914 1703 1091 1755 communiter

75 1767 162 1830 tenum,
174 1774 241 1821 tunc
254 1771 380 1822 haeredes
394 1769 508 1835 obligari
522 1771 556 1820 ad
571 1768 755 1836 supplendum
765 1770 908 1829 defectum,
923 1773 1089 1825 cumfonda·

75 1839 109 1886 tor
122 1841 237 1906 respexit
261 1841 448 1906 principaliter
468 1841 500 1892 ad
526 1855 594 1893 onus
615 1841 774 1901 missarum,
790 1855 858 1909 quas
872 1843 947 1894 initio
962 1845 1092 1898 orationis

75 1905 219 1975 designarit,
235 1917 264 1964 et
279 1913 439 1964 secundario
460 1913 496 1963 ad
522 1912 645 1971 fundum,
667 1926 748 1978 quem
763 1912 791 1963 in
804 1914 947 1979 posteriori
961 1916 1090 1968 orationis

75 1985 137 2041 nerto
149 1997 197 2046 pro
212 1988 361 2036 missarum
377 1985 439 2036 dote
454 1984 618 2049 assignavit;
643 1983 669 2035 et
691 1997 745 2034 non
759 1985 846 2034 teneri
860 1985 888 2034 in
902 1999 966 2036 casu
983 1992 1088 2038 contra-

75 2049 120 2101 rio:
134 2055 196 2118 quia
211 2071 245 2108 ex
259 2055 378 2106 taxativa
394 2056 576 2120 assignatione
589 2056 735 2108 missarum
751 2056 926 2122 praesumitur
947 2056 975 2106 in
991 2055 1088 2107 funda-

75 2125 255 2178 torovoluntas
277 2128 475 2193 supplementi;
499 2130 526 2179 et
548 2141 580 2179 ex
599 2127 710 2179 adverso
734 2127 762 2178 in
776 2127 893 2178 terratica
907 2129 1090 2190 assignatione

74 2191 137 2244 fundi
148 2199 326 2262 praesumitur
336 2199 363 2248 in
374 2199 516 2250 fundatore
530 2200 655 2250 voluntas
669 2199 703 2250 ab
715 2199 769 2250 etia
779 2198 954 2262 prestatione
965 2199 1089 2252 haerades

74 2262 190 2318 liberandi
206 2271 235 2318 in
248 2283 315 2320 casu
339 2269 550 2334 deminutionis,
567 2278 614 2321 aut
632 2271 757 2322 interitus
776 2269 852 2320 fundi
872 2270 1011 2334 assignati,
1028 2284 1090 2336 qum

75 2329 224 2388 theoricaab
242 2339 425 2390 Instructione
440 2342 570 2404 probatur
585 2341 727 2406 Episcopis
743 2339 897 2390 indulturiis
919 2340 977 2390 dari
1000 2342 1087 2392 solitu.

75 2399 220 2459 Benedictus
236 2409 313 2471 xtv,
334 2409 383 2460 loc.
400 2411 446 2460 cit.
460 2425 485 2460 n.
503 2411 532 2462 30
551 2416 577 2462 et
591 2425 666 2476 seqq.
686 2438 714 2447 -
737 2411 771 2476 (3)
791 2411 831 2461 id.
849 2411 948 2461 Pontii.
964 2411 1022 2462 eod.
1036 2412 1087 2463 loo.

73 2485 94 2522 11.
106 2475 170 2526 33.-
182 2479 217 2542 tf)
232 2479 276 2529 Id.
289 2493 316 2529 n.
333 2481 363 2530 34
370 2484 397 2530 ct
407 2483 444 2531 35.
456 2482 508 2532 Sed
522 2483 594 2533 circa
608 2483 713 2546 proxim
727 2481 795 2534 illud
810 2481 861 2532 hoc
871 2483 919 2532 loci
935 2483 1084 2533 observan-

74 2543 207 2612 dnmqnoa
221 2551 272 2601 ubi
287 2551 349 2614 quis
359 2564 485 2602 asumma
499 2553 629 2604 Pontifico
643 2553 786 2604 missarum
800 2553 983 2604 reductionem
998 2548 1088 2618 postu·

34 2665 36 2674 ,
74 2615 109 2680 lat,
125 2622 237 2686 supplex
252 2623 363 2674 libellus
386 2623 518 2682 Pontifici,
535 2623 578 2675 vel
594 2624 621 2674 S.
638 2624 846 2688 congregationi
859 2623 965 2675 oblatus
980 2625 1013 2675 sd
1035 2625 1087 2676 loci

73 2688 231 2745 Ordinerium
251 2708 303 2759 pro
326 2693 514 2747 informatione
538 2699 564 2747 et
583 2699 643 2746 voto
667 2695 766 2745 remitti
788 2694 868 2757 solet;
889 2699 915 2745 et
928 2696 951 2745 si
967 2695 1087 2748 reductio

72 2759 177 2815 iacienda
193 2766 345 2830 judicetur,
366 2771 545 2832 oppurtunum
562 2767 735 2832 Rescriptum
755 2767 784 2816 in
802 2767 878 2816 curia
895 2767 1016 2819 Romana
1040 2781 1086 2820 ex·

71 2835 171 2896 peditur,
187 2851 242 2904 quo
257 2837 405 2890 reducendi
417 2839 533 2890 facultas
546 2839 598 2904 ipsi
610 2838 754 2892 Ordinario
764 2838 947 2890 committitur.

98 3076 152 3134 333.
165 3078 215 3137 itis
229 3077 268 3138 de
285 3077 469 3138 Eucharistia
483 3079 637 3154 expositis,
653 3095 750 3155 pauca
764 3079 952 3154 adjungimus
967 3079 1005 3140 de
1019 3085 1086 3139 Poe-

72 3157 182 3224 nitentiae
200 3171 407 3240 sacramento,
428 3169 508 3244 quod
523 3187 540 3227 a
554 3168 664 3227 sanctis
678 3167 814 3228 Patribus
831 3167 938 3228 dicitur
958 3169 1087 3228 secunda

70 3258 120 3320 post
132 3256 328 3331 naufragium
344 3256 454 3327 tabula,
469 3265 499 3316 et
520 3257 697 3316 laboriosum
720 3257 873 3333 baptisma,
898 3256 965 3333 quia
983 3263 1016 3316 ut
1041 3263 1087 3315 est

72 3344 257 3404 necessarium
270 3346 419 3422 baptisma
437 3363 498 3404 non
518 3347 710 3422 regeneratis,
725 3345 766 3405 ita
779 3353 824 3406 cst
838 3346 1012 3406 Paenitentia
1029 3343 1086 3401 illis

73 3433 232 3508 neccssaria,
248 3435 299 3510 qui
313 3442 383 3511 post
396 3444 550 3512 receptum
572 3435 719 3512 baptisma
742 3437 772 3495 in
800 3437 907 3496 lethale
929 3439 1086 3510 peecatum

73 3513 132 3591 lapsi
144 3529 222 3582 sunt.
240 3523 420 3592 Poeniteirtia
433 3523 472 3584 ita
486 3525 673 3586 considerata
696 3533 737 3584 est
757 3525 986 3586 Sacramentum
1004 3534 1085 3578 reove

75 3603 137 3706 [θεῷ
149 3629 167 3672 a
181 3612 298 3675 Christo
316 3604 572 3692 institutumque
594 3632 614 3676 a
637 3614 790 3676 Sacerdote
805 3613 893 3688 lapsis
913 3619 977 3686 post
992 3608 1083 3683 bapti
1114 3609 1118 3620 '

957 3709 982 3759 2.
