2426 4070
609 203 770 261 ..1⁴8-

181 315 341 390 sacutorir,
369 331 435 391 quae
455 333 472 374 a
494 315 610 375 clericis
633 315 824 376 sacularibus
851 313 975 394 regitur,
1006 317 1171 376 Praeterc

182 406 329 465 llcclesias
338 405 506 464 referuntur
517 421 637 480 quoque
646 404 777 464 oratoria
788 409 850 464 tum
862 402 994 478 publica,
1011 407 1091 462 tum
1111 401 1171 476 pri

182 511 249 570 quae
266 495 305 553 ad
321 493 490 554 divinorum
508 492 695 568 officiorum,
711 492 864 568 sanctique
882 489 1028 552 sacrificii
1051 490 1171 550 celebr

181 599 252 642 nem
266 589 336 642 sunt
349 581 506 642 destinate.

217 671 357 731 Ecclesiae
383 670 468 746 prius
491 670 656 746 eriguntur,
677 675 707 730 et
725 679 835 730 erectae
854 674 1096 742 restaurantur;
1129 668 1171 726 dc

182 767 301 835 crectae,
316 761 364 820 vel
374 766 549 819 restauratae
564 759 792 832 benedicuntur,
807 758 855 817 vel
867 764 1118 841 consecrantum
1139 763 1171 815 el

182 864 265 909 mum
279 855 462 909 consecratae
475 848 584 908 iterum
595 854 823 920 consecrantur,
839 846 863 905 si
875 853 1046 920 execratae,
1057 846 1114 905 vel
1124 860 1171 904 re<

181 935 328 1010 cillantur,
343 936 492 996 siluerint
510 939 630 1014 pollutae
647 956 653 996 :
670 937 708 998 dc
723 937 830 1013 quibus
845 935 985 996 omnibus
1007 951 1103 996 nunc
1130 951 1171 994 sut

181 1025 311 1087 breviter
324 1025 430 1086 acturi.
1170 1075 1171 1078 ,

216 1119 280 1176 ltl.
297 1120 330 1176 ln
353 1115 554 1178 Ecclesiamm
572 1113 723 1176 erectione
745 1120 906 1200 sequentes
926 1119 996 1177 sunt
1021 1114 1171 1174 observat

182 1203 378 1264 conditiones.
395 1205 493 1264 Prima
510 1205 540 1262 in
562 1221 598 1264 eo
614 1204 671 1264 nita
691 1210 746 1279 est,
770 1204 851 1279 quod
863 1203 942 1262 adsit
964 1219 1147 1262 consensus
1163 1205 1171 1260 l

181 1294 275 1370 scopi,
296 1293 348 1368 qui
363 1310 473 1368 perse,
491 1293 517 1352 si
530 1293 596 1353 ficri
615 1299 723 1370 potest,
745 1300 796 1354 aut
814 1309 869 1372 per
883 1292 1058 1367 delegatum
1075 1295 1171 1350 suum'

182 1398 252 1440 cum
279 1381 423 1456 designet,
446 1399 569 1445 crucem
589 1383 671 1456 figat,
693 1389 723 1441 et
745 1382 876 1457 primum
896 1381 1029 1457 lapidem
1049 1386 1148 1456 ponat
1170 1427 1171 1434 ,

182 1469 320 1529 Secunda
341 1469 477 1530 consistit
494 1470 525 1528 in
538 1471 618 1542 dote,
646 1487 737 1545 quarn
762 1470 850 1530 dehet
864 1470 974 1528 habere
994 1469 1064 1545 ipsa
1089 1469 1171 1533 Ecclc

182 1557 333 1631 erigenda,
362 1556 403 1616 ita
417 1565 450 1616 ut
474 1575 513 1617 ex
528 1577 564 1618 ea
580 1559 736 1634 percipere
749 1560 846 1618 valeat
865 1558 1009 1634 quidquid
1026 1564 1076 1617 est
1096 1573 1171 1618 nece

181 1661 238 1720 pro
252 1645 479 1704 conservatione
493 1647 620 1720 aedificii,
646 1664 701 1722 pro
716 1647 807 1707 divini
822 1649 919 1707 cultus
932 1647 1092 1722 exercitio,
1115 1653 1144 1706 ct
1162 1663 1171 1720 q

182 1731 328 1792 alimentis
342 1733 546 1793 ministrorum
556 1739 607 1806 (ἓ).
622 1736 719 1795 Tertia
733 1735 830 1811 posita
845 1741 890 1796 est
903 1736 933 1794 in
944 1737 1026 1812 justa
1041 1752 1134 1794 causa
1147 1749 1171 1792 el

181 1820 299 1895 ationis,
313 1837 403 1896 quam
417 1823 537 1882 exhibet
553 1824 749 1884 commoditas
765 1823 907 1899 plebium,
923 1830 953 1882 ct
970 1823 1081 1882 utilitas
1094 1822 1171 1882 univi

181 1909 311 1973 citatum.
340 1913 449 1982 Quarta
478 1912 599 1973 demum
621 1913 754 1988 requirit,
776 1923 810 1972 ut
832 1913 950 1986 vitetur,
979 1918 1124 1989 quantum
1146 1912 1171 1972 fil

180 2005 291 2073 potest,
305 1998 431 2059 aliarum
448 1999 647 2060 Ecclesiarum
661 2000 877 2076 praejtrdicium,
899 2002 969 2080 quio
983 2002 1071 2061 nullu
1085 2000 1171 2070 Ecclel

179 2087 214 2146 in
238 2087 445 2162 praeJ'udtciurn
468 2087 592 2146 ulterius
615 2091 878 2150 cstcoostruenclo
893 2094 932 2162 (3)
971 2095 1129 2166 Propterea
1155 2105 1171 2166 q

181 2175 275 2236 credit
290 2192 323 2235 se
336 2176 450 2250 laesum,
465 2182 570 2251 potest·
582 2193 695 2238 novum
709 2195 785 2254 opus
806 2178 952 2250 nuntiare,
968 2179 999 2236 id
1016 2185 1060 2238 cst
1077 2179 1171 2237 aedifici

181 2261 254 2321 tioni
277 2263 405 2337 iuridice
433 2281 466 2324 se
489 2281 659 2340 opponere,
689 2283 749 2340 quo
774 2265 865 2341 iacto,
894 2266 1043 2328 aedificans
1063 2283 1117 2342 pcr
1141 2273 1171 2326 tn

179 2367 300 2411 menses
324 2370 363 2414 cx
380 2352 490 2428 judicis
511 2353 688 2428 praescripto
715 2361 832 2413 tenetur
858 2372 935 2430 opus
957 2356 1133 2429 suspendere
1147 2359 1171 2427 (l

180 2439 254 2500 Hinc
269 2439 293 2499 si
308 2441 345 2500 de
361 2442 499 2502 Ecclesiae
518 2441 698 2517 parochialis
720 2433 872 2502 erectione
890 2449 1002 2518 agatur,
1018 2445 1093 2518 justa
1111 2459 1171 2502 caut

180 2535 301 2604 putatur
316 2529 406 2590 nimia
429 2529 566 2592 distantia
582 2530 714 2592 fidelium
727 2549 745 2588 a
758 2532 855 2607 prima
875 2532 1024 2608 parochia,
1039 2531 1171 2592 incrcmcr

181 2623 244 2678 tum
256 2618 370 2695 populi,
396 2616 554 2678 difficultas
568 2618 683 2678 viarum
698 2635 753 2694 per
775 2619 923 2679 montium
934 2621 1012 2695 juga,
1035 2627 1082 2680 aut
1095 2638 1171 2680 uerno

179 2720 248 2764 rum
273 2707 436 2778 anfractus,
462 2712 512 2766 aut
532 2724 679 2783 aquarum
703 2714 823 2782 stagna,
850 2708 1043 2783 vellicando,
1067 2716 1114 2768 aut
1140 2727 1171 2784 pe

179 2791 349 2867 interjectas
370 2794 433 2852 uias
451 2795 576 2869 serraca,
598 2802 628 2854 et
645 2796 702 2855 alia
729 2795 831 2855 similis
853 2812 953 2869 causa,
977 2797 1012 2856 ob
1031 2814 1110 2872 quarn
1131 2799 1171 2856 sin

180 2896 292 2955 magno
306 2882 498 2942 incommodo
518 2883 557 2942 ad
574 2883 765 2958 percipienda
789 2888 988 2958 Sacramenta,
1002 2892 1029 2944 ct
1043 2885 1132 2944 drino
1146 2886 1171 2944 ol

180 2968 247 3028 ficia
271 2967 300 3027 in
319 2970 440 3044 propria
453 2971 596 3044 parochia
617 2972 764 3032 audienda
778 2971 881 3040 fideles
906 2974 1042 3038 accedere
1053 2990 1107 3032 non
1121 2991 1171 3049 pos

180 3061 251 3116 sunt
263 3060 300 3128 (3)
330 3057 388 3115 Sed
408 3057 573 3135 Episcopus
589 3065 658 3134 post
680 3057 811 3135 agnitam
830 3061 943 3138 justam
957 3077 1034 3120 novae
1051 3063 1171 3135 parochio

181 3144 331 3219 erigendae
357 3161 478 3204 causam
502 3146 590 3206 debet
615 3165 751 3222 monere,
772 3155 802 3208 ct
819 3148 850 3208 in
873 3149 991 3225 scriptis
1003 3147 1089 3208 audire
1100 3167 1171 3224 paro·

181 3234 281 3306 chum,
303 3234 352 3292 uel
373 3233 563 3294 defensorem
581 3236 731 3318 Ecclesiae,
748 3235 875 3295 siluerit
893 3253 1010 3307 vacaria,
1021 3236 1087 3296 intra
1103 3239 1171 3313 cujus

182 3321 322 3382 territorii
335 3319 411 3380 fines
424 3338 502 3381 nova
511 3322 653 3398 parochia
676 3329 723 3382 cst
745 3323 963 3398 constituenda,
980 3323 1038 3400 quin
1047 3329 1133 3384 tamen
1145 3327 1171 3385 sil

181 3427 316 3484 neccsse,
329 3415 363 3469 ut
376 3425 481 3469 eorum
494 3416 609 3484 votum,
626 3417 676 3469 aut
693 3409 854 3470 consilium
865 3421 1003 3487 sequatur
1014 3430 1020 3486 ς
1030 3412 1100 3473 aliter
1111 3432 1171 3475 vero

180 3500 258 3558 iacta
268 3511 357 3558 novae
365 3495 629 3558 llcclesiaecrectio
641 3515 703 3557 non
717 3500 795 3559 foret
807 3499 947 3576 legitima,
958 3508 1048 3577 ‚utpote
1058 3520 1114 3578 qua
1127 3505 1171 3564 dia

180 3587 430 3650 memorationem
440 3593 470 3648 et
483 3585 725 3650 alienationcmin
740 3589 884 3666 volveret,
896 3607 972 3668 quac,
984 3589 1120 3654 inconsulto
1134 3610 1171 3657 re«
