2524 4080
613 164 771 222 '⁸⁴⁴8-

189 287 241 350 rio,
252 285 296 338 rol
308 287 372 338 anto
384 296 525 350 messum
538 284 622 338 ruant
637 284 757 351 apruna
768 284 883 347 citatim
897 285 976 338 aliam
991 283 1135 350 mpodimdi
1143 297 1187 336 uc·

189 355 255 426 potii
269 354 364 407 melior
378 355 483 407 ridetur
497 356 551 416 via,
564 361 595 407 ut
616 357 755 422 aproprlo
775 356 916 409 Ordiuorio
940 357 973 409 ad
993 354 1101 408 allecium
1119 355 1186 420 jndi-

190 430 261 481 cium
275 427 409 478 subeundi
417 427 579 491 requiratur.
590 426 750 479 Ordinarius
760 433 849 478 autem
859 427 951 479 delicti
962 425 1186 493 juxteprobabilio·

193 513 251 551 ram
262 499 422 550 sententiam
436 501 524 564 potest
539 499 712 550 criminosum
728 499 809 550 etiarn
820 499 951 550 henallclo
964 497 1187 564 ecclesiasticopri·

194 583 268 627 rara,
283 569 354 634 quod
369 569 399 620 in
409 569 464 620 alis
476 569 587 622 dimensi
608 570 750 634 possidet;
770 569 821 622 ssd
836 571 956 622 executio
975 569 1055 635 hujus
1069 569 1189 620 sanmntiae
1246 581 1247 584 ¹

189 641 226 692 ad
240 639 413 693 ordinarium
425 641 550 692 benallcii
565 645 675 706 spectat.
688 641 752 706 Cap.
771 641 808 700 lt,
828 641 862 692 de
876 641 927 693 ior.
942 645 1061 705 compat;
1077 639 1190 700 reticeat,

190 711 255 776 quia
272 710 401 764 delictum
414 712 503 778 privat
518 712 691 764 criminosum
707 713 771 776 jure
788 711 823 764 ad
845 711 1014 771 beneficium,
1028 711 1075 762 sod
1085 708 1190 776 expulsio

190 781 224 834 de
237 781 360 835 banadoii
371 784 541 848 possessione
554 789 597 836 ost
611 784 713 836 iactum
729 783 765 834 ab
787 783 931 836 ordinario
951 783 1002 834 loci
1016 781 1189 848 complendum.

189 879 221 892 -·-
237 853 274 919 (8)
288 853 328 906 Da
344 853 387 906 loia
401 859 551 920 suprajam
565 855 692 919 diximus,
706 853 755 907 uhi
773 853 808 908 de
822 854 964 921 privilagio
978 854 1042 906 lori.

224 1071 288 1128 iti.
307 1072 352 1128 lix
369 1073 477 1128 naisum
496 1083 595 1128 cauam
611 1066 705 1144 jadex
726 1067 760 1127 ut
781 1072 964 1144 competens,
989 1065 1104 1144 qrundo
1116 1078 1192 1124 causa

189 1153 256 1215 lalis
270 1155 543 1232 emerentianam
564 1154 751 1216 determinati
768 1153 880 1232 iudicis
900 1154 1097 1231 cognitionem
1108 1151 1191 1228 ropi-

188 1250 244 1304 rat.
257 1242 310 1305 llic
322 1244 451 1322 primum
464 1245 669 1318 observamus,
680 1261 785 1306 causas
796 1245 925 1320 maiores
940 1243 1080 1306 Ecclesiae
1091 1242 1125 1302 de
1134 1238 1191 1314 lide,

189 1331 332 1407 moribus,
343 1339 373 1393 ct
385 1332 541 1410 disciplina
553 1331 584 1392 in
595 1349 706 1408 genere
716 1332 828 1410 judicio
840 1332 948 1394 summi
960 1330 1105 1394 Pontificio
1117 1343 1194 1390 reser-

178 1419 264 1504 ¹sari,
272 1421 349 1483 sicut
357 1422 455 1482 omnis
463 1421 602 1482 Ecclesia
611 1421 733 1482 historia
738 1427 873 1482 testatur.
883 1422 1038 1498 lpseenim
1046 1422 1123 1480 salus
1131 1425 1193 1478 tano-

190 1524 280 1586 quam
293 1509 398 1570 christi
410 1509 549 1580 vicarius,
560 1516 591 1570 et
602 1517 739 1571 centrum
749 1510 870 1570 unitatis
879 1511 1036 1574 calholicae
1047 1509 1091 1570 sui
1100 1507 1192 1567 vitute

189 1597 334 1673 primatus
347 1599 453 1660 harum
467 1598 600 1660 omnium
614 1615 772 1660 causarum
781 1597 875 1676 jndex
884 1606 931 1662 est
944 1615 1110 1680 supremus,
1120 1609 1191 1670 aquo

191 1702 253 1746 non
264 1686 352 1748 datur
363 1687 520 1764 appellatio
535 1691 586 1762 (l).

221 1823 258 1890 (l)
271 1824 365 1878 Deroti
378 1825 444 1878 Insi.
458 1825 523 1880 Gon.
539 1824 586 1879 lib.
600 1827 625 1891 3,
639 1831 658 1879 t
675 1826 700 1886 i.
714 1827 727 1892 ξ
740 1827 766 1880 8.

223 2031 286 2088 768.
306 2027 416 2090 Deinde
427 2044 500 2116 vera
508 2029 539 2090 in
553 2031 654 2107 specie
666 2031 871 2108 observamus,
885 2047 993 2092 causas
1009 2028 1126 2107 triplicis
1136 2039 1191 2088 osso
1248 2052 1249 2102 l

186 2117 317 2192 generis,
340 2119 544 2182 ooolooo'oslc'oos
563 2121 712 2197 nimirum,
727 2122 823 2183 civiles
846 2129 877 2182 et
898 2123 1021 2184 minias
1037 2113 1194 2181 Ecclesiasti·

188 2223 233 2266 cae
247 2213 327 2282 suut,
341 2215 374 2268 ut
396 2225 507 2270 nomen
519 2220 615 2284 sonat,
632 2229 699 2287 quae
713 2211 751 2272 ad
765 2211 928 2272 Ecclesiam
941 2211 1127 2280 referuntur;
1141 2201 1196 2264 civi·

188 2293 243 2370 les,
263 2311 330 2372 quae
348 2297 387 2356 ad
405 2297 522 2359 civilem
541 2299 732 2373 societatem
752 2307 782 2362 et
804 2301 915 2374 mixtae,
932 2316 1002 2375 quae
1020 2298 1076 2358 sub
1094 2295 1196 2356 diverso

188 2391 330 2458 respectu
338 2385 510 2460 Ecclesiam,
521 2393 551 2448 et
565 2387 681 2448 civilem
693 2387 865 2452 societatem
874 2389 1055 2448 reseruntur.
1069 2391 1196 2446 Jamrero

189 2469 220 2530 iu
238 2472 336 2532 causis
349 2474 558 2536 ecclesiasticis
572 2475 666 2551 judex
680 2487 855 2553 competens
877 2482 923 2536 est
944 2483 1060 2536 tantum
1074 2469 1197 2534 ccclesia-

190 2557 292 2633 sticus,
305 2567 335 2621 ct
342 2560 435 2622 laicus
446 2563 484 2623 dc
497 2562 603 2623 iisdem
612 2581 672 2624 non
684 2571 783 2641 potest
796 2581 894 2640 neque
908 2562 997 2635 licite,
1012 2578 1108 2638 nequa
1116 2555 1197 2617 valida
1248 2609 1249 2646 ,

190 2664 385 2724 cognoscere,
409 2651 478 2727 quia
495 2651 702 2729 jurisdictione
723 2660 804 2714 caret
818 2658 871 2726 (l).
898 2655 982 2714 Tales
1002 2659 1102 2712 aulem
1123 2650 1195 2708 suut:
1248 2663 1249 2712 ἑ

189 2740 220 2794 1ο
231 2753 329 2798 causae
351 2739 517 2816 spirituales
542 2742 579 2802 dc
596 2742 666 2816 lide,
680 2743 718 2804 de
737 2742 891 2820 religione,
910 2741 947 2801 dc
961 2741 1054 2815 cultu,
1068 2741 1106 2800 de
1118 2733 1196 2798 sacris
1248 2737 1249 2750 ¹

187 2823 303 2901 ritibus,
317 2827 356 2888 de
378 2829 523 2903 censuris,
539 2831 577 2891 de
598 2831 741 2906 moribus,
761 2838 792 2892 et
812 2829 1016 2892 ecclesiastica
1039 2827 1195 2903 disciplina:
1248 2889 1249 2904 ,

188 2926 258 2972 nam
271 2913 378 2975 harum
391 2933 549 2978 causarum
562 2917 820 2978 dissolvendarum
831 2923 964 2995 potestas
981 2923 1083 2978 manat
1099 2931 1135 2976 ex
1146 2912 1194 2971 vir·
1248 2929 1249 2958 l

189 3003 251 3062 tute
274 3003 410 3078 clavium,
427 3023 493 3081 quae
509 3006 581 3066 solis
600 3007 805 3068 sacerdotibus
823 3013 924 3067 sunta
947 3006 1061 3066 Christo
1075 3001 1195 3066 commis

188 3103 229 3148 sae
241 3094 298 3166 (2l3
317 3097 347 3150 2⁰
361 3109 469 3167 causae,
485 3112 552 3171 quae
570 3095 770 3172 spiritualibus
789 3094 958 3157 necessario
981 3097 1194 3160 connectuntur,

189 3178 232 3238 uti
250 3184 320 3240 sunt
335 3197 432 3240 cansae
451 3182 642 3246 beneficiales
654 3185 692 3244 dc
705 3184 888 3246 institutione
903 3191 932 3244 et
946 3183 1103 3244 collatione
1116 3183 1192 3240 hena

189 3266 326 3328 liciorum
340 3273 391 3343 (3),
405 3275 436 3328 et
449 3287 547 3330 causac
567 3272 750 3332 decimarum
769 3277 821 3346 (d),
836 3289 872 3332 ac
886 3273 1036 3347 lunarum,
1052 3271 1083 3330 iu
1101 3268 1192 3346 quau

190 3356 272 3432 quod
294 3359 458 3432 temporale
474 3365 520 3418 est
541 3360 582 3419 ita
601 3377 671 3420 cum
690 3361 834 3437 spirituali
856 3359 1055 3438 conjungitur,
1070 3368 1103 3419 ut
1119 3357 1153 3417 ab
1164 3369 1193 3413 eo

190 3444 322 3522 separari
332 3452 470 3523 nequeat,
487 3455 517 3508 et
528 3458 749 3527 consequenter
762 3467 864 3512 secum
876 3449 949 3512 illud
963 3448 1129 3511 necessario
1144 3451 1193 3505 tro-

190 3531 250 3606 hlo;
266 3538 296 3593 3ο
307 3551 404 3596 causoe
418 3539 659 3614 sacramentales,
670 3557 738 3617 quae
749 3544 1017 3612 sacramentorum,
1031 3556 1069 3600 ac
1082 3548 1195 3614 praser-
