2560 4080
615 149 652 164 ..
668 121 722 190 HR
740 147 776 164 ...
905 167 932 194 ·

80 275 96 308 ,ι
177 247 213 300 dt
225 259 315 313 Μαι,
330 246 379 303 sed
399 246 550 302 munos
563 243 693 300 duncndt
709 244 823 300 turonio
835 244 870 298 sb
889 242 1076 308 accusatione,
1090 245 1192 310 opre-
1267 231 1268 268 ³

176 333 255 372 namu
265 317 405 386 producto.
421 345 449 356 -
462 317 498 384 (2)
511 318 577 384 Cup.
593 318 632 378 36,
647 317 681 370 de
689 319 774 383 juret.
1160 371 1162 374 Ι

210 499 273 556 ste.
294 500 498 562 iuramentum
509 495 636 571 denique
649 497 680 554 in
693 493 776 555 litem
788 491 989 568 diciturillud,
1003 483 1065 568 ouo
1080 491 1124 553 rei
1138 491 1194 551 liti-

173 584 265 660 giosae
278 601 340 644 non
352 582 516 658 existentis,
535 590 586 642 aut
607 600 666 643 non
680 583 820 644 exhibitae
834 581 962 660 pretium
976 598 1031 657 per
1044 585 1194 657 petentem

173 673 415 750 suointerposito
424 674 593 749 juramento
611 669 751 734 definitur
767 679 818 746 tt),
831 671 1022 756 qnandc‘alio
1035 670 1127 731 modo
1146 669 1195 729 de-

172 761 250 822 finiri
269 762 382 838 nequit.
407 762 503 822 Iudex
522 761 643 838 quidem
662 760 783 837 petenti,
799 760 907 836 cuijus
921 765 966 819 est
978 758 1126 818 habendae
1140 757 1191 831 rei,

172 851 499 925 contraodversarium
514 849 565 927 qui
576 857 622 910 est
632 858 807 924 contumax,
820 851 868 910 vei
882 850 964 922 dolo,
975 854 1027 908 aut
1041 848 1132 923 culpa
1142 864 1192 907 ve-

169 937 287 998 ritatem
300 947 401 1016 tegere
416 939 527 1014 nititur,
541 940 600 1000 hoc
610 941 813 1016 juramentum
827 937 1001 1012 affectionis,
1018 948 1050 998 et
1062 935 1192 996 veritatis

169 1044 259 1104 super
270 1029 314 1088 rei
329 1035 529 1088 controversa
543 1028 639 1105 pretio
650 1029 886 1104 deformitatem,
907 1027 1030 1102 ejusque
1049 1025 1191 1086 definitio-

169 1133 239 1176 nem
260 1117 291 1176 in
313 1135 366 1178 sna
384 1118 538 1194 praemissa
560 1118 705 1177 sententio
728 1118 871 1194 probare,
895 1115 995 1193 ipsum
1020 1114 1190 1174 damnando

168 1224 253 1267 reum
265 1205 294 1265 in
310 1207 350 1278 id,
367 1206 448 1282 quod
461 1205 549 1266 suerit
562 1205 593 1264 in
606 1205 689 1266 litem
699 1207 839 1280 iuratum.
857 1205 913 1265 Sed
928 1221 967 1264 ne
981 1210 1088 1280 petens
1102 1208 1190 1280 queat

168 1313 223 1355 suc
234 1294 327 1356 lubitu
341 1295 371 1354 in
382 1293 561 1355 immensum
569 1295 682 1370 jurare,
693 1295 775 1370 quod
785 1285 1101 1370 foretinitiuissimum,
1113 1292 1192 1354 idem

166 1383 255 1444 debet
274 1385 368 1460 judex
385 1383 513 1459 pretium
531 1383 685 1459 probabile
704 1393 817 1455 taxare,
842 1389 893 1442 aut
913 1382 1074 1456 moderari,
1097 1383 1139 1442 ita
1159 1388 1190 1443 ut

146 1475 151 1487 '
166 1473 244 1533 ultra
257 1479 385 1548 nequeat
397 1472 525 1549 petentis
535 1473 738 1560 juramentum
753 1469 874 1531 extendi
888 1475 898 1542 (
920 1476 940 1545 ).

198 1608 231 1673 (i)
247 1609 272 1658 Α
287 1607 447 1660 Ductoribus
460 1608 511 1658 hcc
520 1609 705 1678 J'nrsmentum
719 1607 821 1672 triplici
835 1606 999 1671 designatur
1012 1607 1131 1670 nomine,
1143 1621 1191 1674 ap·
1267 1551 1268 1600 1

166 1679 284 1744 pellatur
305 1679 433 1729 nimirum
455 1681 638 1744 juramentum
659 1678 806 1744 siopuiaois
826 1678 962 1742 interesse,
992 1679 1145 1744 effectionis
1165 1684 1193 1732 et

165 1749 297 1812 ueritatis,
312 1750 376 1814 quia
390 1753 446 1801 tres
459 1755 522 1801 sunt
535 1751 727 1802 aestimationes
741 1763 841 1807 rerum.
852 1749 978 1802 videlicet
989 1751 1135 1802 aestimatio
1144 1765 1186 1802 sa·

164 1821 282 1872 cundum
295 1820 463 1886 singulorum
474 1822 627 1884 utilitatem,
645 1822 794 1874 seeundum
813 1821 952 1886 propriam
967 1820 1147 1884 affectionem,
1162 1825 1192 1874 et

165 1891 313 1943 seeundum
326 1893 475 1943 veritatem.
489 1893 669 1958 Pellegrinus,
681 1897 750 1959 pert.
766 1893 791 1955 2,
805 1895 870 1944 sect.
881 1893 906 1951 2,
919 1892 1037 1943 subseot.
1053 1892 1088 1955 tt,
1103 1905 1133 1944 n.
1143 1894 1187 1946 to.

166 1989 192 2003 -
210 1963 245 2028 (t)
258 1962 346 2016 Jude'x
368 1965 396 2014 in
412 1963 462 2016 hoo
482 1964 620 2030 probando
633 1967 786 2028 juramento
811 1963 892 2016 dehet
915 1963 1141 2026 animadvertero,
1155 1967 1189 2016 ut

160 2037 257 2100 jurans
275 2035 310 2086 sit
318 2035 507 2088 verosimiliter
516 2031 676 2087 informatus
690 2035 724 2086 da
739 2049 777 2094 re,
792 2040 822 2086 ut
838 2033 907 2086 iilud
920 2036 1032 2099 praestat
1046 2047 1139 2086 eoram
1148 2049 1189 2094 se.
1267 2090 1268 2104 p

164 2107 288 2171 otperto
309 2105 423 2158 advorss
445 2106 479 2156 od
500 2106 551 2158 hoc
570 2107 670 2168 citnta3
690 2108 718 2158 et
731 2109 763 2158 ut
784 2105 860 2158 nullu
881 2105 918 2158 sit
938 2109 1033 2158 conus
1053 2106 1195 2169 jurantem
1267 2113 1268 2137 ³

164 2177 349 2242 presumptio.

199 2339 261 2413 81⁴1.
281 2351 531 2429 praesumptiones
544 2361 616 2416 scot
629 2354 746 2438 judicia
763 2355 798 2416 de
810 2371 844 2416 re
857 2355 946 2415 dotto
961 2371 997 2416 eo
1009 2355 1128 2416 indiciis
1143 2355 1194 2416 de·

163 2441 261 2515 ducto,
276 2441 339 2501 sive
353 2447 385 2502 ut
398 2443 560 2517 loquuntur
575 2443 675 2503 oi'viles
688 2445 771 2519 leges
784 2449 854 2506 sunt
867 2443 1101 2519 consequentiae,
1115 2461 1194 2520 quas
1267 2501 1268 2532 p

159 2531 221 2603 ¹1ex,
237 2537 288 2590 aut
309 2530 403 2606 judex
425 2547 465 2590 ex
485 2531 565 2591 fecto
585 2533 708 2608 cognito·
727 2534 766 2592 ad
787 2533 971 2609 incognitum
992 2533 1115 2594 deducit
1136 2541 1148 2608 (
1170 2537 1192 2605 ).
1267 2535 1268 2596 f

163 2624 259 2707 Quare
272 2615 337 2679 aliae
353 2619 491 2680 dicuntur
504 2615 751 2698 praesumptiones
754 2622 847 2699 juris,
858 2627 893 2682 et
901 2621 966 2681 aiiae
981 2623 1193 2700 praesumptio·

162 2724 216 2767 nes
229 2708 368 2768 hominis.
383 2709 444 2768 111ae
458 2709 629 2770 dividuntur
643 2711 740 2771 adhue
752 2711 782 2770 in
800 2711 1051 2786 praesumptiones
1065 2711 1151 2787 jtttt's
1167 2719 1195 2772 et
1267 2723 1268 2736 ³

161 2797 195 2855 de
203 2796 284 2872 jure,
297 2803 327 2856 et
340 2796 371 2856 in
385 2799 632 2874 praesumptiones
637 2799 719 2875 juris
731 2807 853 2860 tantum.
865 2799 1008 2860 Dicuntur
1018 2799 1096 2876 juris
1111 2801 1194 2863 etde

157 2886 235 2961 jure,
251 2901 320 2945 cum
335 2886 386 2945 lex
400 2885 441 2946 ita
454 2887 565 2963 aliquid
578 2889 741 2963 praesumit,
757 2895 790 2948 ut
804 2905 865 2948 non
880 2888 1016 2948 admittat
1036 2887 1194 2964 probatio·

161 2989 230 3032 nem
244 2973 275 3032 in
288 2975 481 3050 contrarium,
501 2979 544 3037 sic
558 2995 606 3037 ex.
622 2993 667 3054 gr.
684 2995 734 3038 res
746 2977 875 3055 judicata
889 2965 945 3053 pro
960 2978 1086 3038 veritate
1098 2977 1193 3037 haba·

161 3068 219 3136 tur,
230 3068 259 3121 ct
272 3079 310 3121 ex
324 3060 485 3124 concubitu
497 3073 566 3154 post
580 3066 729 3142 sponsalia
744 3067 776 3126 fit
789 3066 1011 3126 matrimonium
1023 3065 1060 3166 iis
1072 3065 1105 3124 in
1117 3065 1193 3126 locis
1267 3121 1268 3160 p

159 3150 211 3211 ubi
224 3150 425 3212 TrideutInum
438 3171 499 3213 non
515 3155 568 3215 fuit
579 3155 763 3231 publicatum
773 3157 823 3228 (t).
834 3155 977 3232 Dicuntur
985 3157 1063 3232 juris
1072 3161 1193 3215 tantum
1267 3161 1268 3240 i

159 3255 229 3299 oum
241 3241 291 3300 lau
306 3241 427 3316 quidem
442 3243 552 3319 aliquid
569 3245 732 3321 praesumit,
750 3246 805 3304 sed
828 3263 924 3321 nsque
947 3245 985 3304 ad
1004 3245 1191 3305 contrariam
1267 3247 1268 3328 ζ

159 3328 366 3402 probationem
379 3336 504 3404 tantum,
521 3331 688 3408 cujusmodi
699 3338 745 3392 est
757 3333 961 3409 praesumptio,
976 3351 1045 3410 qnae
1059 3339 1120 3394 stat
1133 3349 1191 3411 pro
1267 3333 1268 3426 i

158 3429 344 3509 possessore,
358 3423 410 3476 aut
422 3435 478 3492 pro
493 3435 540 3494 eo,
556 3420 607 3496 qui
618 3421 709 3482 habet
722 3421 760 3481 ad
777 3421 888 3498 aliquid
906 3423 1064 3486 nudatam
1077 3423 1189 3499 injure
1267 3435 1268 3478 i

159 3503 353 3564 rntcntionem
369 3508 420 3576 (3).
512 3557 514 3561 .
711 3537 716 3547 =
838 3533 843 3546 ·

618 3651 628 3680 δ
