2494 4062
559 125 697 180 ...12-

117 261 212 309 unum
234 251 360 320 tantum,
380 246 444 306 sive
466 247 574 318 vuum,
598 245 661 306 sive
684 245 849 319 mulierem,
860 249 913 305 aut
934 245 973 306 ad
992 261 1185 307 summum

118 337 205 411 duos,
220 349 444 412 nempe‘unum
465 335 573 408 virum,
593 340 623 394 et
644 351 736 395 unam
757 335 913 394 mulierem
935 339 985 408 (l).
1010 335 1071 394 Sed
1095 352 1172 394 ne·-

118 430 232 502 queunt
250 440 303 500 per
318 423 467 484 Parachos
480 423 511 482 in
525 423 658 499 patrinos
672 423 821 499 acceptari
831 424 975 496 monachi,
991 424 1166 500 monialae,

117 513 298 588 impuberes,
312 511 572 586 excommunicati,
586 519 615 572 et
627 512 787 572 criminosi.
802 517 948 572 Praeteree
959 512 1049 589 hujus
1060 518 1167 574 actus

118 603 242 664 effectus
255 608 310 674 est,
326 607 359 660 ut
371 607 435 660 tum
457 601 643 661 conferentes
662 599 852 677 baptismum,
867 607 930 661 tum
950 601 1060 677 petrini
1074 618 1160 676 cog-

118 691 270 751 nationem
291 689 473 766 spiritualem
496 689 674 750 contrahant
688 706 757 749 cnm
769 687 930 766 baptizato,
942 689 1157 764 baptizatique

117 786 214 858 patre,
228 785 259 838 et
272 785 378 853 matre,
388 777 427 838 de
439 795 498 854 qua
510 777 625 854 agimus
635 777 723 854 inira,
734 777 787 838 ubi
797 777 836 836 de
847 777 1066 854 impedimentis
1080 793 1153 838 ma-

118 866 259 933 aimonii.
562 943 565 952 1

149 1015 185 1082 (l)
199 1016 264 1068 Gan.
280 1014 333 1076 101,
348 1014 410 1068 dist.
431 1013 458 1080 t,
473 1012 507 1066 de
528 1025 633 1068 consec.
653 1014 681 1068 et
695 1013 768 1068 Trid.
794 1026 862 1070 sess.
885 1013 926 1080 m,
940 1027 964 1067 c.
982 1013 1009 1079 t,
1031 1013 1066 1067 de
1093 1014 1146 1068 res.

118 1091 197 1140 matr.

154 1286 217 1342 316.
233 1279 342 1352 His1de
356 1279 504 1356 baptismo
518 1276 617 1352 dictis
632 1295 728 1353 pauca
741 1278 915 1356 subjicimus
929 1285 966 1340 de
980 1281 1148 1342 confirme-

119 1370 210 1442 dane,
226 1385 292 1446 quae
304 1375 403 1445 potest
423 1367 557 1427 deliniri:
573 1365 802 1428 Sacramentum
814 1387 895 1429 aava
910 1369 978 1446 lapis
991 1388 1011 1430 a
1026 1370 1147 1432 Christo

118 1459 302 1530 institutum,
311 1457 387 1532 quod
400 1456 554 1532 baptizatis
563 1473 618 1532 par
627 1453 658 1516 S.
667 1455 843 1536 Chrismatc'r
857 1459 1058 1520 inunctionem
1070 1477 1145 1535 pra·

119 1546 386 1624 timplam'tudtocm
400 1547 511 1620 confert
521 1547 571 1617 (l).
581 1544 709 1604 Minister
719 1547 955 1607 confirmationis
967 1547 1144 1624 estllpisco-

117 1653 184 1715 pus,
192 1637 407 1696 licet'summus
417 1633 551 1694 Pontifex
559 1631 724 1708 simplicem
733 1636 920 1717 sacerdotem
928 1637 1023 1711 possit
1033 1638 1071 1696 ad
1082 1637 1145 1698 hoc

118 1723 346 1786 ministrandum
356 1727 581 1782 Sacramentum
595 1722 734 1798 delegare
748 1727 799 1795 (at.
815 1725 985 1800 SubJoctum
997 1743 1070 1785 vcro
1085 1726 1144 1785 hu-

115 1816 165 1891 jus
178 1811 355 1872 sacramenti
369 1817 416 1871 est
431 1811 528 1870 omnis
545 1811 635 1869 homo
649 1811 825 1887 baptizatus,
841 1821 870 1872 et
884 1814 1017 1874 noudum
1031 1807 1144 1874 confir-

118 1901 302 1975 matusalae
317 1900 355 1960 sit
366 1899 493 1970 adultae,
506 1898 569 1958 sire
588 1897 735 1974 impubes,
750 1899 813 1960 siva
826 1900 915 1980 ctiam
929 1918 1040 1974 amans,
1054 1902 1141 1961 dum-

118 1991 209 2052 modo
223 1989 260 2049 sit
277 1987 417 2064 Episcopi
435 1987 639 2048 confirmantis
653 1988 798 2048 subditus.
815 1995 876 2050 llos
891 1997 990 2050 tamen
1006 1991 1139 2066 invaluit,

119 2091 152 2146 ut
164 2090 280 2146 tantum
293 2081 450 2157 septennio
463 2082 592 2158 majores
611 2085 680 2156 post
697 2088 897 2156 opportunam
921 2083 951 2142 in
974 2083 1043 2142 fidei
1062 2069 1139 2157 praess

119 2173 213 2250 ceptis
233 2171 447 2231 institutionem
467 2170 690 2244 confirmentur,
708 2170 763 2229 nisi
786 2171 969 2231 ratioirahilis
992 2187 1092 2244 causa,
1106 2177 1139 2232 ut

117 2261 283 2339 periculum
293 2259 464 2333 mortis‚aut
473 2257 611 2318 diuturna
621 2257 759 2334 Episcopi
767 2259 995 2333 absentia‚aliud
1005 2260 1135 2320 suadeat.

118 2351 226 2412 Patrini
240 2356 273 2410 ut
295 2349 325 2408 in
340 2347 498 2424 Baptismo‚
514 2348 558 2406 sic
581 2347 612 2406 in
628 2349 856 2408 confirmatione
881 2355 950 2408 sunt
968 2348 1136 2422 adhibendi,

119 2439 167 2516 qui
182 2435 310 2514 utroque
324 2439 354 2496 in
367 2455 439 2496 casu
452 2437 662 2512 cognationem
677 2437 861 2512 spiritualem
876 2437 1063 2497 contrahunt.
1079 2438 1135 2497 Sed

118 2530 149 2589 in
162 2527 392 2588 confirmatione
412 2543 491 2586 unus
506 2532 628 2598 tantum,
644 2532 694 2585 eut
707 2543 767 2584 una
780 2526 810 2585 iu
823 2526 933 2603 patrini
945 2543 1069 2586 munere
1083 2526 1134 2586 ad·

117 2617 253 2692 mittitur,
267 2617 307 2676 ita
321 2623 420 2675 tamen
434 2622 467 2674 ut
479 2632 518 2674 ex
530 2614 670 2677 Ecclesiae
684 2615 898 2676 consuetudine
913 2617 1048 2693 patrinus
1062 2621 1133 2676 Con-

117 2706 293 2768 firmationis
306 2722 368 2766 non
382 2705 420 2766 sit
433 2705 522 2779 idem,
538 2703 588 2780 qui
601 2703 741 2780 Baptismi
753 2704 888 2781 patrinus
905 2705 959 2766 luit
973 2709 983 2778 t
1003 2711 1024 2778 ).

148 2871 183 2938 (l)
197 2870 261 2924 Can.
277 2871 301 2930 5,
317 2869 379 2920 dist.
393 2871 417 2931 5,
432 2869 465 2920 de
479 2883 583 2922 consec.
599 2895 629 2906 -
639 2868 673 2933 (tt
688 2867 850 2921 Benedictus
859 2869 935 2934 XIV,
950 2869 985 2922 de
1006 2869 1100 2936 Synod.
1113 2870 1129 2920 l.

116 2945 140 3004 t,
150 2958 172 2995 c.
187 2944 202 2994 l
216 2943 275 2994 ets.
290 2941 614 2999 Tridentinumdelinivit,
629 2941 717 2992 solum
731 2941 889 3008 episcopum
898 2956 958 2994 esse
971 2942 1131 2994 ordinarium

116 3015 269 3066 ministrum
292 3013 453 3064 sacramenti
476 3011 695 3077 confirmationis
709 3017 736 3064 at
754 3013 896 3064 anathema
919 3015 1026 3065 intorsit
1039 3013 1066 3063 in
1079 3026 1129 3074 aas,

118 3086 164 3152 qui
186 3083 350 3136 contrarium
372 3090 533 3134 assererent.
549 3083 620 3134 Sese.
639 3084 662 3141 7,
678 3097 737 3134 can.
754 3084 777 3142 3,
796 3085 829 3135 de
843 3084 939 3136 Confir.
960 3085 1027 3135 Cum
1047 3089 1131 3134 temen

117 3155 260 3208 concilium
273 3154 393 3206 nominat
402 3154 554 3205 ministrum
563 3151 810 3216 ordinarium'non
820 3155 938 3206 excludit
948 3153 1130 3208 entraordina-

116 3227 191 3280 m'um
204 3241 237 3278 ex
247 3223 412 3290 delegatione
425 3225 523 3275 summi
536 3223 674 3275 Pontiiicis
691 3229 820 3288 creatum,
830 3231 861 3277 nt
871 3226 1017 3278 declaravit
1030 3225 1056 3277 S.
1066 3227 1129 3278 Can-

117 3299 236 3365 gregatia
253 3297 266 3347 3
280 3297 343 3346 maii
357 3295 427 3348 loli.
441 3295 560 3346 Dicimus
574 3309 607 3346 ex
622 3295 788 3360 delegatione
802 3299 900 3348 summi
913 3296 1058 3356 Pontificis,
1073 3297 1130 3362 quia

32 3403 33 3406 =
118 3369 236 3435 episcopi
253 3369 322 3419 hanc
334 3362 531 3431 amegasionem
545 3365 610 3417 dare
620 3370 765 3432 nequeunt.
775 3367 879 3420 Revera
888 3368 915 3420 S.
926 3367 1069 3432 Gregorius
1078 3369 1129 3418 lla·

118 3437 452 3506 gnusscribensdmiuario
459 3435 611 3488 Galaritsno
621 3439 745 3503 episcopo
754 3439 887 3490 concessit
894 3437 1127 3503 Presbyterisajus,

118 3513 150 3564 ut
159 3516 270 3578 possent
283 3507 493 3570 confirmationis
507 3510 705 3562 sacramentum
718 3508 880 3564 ministrare.
898 3509 963 3563 Gen.
979 3509 1002 3575 1,
1018 3509 1077 3562 dist.
1091 3508 1126 3561 95.
