2524 4080
441 701 647 785 TITULUS
672 703 730 784 VI.

274 950 309 994 Dii
323 950 397 996 ululs
412 951 644 1010 oouunsunuiouu,
658 951 692 996 ΕΓ
706 949 890 1001 ΕΘΗΤΠΜΑΕΙΑ.

71 1148 235 1202 sonuum:
251 1148 307 1200 783.
324 1147 382 1208 Quid
395 1149 424 1200 sit
434 1148 480 1201 litis
492 1149 647 1202 contestatio?
659 1176 690 1186 -
709 1149 764 1202 784.
784 1149 909 1212 Quotuplex
929 1149 974 1201 sit‘?
991 1177 1020 1188 -
1039 1151 1095 1204 785.

99 1221 135 1272 An
147 1224 201 1272 aute
211 1221 275 1272 litem
289 1223 438 1272 contestatam
449 1224 519 1275 testes
532 1221 621 1286 possint
641 1220 779 1272 examinarit
795 1247 822 1256 -
838 1221 890 1272 tuo.
906 1220 1026 1272 Terminus
1038 1235 1094 1286 pro·

98 1291 201 1344 hatorius
216 1296 240 1343 et
253 1292 407 1350 contumacia,
419 1295 442 1341 et
455 1291 544 1357 quando
561 1292 611 1357 quis
621 1295 740 1342 contumax
754 1291 814 1342 tiat‘?
827 1319 858 1328 -
874 1291 927 1342 tsi.
947 1291 989 1350 Qui
1004 1291 1049 1342 sint
1063 1293 1096 1343 ot·

100 1363 172 1415 temus
186 1362 337 1416 contumacia
350 1362 452 1414 actonis?
462 1363 557 1414 -'788.
573 1363 617 1422 Qui
630 1363 778 1414 contumacia
793 1363 848 1414 rei?
862 1391 892 1402 -
904 1364 958 1414 789.
974 1363 1095 1426 Quomodo

102 1436 246 1486 contumacia
255 1433 384 1500 pungetur?
395 1461 426 1474 -
437 1434 492 1485 too,
511 1437 537 1484 ln
550 1447 597 1498 quo
611 1433 720 1485 consistat
732 1447 880 1500 personarum
894 1433 1043 1500 legitimatio?
1064 1463 1096 1478 υ

100 1505 155 1558 iat.
172 1508 199 1560 in
210 1520 258 1574 quo
269 1508 423 1572 iuramentum
433 1506 566 1564 columnia,
581 1509 605 1558 et
617 1505 726 1558 mnitia‘t

103 1693 164 1750 783.
185 1691 216 1750 Si
230 1707 301 1750 reus
315 1689 422 1751 citatus
436 1708 538 1774 coram
556 1691 658 1768 judice
672 1703 856 1768 compareat,
872 1708 964 1768 seque
984 1695 1096 1754 actoris

71 1777 202 1852 petitioni
223 1785 366 1855 opponat,
384 1781 443 1839 litis
467 1783 645 1840 contestatio
665 1782 715 1854 flt3
740 1781 786 1840 siu
809 1797 897 1840 secus
918 1798 1095 1857 comparere
1163 1785 1170 1798 “

37 1901 41 1914 ·
71 1874 197 1942 recuset,
212 1869 249 1928 fic
262 1875 434 1941 contumax,
450 1871 498 1928 uel
511 1869 540 1927 in
562 1869 781 1930 contumaciam
802 1869 914 1929 incidit.
938 1870 1008 1930 Litis
1021 1887 1095 1930 con·

72 1957 187 2016 testatio
201 1963 303 2032 potest
314 1957 430 2016 definiri
442 1965 525 2017 octus
541 1957 697 2034 logitimus,
713 1975 769 2034 quo
789 1966 871 2018 octor
884 1975 985 2018 cououc
995 1959 1095 2035 judico

71 2046 203 2118 proponit
216 2046 387 2122 petitionum
399 2062 498 2116 suom,
518 2063 587 2121 rcus
605 2054 706 2106 outcuc
719 2054 816 2122 nepot,
837 2064 868 2106 cc
881 2064 1033 2108 cucurum
1044 2065 1094 2124 pc·

73 2131 174 2205 titiani,
182 2134 346 2210 jucudum,
361 2141 388 2194 ct
403 2134 527 2196 ticonio
539 2151 569 2194 cc
582 2135 722 2210 occipiens
737 2141 787 2208 (t).
804 2140 899 2206 Quare
908 2135 968 2194 litis
977 2141 1094 2194 contes-

71 2220 148 2294 tatio,
170 2241 238 2300 quae
259 2223 483 2284 mouumentum
501 2230 547 2284 eet
567 2222 678 2299 iudicii,
701 2221 884 2299 peractoris
909 2223 1095 2299 petitionem.

71 2309 168 2386 reique
188 2311 458 2372 contradictionem
477 2312 638 2387 perficitur,
662 2311 792 2387 ct'quasi
812 2317 1000 2372 contractum
1017 2312 1095 2372 inter

72 2405 201 2461 actorem
215 2409 246 2462 et
259 2417 346 2461 retum
359 2400 482 2474 inducit,
498 2417 552 2476 par
566 2416 657 2476 quem
669 2407 796 2476 uterque
810 2407 928 2460 tenetur
941 2399 971 2459 in
981 2401 1093 2477 judicio

72 2500 198 2564 manere,
223 2496 255 2550 et
266 2487 430 2566 judicatum
443 2495 595 2566 praestare.
616 2489 691 2549 iiiuc
705 2506 744 2549 ex
758 2490 826 2565 jure
850 2488 996 2549 canonico
1013 2490 1093 2550 nulia
1143 2505 1146 2511 ·
1199 2551 1208 2570 ὲ

73 2581 114 2634 est
127 2578 186 2639 litis
199 2579 393 2639 contestatio:
404 2578 456 2638 ubi
469 2595 540 2638 reus
553 2595 655 2638 coram
663 2577 764 2654 jndice
777 2592 955 2654 comparens
967 2579 1094 2638 fateatur

72 2677 143 2735 pune
156 2683 189 2727 se
202 2669 314 2728 debere
328 2669 416 2744 juxta
428 2662 623 2743 principium:
641 2667 698 2736 Qui
707 2674 831 2742 punctus
845 2675 887 2726 cst
900 2667 1019 2740 solvero,
1031 2683 1094 2727 noc

73 2755 179 2827 capitur
187 2757 340 2833 judicium
353 2757 497 2833 susmpcrc
507 2757 577 2830 ,obi
589 2756 699 2816 actonis
709 2756 880 2831 petitionem
894 2756 985 2816 elidet
995 2755 1099 2832 aliqua

74 2845 244 2918 exceptione
266 2845 325 2905 litis
351 2845 452 2918 dnitae,
477 2851 528 2905 ont
545 2845 728 2921 ,exceptione
748 2845 805 2905 fori
828 2844 1019 2906 declinatoria
1035 2847 1088 2918 (i),

73 2930 116 2988 uel
129 2931 277 3007 ditatorin3
292 2933 342 2993 nbi
358 2936 470 2995 factum
483 2933 575 3010 judici
590 2940 700 3007 narret,
720 2940 754 2993 ut
769 2951 837 2995 cum
851 2935 889 2994 de
907 2934 1028 3010 negotio
1044 2934 1091 2993 in-

75 3022 163 3080 utuoat
183 3039 253 3082 cum
271 3023 484 3099 protestatione
497 3023 535 3082 de
547 3039 609 3083 nou
627 3025 819 3084 contestando
830 3023 900 3084 lite:
917 3041 977 3099 quo
990 3029 1090 3083 tamen

75 3103 170 3168 tddmo
185 3127 257 3172 casu
276 3111 375 3172 adhuc
388 3112 444 3172 erit
456 3112 629 3185 videndum,
650 3129 689 3171 an
700 3113 811 3188 justam
831 3112 938 3172 habeat
952 3111 1011 3172 litis
1028 3127 1090 3170 non

76 3200 270 3260 contestandae
280 3217 462 3274 cancamum
476 3218 554 3261 nou:
576 3218 646 3261 nom
660 3201 685 3259 si
698 3202 781 3260 nulla
793 3201 831 3260 sit
843 3201 902 3260 litis
914 3218 975 3261 non
986 3205 1089 3260 conto-

76 3285 188 3437 Zaffi
197 3289 415 3364 causa‚iusulsc
425 3289 600 3366 protestatio
609 3288 751 3365 rejicitur,
762 3295 792 3350 ct
800 3288 858 3348 litis
871 3305 927 3364 pro
939 3293 1089 3350 contesta-

188 3385 261 3452 tur(
280 3382 301 3448 ).

105 3549 137 3618 (ί)
148 3556 240 3612 Devoti
252 3560 270 3612 l.
286 3562 309 3613 3.
325 3563 344 3614 t.
358 3560 382 3621 i,
404 3562 416 3626 ξ
433 3561 453 3612 1.
465 3588 496 3598 -
519 3559 555 3624 (2)
568 3559 635 3626 Gap.
649 3558 722 3612 unic.
741 3559 775 3611 de
797 3558 836 3611 lit.
852 3561 964 3611 contest.
985 3561 1012 3611 et
1027 3573 1087 3628 cap.
