<?xml version="1.0" encoding="UTF-8"?>
<!DOCTYPE html PUBLIC "-//W3C//DTD XHTML 1.0 Transitional//EN"
    "http://www.w3.org/TR/xhtml1/DTD/xhtml1-transitional.dtd">
<html xmlns="http://www.w3.org/1999/xhtml" xml:lang="en" lang="en">
 <head>
  <title>
</title>
<meta http-equiv="Content-Type" content="text/html;charset=utf-8" />
  <meta name='ocr-system' content='tesseract 3.04.00' />
  <meta name='ocr-capabilities' content='ocr_page ocr_carea ocr_par ocr_line ocrx_word'/>
</head>
<body>
  <div class='ocr_page' id='page_1' title='image "./summainstitutio01ferrgoog_0475.png"; bbox 0 0 2560 4080; ppageno 0'>
   <div class='ocr_carea' id='block_1_1' title="bbox 593 141 753 198">
    <p class='ocr_par' dir='ltr' id='par_1_1' title="bbox 593 141 753 198">
     <span class='ocr_line' id='line_1_1' title="bbox 593 141 753 198; baseline 0.019 -18"><span class='ocrx_word' id='word_1_1' title='bbox 593 141 753 198; x_wconf 66' lang='lat' dir='ltr'>...ppp-</span> 
     </span>
    </p>
   </div>
   <div class='ocr_carea' id='block_1_2' title="bbox 150 257 1263 1238">
    <p class='ocr_par' dir='ltr' id='par_1_2' title="bbox 150 257 1263 1238">
     <span class='ocr_line' id='line_1_2' title="bbox 150 257 1260 339; baseline -0.008 -11"><span class='ocrx_word' id='word_1_2' title='bbox 150 283 256 328; x_wconf 85' lang='lat' dir='ltr'>cesus:</span> <span class='ocrx_word' id='word_1_3' title='bbox 272 271 302 325; x_wconf 85' lang='lat' dir='ltr'>l⁰</span> <span class='ocrx_word' id='word_1_4' title='bbox 315 281 384 326; x_wconf 88' lang='lat' dir='ltr'>cum</span> <span class='ocrx_word' id='word_1_5' title='bbox 397 280 476 324; x_wconf 86' lang='lat' dir='ltr'>unus</span> <span class='ocrx_word' id='word_1_6' title='bbox 489 261 653 339; x_wconf 81' lang='lat' dir='ltr'>conjugum</span> <span class='ocrx_word' id='word_1_7' title='bbox 666 260 823 337; x_wconf 88' lang='lat' dir='ltr'>requirens</span> <span class='ocrx_word' id='word_1_8' title='bbox 836 261 963 320; x_wconf 86' lang='lat' dir='ltr'>alterum</span> <span class='ocrx_word' id='word_1_9' title='bbox 977 261 1043 320; x_wconf 85' lang='lat' dir='ltr'>vult</span> <span class='ocrx_word' id='word_1_10' title='bbox 1054 260 1176 324; x_wconf 88' lang='lat' dir='ltr'>demon·</span> <span class='ocrx_word' id='word_1_11' title='bbox 1259 257 1260 268; x_wconf 76' lang='grc'>’</span> 
     </span>
     <span class='ocr_line' id='line_1_3' title="bbox 151 349 1177 422; baseline -0.007 -5"><span class='ocrx_word' id='word_1_12' title='bbox 151 363 247 418; x_wconf 83' lang='lat' dir='ltr'>strare</span> <span class='ocrx_word' id='word_1_13' title='bbox 259 353 482 415; x_wconf 83' lang='lat' dir='ltr'>matrimonium</span> <span class='ocrx_word' id='word_1_14' title='bbox 498 351 588 411; x_wconf 89' lang='lat' dir='ltr'>luisse</span> <span class='ocrx_word' id='word_1_15' title='bbox 602 351 746 410; x_wconf 90' lang='lat' dir='ltr'>intereos</span> <span class='ocrx_word' id='word_1_16' title='bbox 761 349 952 422; x_wconf 77' lang='lat' dir='ltr'>celebratum,</span> <span class='ocrx_word' id='word_1_17' title='bbox 967 356 998 409; x_wconf 90' lang='lat' dir='ltr'>et</span> <span class='ocrx_word' id='word_1_18' title='bbox 1012 351 1177 410; x_wconf 87' lang='lat' dir='ltr'>elterexci·</span> 
     </span>
     <span class='ocr_line' id='line_1_4' title="bbox 152 437 1179 528; baseline -0.004 -24"><span class='ocrx_word' id='word_1_19' title='bbox 152 444 206 522; x_wconf 91' lang='lat' dir='ltr'>pit,</span> <span class='ocrx_word' id='word_1_20' title='bbox 225 443 256 504; x_wconf 95' lang='lat' dir='ltr'>id</span> <span class='ocrx_word' id='word_1_21' title='bbox 277 441 396 502; x_wconf 90' lang='lat' dir='ltr'>nulliter</span> <span class='ocrx_word' id='word_1_22' title='bbox 410 451 511 501; x_wconf 86' lang='lat' dir='ltr'>actum</span> <span class='ocrx_word' id='word_1_23' title='bbox 533 440 625 500; x_wconf 87' lang='lat' dir='ltr'>fnisse</span> <span class='ocrx_word' id='word_1_24' title='bbox 647 445 771 514; x_wconf 91' lang='lat' dir='ltr'>propter</span> <span class='ocrx_word' id='word_1_25' title='bbox 793 437 996 528; x_wconf 82' lang='lat' dir='ltr'>impedimenti</span> <span class='ocrx_word' id='word_1_26' title='bbox 1017 439 1179 500; x_wconf 76' lang='lat' dir='ltr'>dirimentis</span> 
     </span>
     <span class='ocr_line' id='line_1_5' title="bbox 151 526 1180 603; baseline -0.005 -9"><span class='ocrx_word' id='word_1_27' title='bbox 151 531 357 603; x_wconf 74' lang='lat' dir='ltr'>existentiam,</span> <span class='ocrx_word' id='word_1_28' title='bbox 372 535 404 590; x_wconf 75' lang='lat'>2⁰</span> <span class='ocrx_word' id='word_1_29' title='bbox 420 546 490 590; x_wconf 90' lang='lat' dir='ltr'>cum</span> <span class='ocrx_word' id='word_1_30' title='bbox 502 529 630 590; x_wconf 89' lang='lat' dir='ltr'>clericus</span> <span class='ocrx_word' id='word_1_31' title='bbox 644 534 750 603; x_wconf 88' lang='lat' dir='ltr'>petens</span> <span class='ocrx_word' id='word_1_32' title='bbox 764 527 941 588; x_wconf 87' lang='lat' dir='ltr'>beneficium</span> <span class='ocrx_word' id='word_1_33' title='bbox 959 526 1016 588; x_wconf 89' lang='lat' dir='ltr'>sibi</span> <span class='ocrx_word' id='word_1_34' title='bbox 1040 530 1180 589; x_wconf 83' lang='lat' dir='ltr'>collatum</span> 
     </span>
     <span class='ocr_line' id='line_1_6' title="bbox 154 615 1181 704; baseline -0.008 -23"><span class='ocrx_word' id='word_1_35' title='bbox 154 618 373 697; x_wconf 88' lang='lat' dir='ltr'>oppositionem</span> <span class='ocrx_word' id='word_1_36' title='bbox 398 625 523 694; x_wconf 92' lang='lat' dir='ltr'>propter</span> <span class='ocrx_word' id='word_1_37' title='bbox 552 633 638 676; x_wconf 91' lang='lat' dir='ltr'>suum</span> <span class='ocrx_word' id='word_1_38' title='bbox 664 615 979 704; x_wconf 77' lang='lat' dir='ltr'>excommunicetipnis</span> <span class='ocrx_word' id='word_1_39' title='bbox 1007 622 1120 676; x_wconf 85' lang='lat' dir='ltr'>statum</span> <span class='ocrx_word' id='word_1_40' title='bbox 1144 618 1181 676; x_wconf 76' lang='lat' dir='ltr'>et»</span> 
     </span>
     <span class='ocr_line' id='line_1_7' title="bbox 154 703 1261 788; baseline -0.003 -19"><span class='ocrx_word' id='word_1_41' title='bbox 154 708 326 769; x_wconf 83' lang='lat' dir='ltr'>edversario</span> <span class='ocrx_word' id='word_1_42' title='bbox 340 706 464 782; x_wconf 74' lang='lat' dir='ltr'>petitur,</span> <span class='ocrx_word' id='word_1_43' title='bbox 480 711 510 766; x_wconf 78' lang='grc' dir='ltr'>3ο</span> <span class='ocrx_word' id='word_1_44' title='bbox 524 718 593 766; x_wconf 83' lang='lat' dir='ltr'>cum</span> <span class='ocrx_word' id='word_1_45' title='bbox 607 704 684 764; x_wconf 88' lang='lat' dir='ltr'>filius</span> <span class='ocrx_word' id='word_1_46' title='bbox 697 710 803 780; x_wconf 85' lang='lat' dir='ltr'>petens</span> <span class='ocrx_word' id='word_1_47' title='bbox 817 704 910 780; x_wconf 86' lang='lat' dir='ltr'>petris</span> <span class='ocrx_word' id='word_1_48' title='bbox 923 703 1130 766; x_wconf 85' lang='lat' dir='ltr'>haereditatcm</span> <span class='ocrx_word' id='word_1_49' title='bbox 1143 707 1181 766; x_wconf 94' lang='lat' dir='ltr'>di·</span> <span class='ocrx_word' id='word_1_50' title='bbox 1260 763 1261 788; x_wconf 53' lang='grc'>,</span> 
     </span>
     <span class='ocr_line' id='line_1_8' title="bbox 155 793 1182 875; baseline -0.001 -18"><span class='ocrx_word' id='word_1_51' title='bbox 155 798 232 858; x_wconf 90' lang='lat' dir='ltr'>citur</span> <span class='ocrx_word' id='word_1_52' title='bbox 246 796 436 875; x_wconf 61' lang='lat' dir='ltr'>illegitimus,</span> <span class='ocrx_word' id='word_1_53' title='bbox 450 800 481 854; x_wconf 75' lang='lat'>4⁰</span> <span class='ocrx_word' id='word_1_54' title='bbox 494 809 563 854; x_wconf 91' lang='lat' dir='ltr'>cum</span> <span class='ocrx_word' id='word_1_55' title='bbox 576 793 612 854; x_wconf 89' lang='lat' dir='ltr'>lis</span> <span class='ocrx_word' id='word_1_56' title='bbox 628 799 709 853; x_wconf 84' lang='lat' dir='ltr'>motu</span> <span class='ocrx_word' id='word_1_57' title='bbox 724 799 770 852; x_wconf 89' lang='lat' dir='ltr'>est</span> <span class='ocrx_word' id='word_1_58' title='bbox 780 793 859 852; x_wconf 87' lang='lat' dir='ltr'>inter</span> <span class='ocrx_word' id='word_1_59' title='bbox 873 793 948 853; x_wconf 91' lang='lat' dir='ltr'>duos</span> <span class='ocrx_word' id='word_1_60' title='bbox 962 795 1182 870; x_wconf 78' lang='lat' dir='ltr'>praetepdentes</span> 
     </span>
     <span class='ocr_line' id='line_1_9' title="bbox 153 883 1182 963; baseline -0.003 -18"><span class='ocrx_word' id='word_1_61' title='bbox 153 902 245 963; x_wconf 89' lang='lat' dir='ltr'>super</span> <span class='ocrx_word' id='word_1_62' title='bbox 258 885 358 962; x_wconf 85' lang='lat' dir='ltr'>aliquo</span> <span class='ocrx_word' id='word_1_63' title='bbox 376 883 535 956; x_wconf 83' lang='lat' dir='ltr'>beneflcio,</span> <span class='ocrx_word' id='word_1_64' title='bbox 548 889 579 942; x_wconf 91' lang='lat' dir='ltr'>et</span> <span class='ocrx_word' id='word_1_65' title='bbox 602 898 680 941; x_wconf 91' lang='lat' dir='ltr'>unus</span> <span class='ocrx_word' id='word_1_66' title='bbox 699 899 805 942; x_wconf 92' lang='lat' dir='ltr'>eorum</span> <span class='ocrx_word' id='word_1_67' title='bbox 826 884 961 959; x_wconf 92' lang='lat' dir='ltr'>opponit,</span> <span class='ocrx_word' id='word_1_68' title='bbox 977 901 1011 942; x_wconf 91' lang='lat' dir='ltr'>se</span> <span class='ocrx_word' id='word_1_69' title='bbox 1030 883 1125 944; x_wconf 87' lang='lat' dir='ltr'>fuisse</span> <span class='ocrx_word' id='word_1_70' title='bbox 1146 885 1182 942; x_wconf 85' lang='lat' dir='ltr'>ab</span> 
     </span>
     <span class='ocr_line' id='line_1_10' title="bbox 153 962 1262 1066; baseline -0.004 -31"><span class='ocrx_word' id='word_1_71' title='bbox 153 974 212 1035; x_wconf 83' lang='lat' dir='ltr'>alio</span> <span class='ocrx_word' id='word_1_72' title='bbox 226 967 280 1051; x_wconf 89' lang='lat' dir='ltr'>per</span> <span class='ocrx_word' id='word_1_73' title='bbox 293 974 354 1034; x_wconf 81' lang='lat' dir='ltr'>vim</span> <span class='ocrx_word' id='word_1_74' title='bbox 367 972 537 1066; x_wconf 74' lang='lat' dir='ltr'>spoliatum.</span> <span class='ocrx_word' id='word_1_75' title='bbox 554 977 585 1032; x_wconf 96' lang='lat' dir='ltr'>ln</span> <span class='ocrx_word' id='word_1_76' title='bbox 602 971 647 1030; x_wconf 82' lang='lat' dir='ltr'>liis</span> <span class='ocrx_word' id='word_1_77' title='bbox 661 971 742 1031; x_wconf 93' lang='lat' dir='ltr'>enim</span> <span class='ocrx_word' id='word_1_78' title='bbox 756 970 875 1030; x_wconf 86' lang='lat' dir='ltr'>casibus</span> <span class='ocrx_word' id='word_1_79' title='bbox 889 973 972 1047; x_wconf 90' lang='lat' dir='ltr'>prius</span> <span class='ocrx_word' id='word_1_80' title='bbox 986 974 1181 1048; x_wconf 70' lang='lat' dir='ltr'>quaerendum</span> <span class='ocrx_word' id='word_1_81' title='bbox 1194 989 1195 993; x_wconf 48' lang='lat'>¹</span> <span class='ocrx_word' id='word_1_82' title='bbox 1261 962 1262 977; x_wconf 55' lang='lat'>¹</span> 
     </span>
     <span class='ocr_line' id='line_1_11' title="bbox 154 1059 1263 1140; baseline -0.002 -16"><span class='ocrx_word' id='word_1_83' title='bbox 154 1071 201 1124; x_wconf 89' lang='lat' dir='ltr'>est</span> <span class='ocrx_word' id='word_1_84' title='bbox 214 1064 251 1124; x_wconf 93' lang='lat' dir='ltr'>de</span> <span class='ocrx_word' id='word_1_85' title='bbox 265 1063 476 1139; x_wconf 90' lang='lat' dir='ltr'>impedimento</span> <span class='ocrx_word' id='word_1_86' title='bbox 490 1060 657 1133; x_wconf 82' lang='lat' dir='ltr'>dirimente,</span> <span class='ocrx_word' id='word_1_87' title='bbox 672 1061 720 1120; x_wconf 86' lang='lat' dir='ltr'>vel</span> <span class='ocrx_word' id='word_1_88' title='bbox 734 1061 772 1120; x_wconf 91' lang='lat' dir='ltr'>de</span> <span class='ocrx_word' id='word_1_89' title='bbox 783 1059 976 1136; x_wconf 78' lang='lat' dir='ltr'>legitimitate,</span> <span class='ocrx_word' id='word_1_90' title='bbox 991 1061 1040 1120; x_wconf 84' lang='lat' dir='ltr'>vel</span> <span class='ocrx_word' id='word_1_91' title='bbox 1055 1061 1094 1120; x_wconf 93' lang='lat' dir='ltr'>de</span> <span class='ocrx_word' id='word_1_92' title='bbox 1114 1079 1182 1138; x_wconf 89' lang='lat' dir='ltr'>spo·</span> <span class='ocrx_word' id='word_1_93' title='bbox 1262 1112 1263 1140; x_wconf 87' lang='grc'>,</span> 
     </span>
     <span class='ocr_line' id='line_1_12' title="bbox 155 1148 686 1238; baseline -0.013 -24"><span class='ocrx_word' id='word_1_94' title='bbox 155 1153 195 1214; x_wconf 92' lang='lat' dir='ltr'>lio</span> <span class='ocrx_word' id='word_1_95' title='bbox 205 1165 297 1230; x_wconf 74' lang='lat' dir='ltr'>uuum</span> <span class='ocrx_word' id='word_1_96' title='bbox 308 1152 347 1211; x_wconf 87' lang='lat' dir='ltr'>de</span> <span class='ocrx_word' id='word_1_97' title='bbox 360 1167 453 1212; x_wconf 82' lang='lat' dir='ltr'>ceusu</span> <span class='ocrx_word' id='word_1_98' title='bbox 465 1148 645 1238; x_wconf 80' lang='lat' dir='ltr'>pripdipeli(</span> <span class='ocrx_word' id='word_1_99' title='bbox 665 1153 686 1219; x_wconf 79' lang='lat' dir='ltr'>l.</span> 
     </span>
    </p>
   </div>
   <div class='ocr_carea' id='block_1_3' title="bbox 187 1307 993 1380">
    <p class='ocr_par' dir='ltr' id='par_1_3' title="bbox 187 1307 993 1380">
     <span class='ocr_line' id='line_1_13' title="bbox 187 1307 993 1380; baseline -0.007 -13"><span class='ocrx_word' id='word_1_100' title='bbox 187 1315 223 1380; x_wconf 88' lang='lat' dir='ltr'>(l)</span> <span class='ocrx_word' id='word_1_101' title='bbox 235 1315 301 1379; x_wconf 79' lang='lat' dir='ltr'>dep.</span> <span class='ocrx_word' id='word_1_102' title='bbox 315 1312 352 1371; x_wconf 82' lang='lat' dir='ltr'>le.</span> <span class='ocrx_word' id='word_1_103' title='bbox 367 1312 402 1365; x_wconf 90' lang='lat' dir='ltr'>de</span> <span class='ocrx_word' id='word_1_104' title='bbox 410 1310 494 1378; x_wconf 85' lang='lat' dir='ltr'>judic.</span> <span class='ocrx_word' id='word_1_105' title='bbox 511 1310 576 1376; x_wconf 87' lang='lat' dir='ltr'>Cep.</span> <span class='ocrx_word' id='word_1_106' title='bbox 591 1311 618 1376; x_wconf 73' lang='grc'>3,</span> <span class='ocrx_word' id='word_1_107' title='bbox 630 1311 654 1369; x_wconf 89' lang='grc'>3,</span> <span class='ocrx_word' id='word_1_108' title='bbox 669 1313 696 1362; x_wconf 91' lang='lat' dir='ltr'>et</span> <span class='ocrx_word' id='word_1_109' title='bbox 709 1309 759 1362; x_wconf 89' lang='lat' dir='ltr'>ult.</span> <span class='ocrx_word' id='word_1_110' title='bbox 774 1309 807 1362; x_wconf 89' lang='lat' dir='ltr'>de</span> <span class='ocrx_word' id='word_1_111' title='bbox 821 1307 879 1361; x_wconf 93' lang='lat' dir='ltr'>ord.</span> <span class='ocrx_word' id='word_1_112' title='bbox 894 1308 993 1376; x_wconf 81' lang='lat' dir='ltr'>cognit.</span> 
     </span>
    </p>
   </div>
   <div class='ocr_carea' id='block_1_4' title="bbox 157 1531 1265 2056">
    <p class='ocr_par' dir='ltr' id='par_1_4' title="bbox 157 1531 1265 2056">
     <span class='ocr_line' id='line_1_14' title="bbox 193 1531 1184 1612; baseline -0.005 -14"><span class='ocrx_word' id='word_1_113' title='bbox 193 1541 256 1598; x_wconf 85' lang='grc'>837.</span> <span class='ocrx_word' id='word_1_114' title='bbox 277 1535 411 1612; x_wconf 84' lang='lat' dir='ltr'>spolium</span> <span class='ocrx_word' id='word_1_115' title='bbox 425 1540 470 1593; x_wconf 90' lang='lat' dir='ltr'>cst</span> <span class='ocrx_word' id='word_1_116' title='bbox 483 1531 593 1610; x_wconf 84' lang='lat' dir='ltr'>injuste</span> <span class='ocrx_word' id='word_1_117' title='bbox 606 1539 637 1592; x_wconf 93' lang='lat' dir='ltr'>et</span> <span class='ocrx_word' id='word_1_118' title='bbox 653 1531 809 1608; x_wconf 84' lang='lat' dir='ltr'>culpabilis</span> <span class='ocrx_word' id='word_1_119' title='bbox 828 1532 956 1608; x_wconf 75' lang='lat' dir='ltr'>deiectio</span> <span class='ocrx_word' id='word_1_120' title='bbox 969 1533 1008 1593; x_wconf 89' lang='lat' dir='ltr'>de</span> <span class='ocrx_word' id='word_1_121' title='bbox 1021 1534 1184 1610; x_wconf 90' lang='lat' dir='ltr'>possessio·</span> 
     </span>
     <span class='ocr_line' id='line_1_15' title="bbox 158 1615 1185 1700; baseline -0.002 -14"><span class='ocrx_word' id='word_1_122' title='bbox 158 1643 208 1700; x_wconf 86' lang='lat' dir='ltr'>nc,</span> <span class='ocrx_word' id='word_1_123' title='bbox 224 1625 272 1685; x_wconf 86' lang='lat' dir='ltr'>vel</span> <span class='ocrx_word' id='word_1_124' title='bbox 290 1623 375 1700; x_wconf 84' lang='lat' dir='ltr'>qussi</span> <span class='ocrx_word' id='word_1_125' title='bbox 391 1615 581 1700; x_wconf 66' lang='lat' dir='ltr'>possessione</span> <span class='ocrx_word' id='word_1_126' title='bbox 599 1622 643 1681; x_wconf 93' lang='lat' dir='ltr'>rei</span> <span class='ocrx_word' id='word_1_127' title='bbox 660 1622 795 1698; x_wconf 75' lang='lat' dir='ltr'>eliquus.</span> <span class='ocrx_word' id='word_1_128' title='bbox 812 1623 895 1683; x_wconf 85' lang='lat' dir='ltr'>Cedit</span> <span class='ocrx_word' id='word_1_129' title='bbox 907 1622 1078 1698; x_wconf 86' lang='lat' dir='ltr'>praesertim</span> <span class='ocrx_word' id='word_1_130' title='bbox 1093 1624 1123 1684; x_wconf 90' lang='lat' dir='ltr'>iu</span> <span class='ocrx_word' id='word_1_131' title='bbox 1139 1641 1185 1684; x_wconf 90' lang='lat' dir='ltr'>rc-</span> 
     </span>
     <span class='ocr_line' id='line_1_16' title="bbox 157 1709 1265 1787; baseline -0.005 -14"><span class='ocrx_word' id='word_1_132' title='bbox 157 1715 215 1774; x_wconf 91' lang='lat' dir='ltr'>bus</span> <span class='ocrx_word' id='word_1_133' title='bbox 229 1710 449 1783; x_wconf 76' lang='lat' dir='ltr'>immobilibus3</span> <span class='ocrx_word' id='word_1_134' title='bbox 466 1710 572 1771; x_wconf 84' lang='lat' dir='ltr'>sodex</span> <span class='ocrx_word' id='word_1_135' title='bbox 585 1709 779 1787; x_wconf 86' lang='lat' dir='ltr'>dispositione</span> <span class='ocrx_word' id='word_1_136' title='bbox 792 1711 868 1786; x_wconf 81' lang='lat' dir='ltr'>juris</span> <span class='ocrx_word' id='word_1_137' title='bbox 882 1711 1019 1771; x_wconf 83' lang='lat' dir='ltr'>canonici</span> <span class='ocrx_word' id='word_1_138' title='bbox 1032 1719 1064 1772; x_wconf 88' lang='lat' dir='ltr'>et</span> <span class='ocrx_word' id='word_1_139' title='bbox 1080 1713 1111 1771; x_wconf 90' lang='lat' dir='ltr'>in</span> <span class='ocrx_word' id='word_1_140' title='bbox 1124 1729 1186 1772; x_wconf 91' lang='lat' dir='ltr'>mo·</span> <span class='ocrx_word' id='word_1_141' title='bbox 1264 1722 1265 1768; x_wconf 83' lang='lat'>3</span> 
     </span>
     <span class='ocr_line' id='line_1_17' title="bbox 157 1799 1186 1876; baseline -0.002 -14"><span class='ocrx_word' id='word_1_142' title='bbox 157 1803 276 1876; x_wconf 84' lang='lat' dir='ltr'>bilibus,</span> <span class='ocrx_word' id='word_1_143' title='bbox 294 1818 331 1861; x_wconf 87' lang='lat' dir='ltr'>ec</span> <span class='ocrx_word' id='word_1_144' title='bbox 350 1799 468 1876; x_wconf 86' lang='lat' dir='ltr'>juribus</span> <span class='ocrx_word' id='word_1_145' title='bbox 492 1805 592 1874; x_wconf 87' lang='lat' dir='ltr'>potest</span> <span class='ocrx_word' id='word_1_146' title='bbox 612 1800 724 1860; x_wconf 86' lang='lat' dir='ltr'>hahere</span> <span class='ocrx_word' id='word_1_147' title='bbox 743 1801 844 1859; x_wconf 93' lang='lat' dir='ltr'>locum</span> <span class='ocrx_word' id='word_1_148' title='bbox 863 1803 914 1872; x_wconf 88' lang='lat' dir='ltr'>(l).</span> <span class='ocrx_word' id='word_1_149' title='bbox 935 1800 1028 1876; x_wconf 86' lang='lat' dir='ltr'>spolii</span> <span class='ocrx_word' id='word_1_150' title='bbox 1042 1818 1113 1860; x_wconf 90' lang='lat' dir='ltr'>reus</span> <span class='ocrx_word' id='word_1_151' title='bbox 1132 1810 1186 1876; x_wconf 88' lang='lat' dir='ltr'>est,</span> 
     </span>
     <span class='ocr_line' id='line_1_18' title="bbox 160 1888 1189 1970; baseline -0.001 -19"><span class='ocrx_word' id='word_1_152' title='bbox 160 1890 211 1970; x_wconf 88' lang='lat' dir='ltr'>qui</span> <span class='ocrx_word' id='word_1_153' title='bbox 225 1891 287 1950; x_wconf 87' lang='lat' dir='ltr'>vim</span> <span class='ocrx_word' id='word_1_154' title='bbox 299 1889 405 1963; x_wconf 90' lang='lat' dir='ltr'>intulit,</span> <span class='ocrx_word' id='word_1_155' title='bbox 420 1888 471 1966; x_wconf 88' lang='lat' dir='ltr'>qui</span> <span class='ocrx_word' id='word_1_156' title='bbox 486 1889 555 1949; x_wconf 92' lang='lat' dir='ltr'>dolo</span> <span class='ocrx_word' id='word_1_157' title='bbox 569 1890 648 1948; x_wconf 89' lang='lat' dir='ltr'>melo</span> <span class='ocrx_word' id='word_1_158' title='bbox 663 1905 737 1948; x_wconf 90' lang='lat' dir='ltr'>usus</span> <span class='ocrx_word' id='word_1_159' title='bbox 746 1895 802 1961; x_wconf 91' lang='lat' dir='ltr'>est,</span> <span class='ocrx_word' id='word_1_160' title='bbox 815 1889 928 1964; x_wconf 47' lang='lat' dir='ltr'>&#39;quique</span> <span class='ocrx_word' id='word_1_161' title='bbox 942 1889 973 1948; x_wconf 91' lang='lat' dir='ltr'>in</span> <span class='ocrx_word' id='word_1_162' title='bbox 988 1891 1078 1966; x_wconf 85' lang='lat' dir='ltr'>culpa</span> <span class='ocrx_word' id='word_1_163' title='bbox 1087 1891 1189 1964; x_wconf 90' lang='lat' dir='ltr'>luit,ut</span> 
     </span>
     <span class='ocr_line' id='line_1_19' title="bbox 158 1977 1187 2056; baseline -0.005 -14"><span class='ocrx_word' id='word_1_164' title='bbox 158 1982 234 2042; x_wconf 81' lang='lat' dir='ltr'>alius</span> <span class='ocrx_word' id='word_1_165' title='bbox 248 1979 341 2041; x_wconf 85' lang='lat' dir='ltr'>derel</span> <span class='ocrx_word' id='word_1_166' title='bbox 357 1977 558 2056; x_wconf 82' lang='lat' dir='ltr'>possessione,</span> <span class='ocrx_word' id='word_1_167' title='bbox 572 1979 621 2038; x_wconf 82' lang='lat' dir='ltr'>rel</span> <span class='ocrx_word' id='word_1_168' title='bbox 635 1977 719 2056; x_wconf 78' lang='lat' dir='ltr'>quasi</span> <span class='ocrx_word' id='word_1_169' title='bbox 733 1977 926 2054; x_wconf 86' lang='lat' dir='ltr'>possessione</span> <span class='ocrx_word' id='word_1_170' title='bbox 941 1977 1123 2054; x_wconf 85' lang='lat' dir='ltr'>dejiceretur</span> <span class='ocrx_word' id='word_1_171' title='bbox 1137 1984 1149 2052; x_wconf 76' lang='lat' dir='ltr'>l</span> <span class='ocrx_word' id='word_1_172' title='bbox 1166 1983 1187 2050; x_wconf 88' lang='lat'>).</span> 
     </span>
    </p>
   </div>
   <div class='ocr_carea' id='block_1_5' title="bbox 161 2137 1221 3278">
    <p class='ocr_par' dir='ltr' id='par_1_5' title="bbox 161 2137 1221 3278">
     <span class='ocr_line' id='line_1_20' title="bbox 191 2137 1190 2218; baseline -0.001 -15"><span class='ocrx_word' id='word_1_173' title='bbox 191 2151 227 2218; x_wconf 89' lang='lat' dir='ltr'>(l)</span> <span class='ocrx_word' id='word_1_174' title='bbox 245 2151 310 2218; x_wconf 81' lang='lat' dir='ltr'>(lep.</span> <span class='ocrx_word' id='word_1_175' title='bbox 324 2149 349 2210; x_wconf 70' lang='grc'>2,</span> <span class='ocrx_word' id='word_1_176' title='bbox 362 2147 395 2201; x_wconf 90' lang='lat' dir='ltr'>de</span> <span class='ocrx_word' id='word_1_177' title='bbox 409 2147 496 2200; x_wconf 86' lang='lat' dir='ltr'>restit.</span> <span class='ocrx_word' id='word_1_178' title='bbox 511 2147 617 2215; x_wconf 85' lang='lat' dir='ltr'>spoliet.</span> <span class='ocrx_word' id='word_1_179' title='bbox 630 2149 659 2200; x_wconf 85' lang='lat' dir='ltr'>i&#39;n</span> <span class='ocrx_word' id='word_1_180' title='bbox 672 2148 698 2208; x_wconf 88' lang='grc'>6,</span> <span class='ocrx_word' id='word_1_181' title='bbox 713 2151 740 2201; x_wconf 90' lang='lat' dir='ltr'>et</span> <span class='ocrx_word' id='word_1_182' title='bbox 754 2162 813 2214; x_wconf 82' lang='lat' dir='ltr'>cap.</span> <span class='ocrx_word' id='word_1_183' title='bbox 829 2151 853 2212; x_wconf 88' lang='lat'>3,</span> <span class='ocrx_word' id='word_1_184' title='bbox 865 2149 898 2202; x_wconf 93' lang='lat' dir='ltr'>de</span> <span class='ocrx_word' id='word_1_185' title='bbox 911 2163 986 2201; x_wconf 87' lang='lat' dir='ltr'>oeus.</span> <span class='ocrx_word' id='word_1_186' title='bbox 1000 2164 1076 2215; x_wconf 89' lang='lat' dir='ltr'>poss.</span> <span class='ocrx_word' id='word_1_187' title='bbox 1091 2137 1118 2202; x_wconf 86' lang='lat' dir='ltr'>et</span> <span class='ocrx_word' id='word_1_188' title='bbox 1131 2166 1190 2218; x_wconf 92' lang='lat' dir='ltr'>pro·</span> 
     </span>
     <span class='ocr_line' id='line_1_21' title="bbox 161 2220 1190 2290; baseline 0 -15"><span class='ocrx_word' id='word_1_189' title='bbox 161 2225 239 2290; x_wconf 81' lang='lat' dir='ltr'>priet</span> <span class='ocrx_word' id='word_1_190' title='bbox 255 2222 375 2286; x_wconf 81' lang='lat' dir='ltr'>Spollum</span> <span class='ocrx_word' id='word_1_191' title='bbox 389 2233 423 2272; x_wconf 82' lang='lat' dir='ltr'>ex</span> <span class='ocrx_word' id='word_1_192' title='bbox 432 2222 495 2284; x_wconf 88' lang='lat' dir='ltr'>jure</span> <span class='ocrx_word' id='word_1_193' title='bbox 514 2220 642 2272; x_wconf 76' lang='lat' dir='ltr'>canonico</span> <span class='ocrx_word' id='word_1_194' title='bbox 657 2220 788 2274; x_wconf 88' lang='lat' dir='ltr'>letissime</span> <span class='ocrx_word' id='word_1_195' title='bbox 802 2223 886 2285; x_wconf 84' lang='lat' dir='ltr'>petet.</span> <span class='ocrx_word' id='word_1_196' title='bbox 906 2221 1012 2272; x_wconf 81' lang='lat' dir='ltr'>Revera</span> <span class='ocrx_word' id='word_1_197' title='bbox 1024 2223 1115 2287; x_wconf 89' lang='lat' dir='ltr'>primo</span> <span class='ocrx_word' id='word_1_198' title='bbox 1130 2238 1190 2290; x_wconf 90' lang='lat' dir='ltr'>spo·</span> 
     </span>
     <span class='ocr_line' id='line_1_22' title="bbox 162 2287 1192 2360; baseline -0.001 -14"><span class='ocrx_word' id='word_1_199' title='bbox 162 2296 244 2346; x_wconf 80' lang='lat' dir='ltr'>lictus</span> <span class='ocrx_word' id='word_1_200' title='bbox 258 2293 358 2346; x_wconf 90' lang='lat' dir='ltr'>dicitur</span> <span class='ocrx_word' id='word_1_201' title='bbox 371 2287 495 2349; x_wconf 77' lang='lat' dir='ltr'>meritus,</span> <span class='ocrx_word' id='word_1_202' title='bbox 511 2291 534 2342; x_wconf 88' lang='lat' dir='ltr'>sl</span> <span class='ocrx_word' id='word_1_203' title='bbox 548 2304 616 2342; x_wconf 83' lang='lat' dir='ltr'>uxor</span> <span class='ocrx_word' id='word_1_204' title='bbox 629 2291 664 2343; x_wconf 84' lang='lat' dir='ltr'>eb</span> <span class='ocrx_word' id='word_1_205' title='bbox 675 2305 707 2343; x_wconf 90' lang='lat' dir='ltr'>eo</span> <span class='ocrx_word' id='word_1_206' title='bbox 721 2291 848 2344; x_wconf 86' lang='lat' dir='ltr'>divertet.</span> <span class='ocrx_word' id='word_1_207' title='bbox 863 2292 927 2358; x_wconf 84' lang='lat' dir='ltr'>(lep.</span> <span class='ocrx_word' id='word_1_208' title='bbox 943 2293 967 2350; x_wconf 90' lang='lat'>8,</span> <span class='ocrx_word' id='word_1_209' title='bbox 983 2293 1017 2344; x_wconf 91' lang='lat' dir='ltr'>de</span> <span class='ocrx_word' id='word_1_210' title='bbox 1032 2294 1119 2345; x_wconf 88' lang='lat' dir='ltr'>restit.</span> <span class='ocrx_word' id='word_1_211' title='bbox 1135 2308 1192 2360; x_wconf 88' lang='lat' dir='ltr'>spo·</span> 
     </span>
     <span class='ocr_line' id='line_1_23' title="bbox 162 2361 1191 2428; baseline -0.001 -12"><span class='ocrx_word' id='word_1_212' title='bbox 162 2365 239 2427; x_wconf 84' lang='lat' dir='ltr'>liut.;</span> <span class='ocrx_word' id='word_1_213' title='bbox 254 2368 281 2416; x_wconf 89' lang='lat' dir='ltr'>et</span> <span class='ocrx_word' id='word_1_214' title='bbox 295 2361 410 2428; x_wconf 84' lang='lat' dir='ltr'>spoliete</span> <span class='ocrx_word' id='word_1_215' title='bbox 424 2361 523 2412; x_wconf 87' lang='lat' dir='ltr'>dicitur</span> <span class='ocrx_word' id='word_1_216' title='bbox 534 2373 603 2412; x_wconf 85' lang='lat' dir='ltr'>uxor</span> <span class='ocrx_word' id='word_1_217' title='bbox 614 2362 666 2414; x_wconf 84' lang='lat' dir='ltr'>sia</span> <span class='ocrx_word' id='word_1_218' title='bbox 683 2363 780 2414; x_wconf 84' lang='lat' dir='ltr'>merito</span> <span class='ocrx_word' id='word_1_219' title='bbox 794 2363 828 2414; x_wconf 90' lang='lat' dir='ltr'>de</span> <span class='ocrx_word' id='word_1_220' title='bbox 844 2377 894 2416; x_wconf 87' lang='lat' dir='ltr'>sue</span> <span class='ocrx_word' id='word_1_221' title='bbox 909 2363 988 2416; x_wconf 91' lang='lat' dir='ltr'>domo</span> <span class='ocrx_word' id='word_1_222' title='bbox 1002 2366 1091 2428; x_wconf 82' lang='lat' dir='ltr'>ejecte</span> <span class='ocrx_word' id='word_1_223' title='bbox 1102 2366 1191 2418; x_wconf 82' lang='lat' dir='ltr'>fuerit</span> 
     </span>
     <span class='ocr_line' id='line_1_24' title="bbox 163 2425 1193 2508; baseline -0.001 -20"><span class='ocrx_word' id='word_1_224' title='bbox 163 2435 228 2501; x_wconf 84' lang='lat' dir='ltr'>Cup.</span> <span class='ocrx_word' id='word_1_225' title='bbox 247 2435 275 2486; x_wconf 83' lang='lat'>10</span> <span class='ocrx_word' id='word_1_226' title='bbox 291 2439 319 2486; x_wconf 89' lang='lat' dir='ltr'>et</span> <span class='ocrx_word' id='word_1_227' title='bbox 332 2434 360 2484; x_wconf 83' lang='lat' dir='ltr'>rt</span> <span class='ocrx_word' id='word_1_228' title='bbox 374 2431 432 2484; x_wconf 90' lang='lat' dir='ltr'>eod.</span> <span class='ocrx_word' id='word_1_229' title='bbox 449 2431 571 2483; x_wconf 85' lang='lat' dir='ltr'>Secundo</span> <span class='ocrx_word' id='word_1_230' title='bbox 586 2425 718 2497; x_wconf 87' lang='lat' dir='ltr'>spoliatus</span> <span class='ocrx_word' id='word_1_231' title='bbox 737 2433 846 2494; x_wconf 86' lang='lat' dir='ltr'>dicitur,</span> <span class='ocrx_word' id='word_1_232' title='bbox 861 2436 908 2508; x_wconf 89' lang='lat' dir='ltr'>qui</span> <span class='ocrx_word' id='word_1_233' title='bbox 922 2449 970 2498; x_wconf 91' lang='lat' dir='ltr'>per</span> <span class='ocrx_word' id='word_1_234' title='bbox 983 2435 1047 2492; x_wconf 83' lang='lat' dir='ltr'>vim.</span> <span class='ocrx_word' id='word_1_235' title='bbox 1060 2441 1089 2487; x_wconf 91' lang='lat' dir='ltr'>et</span> <span class='ocrx_word' id='word_1_236' title='bbox 1103 2438 1193 2502; x_wconf 81' lang='lat' dir='ltr'>inique</span> 
     </span>
     <span class='ocr_line' id='line_1_25' title="bbox 163 2503 1193 2572; baseline -0.002 -13"><span class='ocrx_word' id='word_1_237' title='bbox 163 2512 271 2559; x_wconf 85' lang='lat' dir='ltr'>coactus</span> <span class='ocrx_word' id='word_1_238' title='bbox 281 2505 391 2556; x_wconf 87' lang='lat' dir='ltr'>suitsuo</span> <span class='ocrx_word' id='word_1_239' title='bbox 406 2504 537 2554; x_wconf 84' lang='lat' dir='ltr'>beneficio</span> <span class='ocrx_word' id='word_1_240' title='bbox 552 2505 722 2554; x_wconf 77' lang='lat' dir='ltr'>renunciare.</span> <span class='ocrx_word' id='word_1_241' title='bbox 735 2504 798 2568; x_wconf 89' lang='lat' dir='ltr'>Cep.</span> <span class='ocrx_word' id='word_1_242' title='bbox 814 2503 870 2556; x_wconf 71' lang='lat' dir='ltr'>iet</span> <span class='ocrx_word' id='word_1_243' title='bbox 885 2507 907 2568; x_wconf 85' lang='lat'>3,</span> <span class='ocrx_word' id='word_1_244' title='bbox 922 2505 992 2566; x_wconf 88' lang='lat' dir='ltr'>eod.;</span> <span class='ocrx_word' id='word_1_245' title='bbox 1008 2507 1055 2572; x_wconf 88' lang='lat' dir='ltr'>qui</span> <span class='ocrx_word' id='word_1_246' title='bbox 1069 2507 1193 2558; x_wconf 85' lang='lat' dir='ltr'>exclusus</span> 
     </span>
     <span class='ocr_line' id='line_1_26' title="bbox 163 2569 1191 2643; baseline -0.003 -14"><span class='ocrx_word' id='word_1_247' title='bbox 163 2579 215 2630; x_wconf 85' lang='lat' dir='ltr'>luit</span> <span class='ocrx_word' id='word_1_248' title='bbox 229 2577 307 2629; x_wconf 86' lang='lat' dir='ltr'>eslbt</span> <span class='ocrx_word' id='word_1_249' title='bbox 323 2577 491 2639; x_wconf 86' lang='lat' dir='ltr'>competente</span> <span class='ocrx_word' id='word_1_250' title='bbox 499 2575 561 2638; x_wconf 90' lang='lat' dir='ltr'>jure</span> <span class='ocrx_word' id='word_1_251' title='bbox 573 2574 722 2626; x_wconf 85' lang='lat' dir='ltr'>electionis.</span> <span class='ocrx_word' id='word_1_252' title='bbox 733 2569 833 2640; x_wconf 71' lang='lat' dir='ltr'>Gep.‘3,</span> <span class='ocrx_word' id='word_1_253' title='bbox 843 2575 876 2626; x_wconf 85' lang='lat' dir='ltr'>de</span> <span class='ocrx_word' id='word_1_254' title='bbox 890 2589 962 2627; x_wconf 87' lang='lat' dir='ltr'>cens.</span> <span class='ocrx_word' id='word_1_255' title='bbox 968 2589 1047 2642; x_wconf 83' lang='lat' dir='ltr'>poss.</span> <span class='ocrx_word' id='word_1_256' title='bbox 1058 2581 1191 2643; x_wconf 82' lang='lat' dir='ltr'>etpropr.;</span> 
     </span>
     <span class='ocr_line' id='line_1_27' title="bbox 164 2645 1221 2736; baseline -0.001 -36"><span class='ocrx_word' id='word_1_257' title='bbox 164 2650 212 2718; x_wconf 76' lang='lat' dir='ltr'>qui</span> <span class='ocrx_word' id='word_1_258' title='bbox 226 2648 347 2715; x_wconf 74' lang='lat' dir='ltr'>privatus</span> <span class='ocrx_word' id='word_1_259' title='bbox 362 2646 413 2697; x_wconf 85' lang='lat' dir='ltr'>luit</span> <span class='ocrx_word' id='word_1_260' title='bbox 427 2645 484 2696; x_wconf 87' lang='lat' dir='ltr'>suis</span> <span class='ocrx_word' id='word_1_261' title='bbox 498 2645 684 2708; x_wconf 86' lang='lat' dir='ltr'>pensionibus.</span> <span class='ocrx_word' id='word_1_262' title='bbox 701 2645 774 2711; x_wconf 75' lang='lat' dir='ltr'>tlup.</span> <span class='ocrx_word' id='word_1_263' title='bbox 789 2648 813 2706; x_wconf 86' lang='lat'>9,</span> <span class='ocrx_word' id='word_1_264' title='bbox 836 2647 871 2699; x_wconf 90' lang='lat' dir='ltr'>de</span> <span class='ocrx_word' id='word_1_265' title='bbox 892 2653 958 2698; x_wconf 89' lang='lat' dir='ltr'>rest.</span> <span class='ocrx_word' id='word_1_266' title='bbox 976 2648 1084 2713; x_wconf 85' lang='lat' dir='ltr'>spoliet.</span> <span class='ocrx_word' id='word_1_267' title='bbox 1107 2648 1193 2700; x_wconf 84' lang='lat' dir='ltr'>Tertio</span> <span class='ocrx_word' id='word_1_268' title='bbox 1211 2697 1221 2736; x_wconf 78' lang='lat' dir='ltr'>t</span> 
     </span>
     <span class='ocr_line' id='line_1_28' title="bbox 165 2716 1193 2788; baseline -0.001 -18"><span class='ocrx_word' id='word_1_269' title='bbox 165 2719 298 2788; x_wconf 82' lang='lat' dir='ltr'>spoliatus</span> <span class='ocrx_word' id='word_1_270' title='bbox 314 2717 422 2779; x_wconf 89' lang='lat' dir='ltr'>dicitur,</span> <span class='ocrx_word' id='word_1_271' title='bbox 437 2716 484 2781; x_wconf 90' lang='lat' dir='ltr'>qui</span> <span class='ocrx_word' id='word_1_272' title='bbox 499 2717 550 2766; x_wconf 82' lang='lat' dir='ltr'>luit</span> <span class='ocrx_word' id='word_1_273' title='bbox 563 2717 664 2780; x_wconf 87' lang='lat' dir='ltr'>injuste</span> <span class='ocrx_word' id='word_1_274' title='bbox 679 2717 805 2770; x_wconf 81' lang='lat' dir='ltr'>exclusus</span> <span class='ocrx_word' id='word_1_275' title='bbox 819 2732 835 2768; x_wconf 83' lang='lat' dir='ltr'>a</span> <span class='ocrx_word' id='word_1_276' title='bbox 850 2732 899 2770; x_wconf 85' lang='lat' dir='ltr'>suu</span> <span class='ocrx_word' id='word_1_277' title='bbox 919 2720 1070 2786; x_wconf 73' lang='lat' dir='ltr'>sepulture.</span> <span class='ocrx_word' id='word_1_278' title='bbox 1092 2723 1155 2786; x_wconf 86' lang='lat' dir='ltr'>Cep.</span> <span class='ocrx_word' id='word_1_279' title='bbox 1170 2719 1193 2779; x_wconf 81' lang='lat' dir='ltr'>d,</span> 
     </span>
     <span class='ocr_line' id='line_1_29' title="bbox 166 2786 1194 2858; baseline 0.001 -17"><span class='ocrx_word' id='word_1_280' title='bbox 166 2790 199 2841; x_wconf 91' lang='lat' dir='ltr'>de</span> <span class='ocrx_word' id='word_1_281' title='bbox 211 2790 310 2856; x_wconf 88' lang='lat' dir='ltr'>sepult.</span> <span class='ocrx_word' id='word_1_282' title='bbox 328 2787 429 2850; x_wconf 87' lang='lat' dir='ltr'>Quarto</span> <span class='ocrx_word' id='word_1_283' title='bbox 439 2787 570 2852; x_wconf 83' lang='lat' dir='ltr'>spoliatus</span> <span class='ocrx_word' id='word_1_284' title='bbox 582 2787 663 2838; x_wconf 85' lang='lat' dir='ltr'>etium</span> <span class='ocrx_word' id='word_1_285' title='bbox 678 2786 777 2838; x_wconf 89' lang='lat' dir='ltr'>dicitnr</span> <span class='ocrx_word' id='word_1_286' title='bbox 791 2803 864 2852; x_wconf 84' lang='lat' dir='ltr'>reus,</span> <span class='ocrx_word' id='word_1_287' title='bbox 878 2791 924 2854; x_wconf 85' lang='lat' dir='ltr'>qui</span> <span class='ocrx_word' id='word_1_288' title='bbox 939 2791 1063 2856; x_wconf 84' lang='lat' dir='ltr'>ejudice,</span> <span class='ocrx_word' id='word_1_289' title='bbox 1074 2793 1194 2858; x_wconf 84' lang='lat' dir='ltr'>neglecto</span> 
     </span>
     <span class='ocr_line' id='line_1_30' title="bbox 163 2858 1194 2928; baseline 0.004 -18"><span class='ocrx_word' id='word_1_290' title='bbox 163 2859 234 2925; x_wconf 87' lang='lat' dir='ltr'>juris</span> <span class='ocrx_word' id='word_1_291' title='bbox 247 2859 351 2922; x_wconf 89' lang='lat' dir='ltr'>ordine,</span> <span class='ocrx_word' id='word_1_292' title='bbox 366 2871 444 2908; x_wconf 87' lang='lat' dir='ltr'>esne</span> <span class='ocrx_word' id='word_1_293' title='bbox 468 2858 640 2922; x_wconf 88' lang='lat' dir='ltr'>possessione</span> <span class='ocrx_word' id='word_1_294' title='bbox 663 2859 784 2924; x_wconf 88' lang='lat' dir='ltr'>dejectus</span> <span class='ocrx_word' id='word_1_295' title='bbox 807 2859 865 2910; x_wconf 86' lang='lat' dir='ltr'>luit.</span> <span class='ocrx_word' id='word_1_296' title='bbox 882 2861 948 2925; x_wconf 89' lang='lat' dir='ltr'>Cep.</span> <span class='ocrx_word' id='word_1_297' title='bbox 963 2861 987 2924; x_wconf 83' lang='lat'>7,</span> <span class='ocrx_word' id='word_1_298' title='bbox 1004 2861 1038 2912; x_wconf 87' lang='lat' dir='ltr'>de</span> <span class='ocrx_word' id='word_1_299' title='bbox 1052 2867 1118 2914; x_wconf 87' lang='lat' dir='ltr'>rest.</span> <span class='ocrx_word' id='word_1_300' title='bbox 1134 2876 1194 2928; x_wconf 89' lang='lat' dir='ltr'>spo-</span> 
     </span>
     <span class='ocr_line' id='line_1_31' title="bbox 166 2929 1193 3000; baseline 0.003 -18"><span class='ocrx_word' id='word_1_301' title='bbox 166 2931 225 2982; x_wconf 83' lang='lat' dir='ltr'>liet.</span> <span class='ocrx_word' id='word_1_302' title='bbox 240 2935 267 2982; x_wconf 86' lang='lat' dir='ltr'>et</span> <span class='ocrx_word' id='word_1_303' title='bbox 281 2943 340 2994; x_wconf 86' lang='lat' dir='ltr'>oep.</span> <span class='ocrx_word' id='word_1_304' title='bbox 355 2930 395 2993; x_wconf 74' lang='lat'>22,</span> <span class='ocrx_word' id='word_1_305' title='bbox 413 2929 447 3000; x_wconf 86' lang='lat' dir='ltr'>de</span> <span class='ocrx_word' id='word_1_306' title='bbox 460 2929 504 2980; x_wconf 82' lang='lat' dir='ltr'>oti.</span> <span class='ocrx_word' id='word_1_307' title='bbox 520 2931 546 2980; x_wconf 89' lang='lat' dir='ltr'>et</span> <span class='ocrx_word' id='word_1_308' title='bbox 562 2935 618 2996; x_wconf 75' lang='lat' dir='ltr'>pot¹</span> <span class='ocrx_word' id='word_1_309' title='bbox 629 2930 689 2995; x_wconf 89' lang='lat' dir='ltr'>jud.</span> <span class='ocrx_word' id='word_1_310' title='bbox 701 2930 753 2982; x_wconf 90' lang='lat' dir='ltr'>del.</span> <span class='ocrx_word' id='word_1_311' title='bbox 770 2931 864 2982; x_wconf 85' lang='lat' dir='ltr'>Deroti</span> <span class='ocrx_word' id='word_1_312' title='bbox 879 2931 897 2982; x_wconf 88' lang='lat' dir='ltr'>l.</span> <span class='ocrx_word' id='word_1_313' title='bbox 914 2933 937 2994; x_wconf 82' lang='lat'>3,</span> <span class='ocrx_word' id='word_1_314' title='bbox 951 2932 1024 2994; x_wconf 81' lang='lat' dir='ltr'>t‘tt,</span> <span class='ocrx_word' id='word_1_315' title='bbox 1039 2934 1052 2995; x_wconf 65' lang='grc' dir='ltr'><strong>ἕ</strong></span> <span class='ocrx_word' id='word_1_316' title='bbox 1066 2934 1090 2993; x_wconf 82' lang='lat'>7,</span> <span class='ocrx_word' id='word_1_317' title='bbox 1105 2936 1193 2986; x_wconf 85' lang='lat' dir='ltr'>innot.</span> 
     </span>
     <span class='ocr_line' id='line_1_32' title="bbox 166 3001 1194 3070; baseline 0.003 -17"><span class='ocrx_word' id='word_1_318' title='bbox 166 3017 196 3054; x_wconf 91' lang='lat' dir='ltr'>n.</span> <span class='ocrx_word' id='word_1_319' title='bbox 209 3003 234 3052; x_wconf 77' lang='lat'>2.</span> <span class='ocrx_word' id='word_1_320' title='bbox 249 3028 276 3038; x_wconf 97' lang='lat'>-</span> <span class='ocrx_word' id='word_1_321' title='bbox 291 3001 326 3064; x_wconf 79' lang='lat'>(2)</span> <span class='ocrx_word' id='word_1_322' title='bbox 341 3002 406 3064; x_wconf 88' lang='lat' dir='ltr'>Gep.</span> <span class='ocrx_word' id='word_1_323' title='bbox 424 3001 461 3056; x_wconf 83' lang='lat'>15.</span> <span class='ocrx_word' id='word_1_324' title='bbox 481 3001 514 3051; x_wconf 90' lang='lat' dir='ltr'>de</span> <span class='ocrx_word' id='word_1_325' title='bbox 536 3006 601 3054; x_wconf 88' lang='lat' dir='ltr'>rest.</span> <span class='ocrx_word' id='word_1_326' title='bbox 617 3001 724 3066; x_wconf 85' lang='lat' dir='ltr'>spoliet.</span> <span class='ocrx_word' id='word_1_327' title='bbox 734 3002 820 3052; x_wconf 88' lang='lat' dir='ltr'>Immo</span> <span class='ocrx_word' id='word_1_328' title='bbox 835 3003 914 3067; x_wconf 87' lang='lat' dir='ltr'>spolii</span> <span class='ocrx_word' id='word_1_329' title='bbox 925 3017 989 3054; x_wconf 89' lang='lat' dir='ltr'>reus</span> <span class='ocrx_word' id='word_1_330' title='bbox 1003 3009 1053 3069; x_wconf 88' lang='lat' dir='ltr'>est,</span> <span class='ocrx_word' id='word_1_331' title='bbox 1073 3005 1121 3070; x_wconf 89' lang='lat' dir='ltr'>qui</span> <span class='ocrx_word' id='word_1_332' title='bbox 1136 3019 1194 3070; x_wconf 90' lang='lat' dir='ltr'>spo·</span> 
     </span>
     <span class='ocr_line' id='line_1_33' title="bbox 167 3071 1195 3142; baseline 0.004 -19"><span class='ocrx_word' id='word_1_333' title='bbox 167 3073 235 3123; x_wconf 91' lang='lat' dir='ltr'>lium</span> <span class='ocrx_word' id='word_1_334' title='bbox 257 3074 346 3122; x_wconf 84' lang='lat' dir='ltr'>retum</span> <span class='ocrx_word' id='word_1_335' title='bbox 368 3071 473 3126; x_wconf 74' lang='lat' dir='ltr'>hebuit.</span> <span class='ocrx_word' id='word_1_336' title='bbox 499 3071 599 3136; x_wconf 82' lang='lat' dir='ltr'>quique</span> <span class='ocrx_word' id='word_1_337' title='bbox 619 3086 676 3122; x_wconf 91' lang='lat' dir='ltr'>rem</span> <span class='ocrx_word' id='word_1_338' title='bbox 700 3071 787 3136; x_wconf 86' lang='lat' dir='ltr'>spolio</span> <span class='ocrx_word' id='word_1_339' title='bbox 809 3072 929 3124; x_wconf 85' lang='lat' dir='ltr'>ebletem</span> <span class='ocrx_word' id='word_1_340' title='bbox 944 3075 1195 3142; x_wconf 79' lang='lat' dir='ltr'>seientereccepit3</span> 
     </span>
     <span class='ocr_line' id='line_1_34' title="bbox 168 3141 1195 3208; baseline 0.003 -13"><span class='ocrx_word' id='word_1_341' title='bbox 168 3143 332 3208; x_wconf 83' lang='lat' dir='ltr'>disputetur,</span> <span class='ocrx_word' id='word_1_342' title='bbox 347 3155 381 3191; x_wconf 87' lang='lat' dir='ltr'>en</span> <span class='ocrx_word' id='word_1_343' title='bbox 404 3141 501 3193; x_wconf 89' lang='lat' dir='ltr'>tertius</span> <span class='ocrx_word' id='word_1_344' title='bbox 515 3143 554 3194; x_wconf 92' lang='lat' dir='ltr'>rel</span> <span class='ocrx_word' id='word_1_345' title='bbox 570 3157 712 3207; x_wconf 89' lang='lat' dir='ltr'>possessor</span> <span class='ocrx_word' id='word_1_346' title='bbox 725 3142 758 3194; x_wconf 91' lang='lat' dir='ltr'>de</span> <span class='ocrx_word' id='word_1_347' title='bbox 778 3144 863 3206; x_wconf 89' lang='lat' dir='ltr'>spolio</span> <span class='ocrx_word' id='word_1_348' title='bbox 888 3147 1020 3196; x_wconf 88' lang='lat' dir='ltr'>teneetur.</span> <span class='ocrx_word' id='word_1_349' title='bbox 1037 3147 1135 3199; x_wconf 80' lang='lat' dir='ltr'>Deroti</span> <span class='ocrx_word' id='word_1_350' title='bbox 1148 3149 1195 3201; x_wconf 90' lang='lat' dir='ltr'>loc.</span> 
     </span>
     <span class='ocr_line' id='line_1_35' title="bbox 169 3212 1027 3278; baseline 0.001 -12"><span class='ocrx_word' id='word_1_351' title='bbox 169 3215 214 3266; x_wconf 90' lang='lat' dir='ltr'>cit.</span> <span class='ocrx_word' id='word_1_352' title='bbox 230 3212 400 3278; x_wconf 80' lang='lat' dir='ltr'>Pellegrinus</span> <span class='ocrx_word' id='word_1_353' title='bbox 414 3216 482 3278; x_wconf 87' lang='lat' dir='ltr'>pert.</span> <span class='ocrx_word' id='word_1_354' title='bbox 498 3213 523 3272; x_wconf 76' lang='lat'>2,</span> <span class='ocrx_word' id='word_1_355' title='bbox 536 3217 602 3277; x_wconf 86' lang='lat' dir='ltr'>sect,</span> <span class='ocrx_word' id='word_1_356' title='bbox 617 3215 641 3277; x_wconf 87' lang='lat'>3,</span> <span class='ocrx_word' id='word_1_357' title='bbox 657 3214 773 3265; x_wconf 87' lang='lat' dir='ltr'>subsect.</span> <span class='ocrx_word' id='word_1_358' title='bbox 790 3217 814 3278; x_wconf 84' lang='lat'>3,</span> <span class='ocrx_word' id='word_1_359' title='bbox 829 3215 877 3266; x_wconf 90' lang='lat' dir='ltr'>int.</span> <span class='ocrx_word' id='word_1_360' title='bbox 891 3213 930 3278; x_wconf 76' lang='lat'>21;</span> <span class='ocrx_word' id='word_1_361' title='bbox 945 3230 972 3266; x_wconf 90' lang='lat' dir='ltr'>n.</span> <span class='ocrx_word' id='word_1_362' title='bbox 987 3216 1027 3268; x_wconf 88' lang='grc'>30.</span> 
     </span>
    </p>
   </div>
   <div class='ocr_carea' id='block_1_6' title="bbox 171 3422 1253 3613">
    <p class='ocr_par' dir='ltr' id='par_1_6' title="bbox 171 3422 1253 3613">
     <span class='ocr_line' id='line_1_36' title="bbox 207 3422 1253 3508; baseline 0.01 -24"><span class='ocrx_word' id='word_1_363' title='bbox 207 3427 270 3484; x_wconf 82' lang='grc'>333.</span> <span class='ocrx_word' id='word_1_364' title='bbox 290 3422 437 3499; x_wconf 83' lang='lat' dir='ltr'>Spoliatus</span> <span class='ocrx_word' id='word_1_365' title='bbox 452 3429 558 3482; x_wconf 87' lang='lat' dir='ltr'>contra</span> <span class='ocrx_word' id='word_1_366' title='bbox 580 3425 758 3502; x_wconf 85' lang='lat' dir='ltr'>spoliantem</span> <span class='ocrx_word' id='word_1_367' title='bbox 778 3427 868 3487; x_wconf 84' lang='lat' dir='ltr'>habet</span> <span class='ocrx_word' id='word_1_368' title='bbox 885 3428 1048 3504; x_wconf 84' lang='lat' dir='ltr'>ectionem,</span> <span class='ocrx_word' id='word_1_369' title='bbox 1066 3439 1098 3492; x_wconf 86' lang='lat' dir='ltr'>et</span> <span class='ocrx_word' id='word_1_370' title='bbox 1112 3449 1195 3508; x_wconf 82' lang='lat' dir='ltr'>acce·</span> <span class='ocrx_word' id='word_1_371' title='bbox 1247 3433 1253 3446; x_wconf 87' lang='grc'><strong>’</strong></span> 
     </span>
     <span class='ocr_line' id='line_1_37' title="bbox 171 3510 1192 3613; baseline 0.01 -42"><span class='ocrx_word' id='word_1_372' title='bbox 171 3510 316 3586; x_wconf 88' lang='lat' dir='ltr'>ptiouem.</span> <span class='ocrx_word' id='word_1_373' title='bbox 337 3510 488 3578; x_wconf 72' lang='lat' dir='ltr'>Actionem</span> <span class='ocrx_word' id='word_1_374' title='bbox 510 3519 609 3590; x_wconf 85' lang='lat' dir='ltr'>potest</span> <span class='ocrx_word' id='word_1_375' title='bbox 627 3516 783 3613; x_wconf 67' lang='lat' dir='ltr'>instituere</span> <span class='ocrx_word' id='word_1_376' title='bbox 797 3515 925 3595; x_wconf 81' lang='lat' dir='ltr'>civitem,</span> <span class='ocrx_word' id='word_1_377' title='bbox 938 3525 971 3582; x_wconf 81' lang='lat' dir='ltr'>et</span> <span class='ocrx_word' id='word_1_378' title='bbox 993 3519 1192 3606; x_wconf 73' lang='lat' dir='ltr'>criminatus:</span> 
     </span>
    </p>
   </div>
   <div class='ocr_carea' id='block_1_7' title="bbox 0 0 1310 4080">
    <p class='ocr_par' dir='ltr' id='par_1_7' title="bbox 0 0 1310 4080">
     <span class='ocr_line' id='line_1_38' title="bbox 0 0 1310 4080; baseline 0 0"><span class='ocrx_word' id='word_1_379' title='bbox 0 0 1310 4080; x_wconf 95' lang='lat' dir='ltr'> </span> 
     </span>
    </p>
   </div>
  </div>
 </body>
</html>
