2426 4070
480 157 623 213 ..pq-

60 276 98 338 nis
108 293 141 338 ea
155 293 226 339 esso
237 277 366 352 videtur,
383 277 453 356 quia
463 277 513 355 qui
525 295 586 339 non
601 279 759 352 consentit,
770 275 842 338 nihil
856 277 927 355 agit,
940 278 1012 338 dum
1026 275 1077 354 qui

60 367 193 427 consentit
212 367 243 426 ni
260 367 395 440 vetitum,
421 369 498 428 male
520 367 581 443 agit
602 371 653 440 (³).
675 367 789 427 Idcirco
809 366 834 426 si
854 366 1075 427 matrimonium

57 454 164 515 volitum
173 456 217 515 oh
230 455 530 538 consanguinitatem,
541 457 780 530 affinitatem,vel
788 455 867 516 aliud
878 455 1074 532 impedimen·

56 550 118 617 tum,
131 551 161 604 et
186 544 280 604 etiam
299 546 339 605 ob
359 544 628 606 clandestinitatem
648 547 762 605 nullum
775 545 823 618 sit,
837 545 1075 621 adhucpublieae

55 630 205 692 honestatis
220 632 465 710 impedimentum
475 632 564 710 parit.
588 637 707 694 cenum
719 631 846 709 proinde
864 633 992 707 videtur,
1014 649 1075 694 ma-

60 719 180 780 trimonia
202 721 266 795 illa,
290 739 356 798 quae
371 721 409 780 ad
434 721 562 782 formam
585 719 698 780 codicis
717 720 810 781 civilis
833 726 1024 795 Francorum,
1045 727 1076 782 et

60 807 165 868 aiamm
180 807 342 869 nationum
361 809 475 884 absque
489 809 615 869 Perochi
628 809 788 886 praesentia
811 825 913 870 coram
936 810 1073 870 ministro

58 897 123 958 civili
134 899 367 972 contrahuntur,
384 898 534 975 publicam
547 898 670 976 gignere
685 899 881 974 honestatem,
896 917 963 977 quae
978 916 1074 977 usque

55 987 86 1046 ad
97 996 239 1064 quartum
252 988 380 1064 gradum
389 988 569 1050 extendatur
584 991 595 1060 (
615 993 636 1060 ).

82 1127 113 1191 (1)
125 1127 176 1179 cit·
194 1126 255 1179 hut.
269 1127 310 1179 nd
320 1125 480 1180 homonum.
493 1153 524 1164 -
538 1127 573 1192 (i)
588 1126 652 1192 Gap.
666 1127 738 1179 unic.
752 1125 786 1180 de
799 1141 891 1192 spons.
907 1128 936 1180 in
949 1128 974 1180 it.
991 1153 1021 1168 -
1037 1128 1075 1194 (3)

56 1197 121 1250 cirea
135 1199 187 1251 hoc
202 1204 294 1250 tamma
308 1199 466 1260 notandum,
476 1199 547 1266 quod
560 1199 919 1264 matrimoninimpubemm,
930 1213 990 1266 qun
1000 1199 1075 1253 nulla

55 1275 109 1321 sunt
124 1271 157 1322 oh
173 1271 313 1322 deiectum
333 1269 422 1320 aetatis
438 1274 464 1320 et
478 1270 558 1320 etiam
572 1269 646 1335 pleni
661 1283 818 1330 consensus,
834 1271 926 1322 velent
937 1275 1076 1338 tamquem

57 1342 183 1406 sponsalia
192 1342 228 1392 de
239 1341 330 1392 futuro
342 1360 350 1402 3
364 1353 396 1392 ac
410 1340 523 1404 proinde
536 1353 571 1392 ex
582 1341 625 1392 his
641 1341 728 1392 oritur
736 1341 853 1405 puhlicre
866 1343 1014 1394 honestatis
1025 1343 1075 1394 im·

57 1413 234 1475 pedimentum
250 1413 284 1464 ad
298 1412 416 1479 primum
431 1411 554 1476 gradum.
569 1412 636 1464 Haec
651 1418 693 1463 cst
704 1415 826 1478 exceptio
841 1418 899 1466 tum
913 1415 1076 1479 asponsali·

57 1483 101 1536 hus
117 1486 211 1547 nullis,
228 1499 300 1551 quae,
315 1488 345 1536 ut
367 1483 495 1542 diximus,
517 1497 571 1536 non
592 1483 709 1536 afferunt
724 1484 945 1550 impedimentum
960 1485 1077 1551 publices

58 1553 207 1618 honestatis,
222 1561 281 1606 tum
299 1569 315 1606 a
328 1555 499 1606 matrimonio
514 1556 548 1608 ob
558 1556 693 1607 deiectum
708 1569 864 1616 consensus,
877 1558 905 1610 in
920 1561 1018 1624 quo,ut
1032 1556 1076 1610 hio

59 1625 172 1688 dicimus,
184 1627 297 1693 publica
311 1627 440 1678 honestas
456 1640 508 1677 non
520 1627 617 1690 oritur,
631 1627 695 1692 quia
709 1627 737 1678 in
749 1627 871 1680 hoooosu
884 1629 924 1680 sic
940 1629 982 1680 lex
991 1627 1076 1681 eccle·

59 1697 157 1750 siastica
173 1699 303 1762 disponit.
323 1697 388 1763 Cap.
404 1697 442 1756 tt,
459 1697 585 1762 despons‚
601 1697 703 1764 impub,
720 1702 746 1750 at
769 1712 828 1766 nep.
849 1700 920 1752 unic.
936 1701 949 1765 fl
968 1702 993 1764 t,
1016 1699 1077 1752 eod.

59 1767 116 1820 ue.
131 1799 159 1808 -
171 1770 209 1836 (i)
223 1769 250 1821 S.
265 1770 306 1822 De
318 1769 809 1837 ntssoriot.s,n.1oet.et1aqueux
829 1771 863 1826 de
883 1775 962 1824 metr.
975 1785 1004 1823 n.
1019 1771 1075 1824 tit.

89 1951 153 2007 tet.
175 1948 233 2008 Sed
248 1944 320 2024 quid
334 1946 502 2022 dicendum,
524 1947 550 2006 si
570 1946 636 2024 quis
659 1963 735 2023 pum
756 1949 908 2025 sponsalia
921 1949 959 2009 de
976 1947 1076 2009 tuturo

61 2038 208 2098 contrahat
219 2053 290 2098 cum
303 2036 384 2110 Titia,
400 2042 431 2097 ct
442 2037 550 2098 deinde
564 2037 714 2096 cumcuin
729 2039 796 2114 aius
807 2055 912 2099 sorore
926 2036 1076 2097 matrimo-

61 2125 156 2187 nium?
178 2126 419 2203 Respondemus,
440 2127 499 2186 hoc
514 2125 748 2200 matrimonium,
769 2128 809 2188 oh
834 2127 1078 2204 impedimentum

63 2216 178 2290 puhlicoe
191 2215 355 2276 honestatis
372 2216 410 2274 ab
422 2214 665 2276 antecedentibus
681 2218 870 2293 sponsalibus
883 2223 995 2289 ortum,
1009 2231 1077 2276 esse

64 2306 176 2366 nullum.
192 2311 227 2366 m
241 2305 423 2364 contrahens
440 2303 581 2364 inutiliter
588 2305 664 2363 'orm
682 2304 749 2364 Gaia
768 2311 835 2380 post
855 2304 1078 2366 matrimonium

66 2409 125 2454 eum
132 2396 196 2472 ipsa
206 2400 384 2454 attentatum
398 2399 496 2470 potest
506 2393 605 2452 adhuc
618 2409 745 2454 uxorem
754 2394 867 2453 ducere
880 2393 983 2454 Titiam
994 2393 1078 2469 prius

67 2481 112 2541 sihi
122 2484 342 2561 desponsatam,
364 2483 444 2543 eirca
456 2497 545 2558 quam
557 2482 685 2558 publice
698 2481 863 2542 honestatis
881 2481 1078 2557 impedimen·

68 2576 230 2634 hrmortum
242 2589 285 2633 ex
302 2574 383 2632 iacto
398 2571 577 2632 matrimonii
589 2588 660 2632 oum
676 2572 743 2632 caia
760 2572 877 2640 nullum
897 2569 986 2629 hahet
1005 2571 1078 2630 elie·
1131 2583 1134 2590 ·

68 2667 142 2735 ctum,
151 2663 221 2723 licet
234 2677 340 2722 omnes
353 2661 426 2720 aliae
434 2661 513 2721 Titiae
523 2659 759 2736 consanguineae
770 2675 867 2736 usque
881 2659 920 2718 ad
931 2665 1076 2734 quonum

69 2751 178 2821 gadim
188 2750 299 2811 afficiat
312 2755 367 2823 ll).
383 2749 517 2809 iiiximus
528 2765 608 2826 porro
620 2749 781 2824 sponsalia,
804 2747 912 2824 quiesi
929 2745 1079 2808 conditio-

69 2844 124 2898 nata
133 2840 230 2900 locent
243 2845 313 2899 ante
324 2844 463 2898 eventum
474 2837 650 2898 conditionis
665 2844 759 2897 staret
771 2836 992 2897 matrimonium
1006 2853 1077 2898 oum

72 2926 125 2986 teia
136 2934 334 3000 contractum,
357 2926 426 3004 quia
449 2943 488 2986 ex
509 2925 718 2986 conditionalis
739 2925 929 3002 sponsalibus
949 2926 1079 3003 publices

71 3011 216 3077 honmmtis
244 3015 507 3093 impedimentum,
536 3013 593 3075 nisi
621 3013 779 3092 adimpleta
806 3014 988 3090 conditione,
1015 3031 1078 3075 non

74 3103 151 3164 oritur
161 3109 212 3181 (2).
424 3117 426 3122 ·
1090 3131 1095 3142 ·

95 3240 123 3307 (l)
134 3243 206 3298 italio
217 3249 270 3305 est,
284 3243 350 3310 quio
363 3242 586 3309 impedimentum
599 3241 716 3308 puhlicae
734 3242 882 3294 honestatis
895 3256 949 3294 non
963 3239 1020 3308 opit
1032 3253 1077 3292 re-

75 3312 211 3382 inertiam
229 3317 394 3374 notavimus,
412 3313 514 3366 sedhic
526 3313 701 3381 supponimus
718 3313 821 3364 nullam
833 3313 1018 3366 intercessisse
1032 3323 1078 3361 co·

74 3383 158 3506 pulsem,
170 3389 237 3442 alias
252 3389 343 3441 locum
356 3386 469 3438 heberet
483 3385 606 3437 affinitas.
621 3411 647 3423 -
661 3384 696 3449 (i)
711 3383 762 3436 Cit.
779 3397 838 3452 cap.
855 3375 926 3436 uni'c.
938 3381 972 3434 de
984 3393 1077 3448 spons.

84 3466 97 3506 n
121 3496 126 3508 .
