2410 4068
568 149 729 210 420-

135 275 201 327 item
215 273 557 340 superincompatibilitste
576 274 679 326 ratione
700 272 863 326 mallentin.
886 272 950 338 Cup.
969 271 1013 330 28,
1024 270 1058 324 tle
1071 273 1158 338 prat..

136 345 189 396 Sed
203 345 231 396 in
243 345 320 410 praxi
333 357 482 409 numquam
496 345 654 412 dispensare
669 343 747 408 solet,
757 343 857 410 ut'quis
871 343 987 396 retineat
1000 341 1067 396 duos
1079 357 1152 396 eano-

135 416 241 466 nicatus
256 415 283 465 in
298 415 413 467 diversis
427 415 558 479 ecclesiis,
576 417 643 468 duas
658 415 786 468 ecclesias
799 414 979 480 parochiatae,
994 414 1036 466 val
1049 416 1149 466 canoni-

135 489 300 536 catumeum
317 485 461 546 parochia;
476 487 522 538 sed
542 501 603 538 curn
619 487 669 538 hoc
682 487 762 538 modo
776 486 924 552 dispensat,
940 485 1111 538 residentiam
1128 488 1151 536 in

135 557 265 622 parochia
275 557 439 622 injungitut
449 559 599 611 sancivitS.
609 559 675 608 Pius
685 558 714 608 in
724 557 800 608 bulla
813 557 898 633 relata
907 555 1040 622 alliganti
1054 557 1101 608 loc.
1112 558 1152 609 cit.

135 640 163 679 n.
172 628 210 678 tt.
221 625 301 678 tusto
315 628 419 680 rationo
432 642 554 680 summus
565 629 687 680 Pontifex
701 641 784 694 super
797 629 992 680 beneficiorum
1003 629 1151 694 insumpsit

134 697 239 750 bilitate
253 698 393 764 dispensat
404 700 437 749 iis
448 699 474 750 iu
487 701 653 764 regionibus,
665 699 693 750 in
703 700 803 764 quibus
812 700 931 752 haereses
942 699 1152 762 dominantur,et

134 768 197 820 boni
211 769 328 820 ministri
347 769 485 834 deliciunt,
508 773 573 836 quie
593 771 631 822 ibi
651 771 757 836 probati
774 770 891 820 ministri
914 772 1096 834 requiruntur,
1110 771 1151 822 ubi

134 840 250 891 ministri
265 839 366 891 diaboli
381 841 475 894 turbas
489 841 524 892 erl
542 855 649 894 ornnem
666 855 786 892 errorem
802 841 930 893 excitant.
944 841 995 904 (ld.
1016 843 1053 892 ib.
1067 855 1093 892 n.
1107 843 1151 906 53.)

134 911 274 969 Similiter,
288 917 315 963 et
328 925 345 962 a
360 913 462 964 lortiori
476 913 551 964 solus
566 915 639 976 Papa
653 913 793 977 dispensat
806 926 891 978 saper
910 911 1151 978 incompatibilitote

133 982 326 1106 {scanciarum
340 985 445 1038 ratione
456 985 638 1038 consistentis
653 984 704 1036 sub
719 983 814 1037 eodem
825 987 942 1048 iectast
956 984 1149 1037 conformitatis.

170 1093 176 1105 .
191 1054 228 1107 ib.
238 1069 265 1106 n.
280 1055 332 1108 126.

168 1241 231 1298 525.
254 1241 297 1296 Ex
316 1237 451 1312 pluribus
471 1236 731 1297 constitutionibus
745 1237 913 1312 poenalibus
928 1244 1035 1298 contra
1048 1237 1151 1298 benefi-

133 1324 180 1384 cia
205 1325 434 1401 incompatibilia
450 1325 612 1386 retinentes
632 1325 757 1388 diversis
775 1325 960 1401 temporibus
973 1327 1013 1386 ab
1030 1328 1152 1388 Ecclesia

133 1415 329 1490 promulgatis
342 1419 383 1486 (t)
401 1415 467 1475 haec
484 1413 703 1490 generatiserui
715 1421 814 1489 potest
828 1413 993 1489 conclusio,
1009 1415 1149 1487 nimiunn,

134 1502 185 1578 qui
200 1503 303 1578 recipit
316 1505 481 1564 secuudum
497 1503 674 1564 beneficium
689 1519 757 1563 eum
771 1501 869 1579 primo
881 1505 1152 1580 quomodocumque

132 1590 365 1667 incompatibile,
380 1599 450 1670 post
463 1593 601 1668 adeptam
615 1591 740 1652 secundi
754 1594 910 1665 actualem,
925 1593 1055 1670 plenam,
1067 1597 1095 1653 et
1108 1610 1152 1668 pa-

133 1678 249 1738 cilloam
263 1681 493 1755 possessionem,
506 1690 635 1757 utroque
653 1681 787 1756 privatur
807 1680 873 1768 ipso
884 1681 967 1756 jure3
982 1699 1020 1741 ac
1033 1681 1152 1758 primun

132 1768 309 1844 regulariter
324 1787 379 1844 per
399 1770 579 1846 Episcopum
601 1770 816 1830 conterendum
834 1776 889 1843 est,
910 1769 983 1828 dum
997 1771 1152 1830 secundnm
1198 1793 1199 1796 ¹

132 1866 233 1918 manet
249 1863 277 1918 S.
293 1858 361 1918 sedi
374 1867 569 1934 reservatum,
582 1859 651 1936 qnia
665 1859 695 1918 in
709 1859 833 1919 secundi
845 1863 960 1918 tanturn
975 1859 1152 1920 assecutione
1198 1873 1199 1882 ¹

132 1947 326 2010 beneficiatus
339 1945 371 2008 iu
394 1949 483 2023 culpa
500 1948 565 2023 luit,
582 1947 755 2024 crimenque
769 1949 896 2028 patravit
910 1951 960 2019 (t).
978 1952 1050 2008 Gom
1062 1956 1151 2008 tamen

132 2035 297 2112 Episcopus
309 2036 439 2110 primum
452 2037 632 2098 beneficium
645 2037 774 2113 cuipiam
788 2035 955 2109 contulerit,
967 2036 1016 2096 hio
1027 2035 1058 2096 in
1071 2038 1151 2098 bene·

132 2123 191 2182 licii
204 2123 424 2200 possessionem
439 2123 556 2186 immitti
575 2125 687 2201 nequit,
702 2125 758 2186 uisi
767 2126 867 2185 ‘citato
879 2131 909 2184 et
922 2124 1023 2185 audito
1037 2127 1150 2202 antiqno

130 2228 317 2287 possessore,
335 2213 385 2288 qui
399 2221 502 2289 posset
524 2214 633 2290 aliquid
659 2213 857 2291 praejndiciaie
881 2215 999 2287 offerre,
1026 2213 1069 2274 uti
1084 2216 1151 2274 foret

131 2300 281 2362 Ponticis
295 2301 488 2378 dispensatio,
501 2310 553 2362 aut
566 2302 683 2362 nullitas
696 2303 782 2378 tituli,
794 2303 842 2364 cui
856 2320 911 2378 pro
921 2304 1054 2364 secundo
1068 2304 1149 2363 bene

131 2389 198 2449 licio
212 2389 355 2461 inrutitur,
372 2391 441 2467 quia
456 2408 545 2452 nemo
570 2391 729 2465 inauditus,
748 2400 780 2453 et
793 2392 857 2452 sine
875 2408 974 2452 causae
990 2393 1150 2468 cognitione
1197 2399 1198 2428 i

130 2494 185 2538 sna
205 2479 405 2555 possessione,
426 2481 475 2540 vel
496 2479 582 2554 quasi
607 2478 726 2554 spoliari
742 2486 841 2555 potest
860 2484 910 2551 (3).
941 2479 1067 2539 Pacillca
1084 2493 1147 2537 vero

129 2569 282 2643 possessio
304 2570 429 2630 secundi
441 2567 577 2630 beneficii
592 2585 631 2629 ex
649 2575 734 2644 parte
749 2568 897 2628 temerarii
910 2567 1074 2628 detentoris
1088 2574 1149 2625 tunc

130 2659 443 2734 apprehensadicitur,
454 2658 602 2735 cumipse
617 2677 656 2720 ex
670 2657 801 2733 legitimo
815 2657 898 2718 titulo
912 2657 942 2716 in
957 2657 1092 2718 eamdem
1103 2669 1149 2730 per

128 2746 288 2808 habentem
301 2755 478 2824 potestatem
486 2748 636 2810 immissus
647 2749 711 2820 fnit,
721 2747 752 2806 in
762 2763 857 2822 eaque
866 2764 921 2823 per
934 2746 1064 2808 duorum
1076 2760 1148 2804 men-

129 2835 206 2895 sium
216 2837 343 2910 spatium
355 2838 419 2895 sine
429 2838 616 2910 molestiam
626 2835 830 2897 controversie
837 2836 922 2912 juris,
932 2837 980 2896 vel
989 2835 1069 2910 lacti,
1078 2835 1106 2893 in
1111 2834 1149 2909 ju·
1196 2869 1197 2878 ι

129 2921 218 2996 dicio,
235 2925 282 2984 vel
302 2930 397 2992 extra,
413 2931 493 2984 tutos
506 2926 624 2986 mansit.
643 2930 771 3000 Tempus
785 2925 913 2984 duorum
925 2923 1073 2984 mensium
1087 2923 1147 2982 ideo
1196 2925 1197 3004 ,

130 3011 314 3083 conceditur,
329 3017 362 3070 ut
375 3011 568 3074 beneficiatus
582 3019 670 3090 queat
685 3011 825 3088 experiri,
841 3030 879 3072 an
891 3012 929 3074 sit
942 3012 999 3072 sibi
1016 3011 1147 3088 imposte·
1196 3005 1197 3053 i

128 3115 197 3160 rum
210 3099 332 3160 secundi
344 3099 481 3160 beneficii
494 3101 607 3161 stabilis
617 3109 646 3162 ot
660 3102 747 3162 firme
760 3102 858 3162 lutura
873 3100 1025 3178 possessio
1040 3105 1050 3172 (
1070 3107 1089 3174 ).

161 3253 196 3319 (l)
205 3254 315 3319 Rigauti
329 3254 378 3305 loc.
395 3255 439 3305 cit,
453 3263 483 3305 ιιο
500 3255 552 3307 tto.
567 3283 593 3292 -
605 3256 642 3320 (2)
654 3255 729 3308 Trici.
745 3269 812 3307 sess.
825 3255 850 3319 t,
865 3269 890 3307 c.
902 3257 927 3319 t,
941 3256 975 3308 de
988 3257 1038 3308 rel.
1048 3259 1075 3308 et
1086 3265 1146 3306 sess.

129 3325 170 3389 24,
189 3341 212 3378 c.
235 3326 271 3378 tr.
291 3325 383 3378 Verba
406 3326 587 3378 conclusionis
604 3332 671 3378 sunt
687 3331 813 3378 accurate
831 3327 1002 3378 observanda
1018 3347 1025 3378 ε
1041 3327 1147 3378 diximus
1195 3391 1196 3400 ἵ

130 3400 188 3461 post
202 3397 330 3462 adeptam
350 3396 461 3447 secundi
481 3397 607 3450 beneficii
630 3397 848 3462 possessiouem
871 3411 935 3448 narn
956 3403 1019 3450 ante
1032 3398 1148 3462 suaptim
1195 3401 1196 3454 ζ

130 3468 341 3530 possessionem,
355 3467 461 3517 etiarnsi
470 3468 533 3531 quis
546 3469 628 3520 luerit
642 3467 676 3519 de
685 3469 817 3521 beneflcio
827 3469 960 3534 provisus,
973 3483 1056 3535 prena
1067 3467 1149 3536 priva·
1195 3461 1196 3490 ³

131 3538 212 3587 tionis
232 3549 286 3587 non
306 3537 462 3600 incurritur,
480 3537 554 3603 quia,
569 3543 599 3588 ut
616 3539 655 3589 ait
672 3539 825 3604 Fognenus,
843 3540 1083 3607 incompatmitltes
1100 3547 1148 3590 non
1195 3491 1196 3577 i
