2560 4080
509 177 671 238 -mr-

77 301 157 361 ricoa
172 301 337 378 regulares,
352 317 389 361 ac
402 301 562 361 saeculares
583 301 612 360 in
636 300 822 362 consultores
836 302 887 372 (2).
907 299 1101 361 1161111611-

76 395 137 450 tem
148 390 240 450 finem
253 390 307 450 fuit
329 389 472 464 instituta,
485 396 518 449 ut
532 389 621 450 fldem
642 389 822 450 catholicam
845 389 991 465 integram
1006 388 1103 447 invio·

75 480 225 555 latamque
247 485 352 538 contra
371 478 530 554 impiorum
545 485 673 538 conatus
694 478 725 536 in
739 483 803 537 toto
818 477 930 537 mundo
947 481 1100 537 servaret:

75 567 156 628 unde
171 567 294 644 judicat,
309 574 339 627 et
352 584 458 642 poenas
471 567 574 642 infligit
587 567 617 626 in
632 567 770 627 omnibus
785 566 967 640 criminibus,
982 583 1049 642 quae
1064 564 1103 624 ed

74 655 166 716 fldem
179 662 324 733 spectant,
343 662 377 716 ut
397 656 434 714 de
447 649 564 729 haeresi,
581 656 618 715 de
636 654 807 730 suspicione
820 653 952 728 haeresis,
968 655 1006 714 de
1024 653 1103 714 schi-

74 751 182 819 smate,
197 744 235 805 de
254 743 415 820 apostasia,
430 743 468 803 de
483 743 578 803 abusu
600 748 871 816 sacramentorum,
888 743 925 802 de
939 743 1100 818 sortilegio,

75 833 183 909 magia,
199 839 229 892 et
251 832 521 908 superstitionibus,
537 833 575 892 de
597 832 777 908 polygamia,
800 838 830 893 et
853 832 892 892 de
913 831 1103 892 matrimonio

75 929 231 984 contracto
245 923 284 982 ab
306 921 354 994 iis,
367 921 418 998 qui
431 923 479 982 vel
497 939 550 999 per
564 921 702 981 ordinem
720 938 851 996 sacrum,
864 923 914 982 vel
932 927 1105 997 pernotum

75 1011 250 1088 religiosum
263 1011 440 1072 contrahere
455 1010 660 1088 prohibentur,
674 1011 712 1070 de
726 1009 933 1071 sollicitatione
945 1010 975 1068 in
987 1010 1105 1070 confes·

75 1099 170 1174 sione,
186 1100 225 1160 de
238 1099 437 1160 celebratione
450 1098 544 1160 tlissae
558 1100 596 1162 ab
610 1117 658 1176 eo,
674 1098 725 1178 qui
739 1099 881 1162 sacerdos
902 1115 965 1160 non
979 1104 1035 1174 est,
1049 1098 1101 1160 de·

76 1206 137 1266 que
148 1188 302 1250 similibus.

107 1334 142 1398 (l)
160 1334 211 1384 Hic
228 1333 350 1386 efformet
368 1347 525 1400 processum
542 1335 570 1388 S.
593 1335 801 1400 congregationi
819 1335 1049 1402 presentandum.
1073 1361 1101 1374 -

78 1405 353 1471 (1)(1116161111116111,
371 1419 488 1468 causum,
503 1411 530 1458 61
543 1406 682 1460 ministros
697 1407 800 1472 primos
811 1405 894 1472 hujus
908 1409 934 1460 S.
951 1407 1101 1472 congrega·

75 1477 158 1529 tionis
171 1476 258 1528 rideri
271 1481 361 1542 potest
371 1477 450 1530 card.
465 1479 504 1530 De
513 1479 586 1530 Luca
599 1479 628 1529 in
640 1477 717 1530 relat.
731 1478 808 1530 Rom.
822 1477 885 1531 cur.
899 1478 965 1530 disc.
986 1479 1023 1530 u.

114 1675 177 1732 916.
203 1676 308 1735 causat
328 1689 395 1748 quae
417 1672 535 1732 abhoc
557 1689 645 1734 sacro
668 1672 806 1734 tribunali
828 1673 1009 1734 deliniuntur
1030 1669 1116 1734 tauti'

76 1766 148 1820 sunt
159 1761 312 1834 momenti,
333 1767 366 1821 ut
386 1767 495 1852 praeter
507 1769 677 1822 accuratam
695 1779 854 1838 processus
867 1762 1104 1824 efformationem

71 1849 154 1924 justa
168 1866 324 1928 sacrorum
342 1867 492 1909 canonum
501 1850 726 1926 dispositionem
737 1851 767 1929 in
782 1851 880 1911 causis
892 1851 1102 1924 criminalibus,

73 1943 138 1996 tres
152 1937 327 2014 regulariter
352 1938 484 2014 requirat
506 1938 749 2014 congregationis
772 1948 938 2000 conventus
953 1958 961 1998 :
976 1955 1105 2015 quorum
1199 1971 1203 1986 ι

74 2025 136 2086 duo
145 2027 234 2103 primi
247 2028 434 2103 appellantur
442 2027 656 2103 praeparatorii,
666 2034 696 2088 et
705 2027 825 2088 ultimus
836 2029 992 2104 generalis,
1001 2028 1032 2087 in
1043 2047 1103 2105 quo

73 2105 273 2176 sententiaeb
286 2116 353 2193 ipso
367 2134 485 2197 summo
506 2117 647 2177 Pontiflce
670 2118 830 2193 profertur.
853 2117 950 2178 Prima
974 2122 1102 2194 congre-

73 2204 156 2280 gatio
171 2205 288 2280 cogitur
300 2205 375 2265 16116
392 2206 524 2265 secunda
545 2207 575 2264 in
597 2205 752 2281 palatios.
775 2206 870 2266 Officii
889 2223 983 2283 prope
1003 2207 1105 2266 Basili-

74 2310 145 2354 cam
159 2293 339 2369 Vaticanam,
354 2295 403 2355 cui
423 2295 573 2356 intersunt
590 2294 811 2357 commissarius
831 2301 860 2356 S.
882 2294 986 2370 officii,
1007 2313 1104 2356 asses-

62 2383 137 2456 Ι161,
151 2384 347 2456 consultores,
368 2384 488 2458 fiscalis,
504 2384 647 2458 notarius,
671 2391 701 2444 et
724 2383 772 2444 elii
794 2383 949 2444 inferiores
966 2384 1102 2445 ministri.

74 2477 110 2533 ln
123 2472 181 2531 hec
196 2472 430 2548 congregatione
444 2490 606 2548 processus
626 2472 787 2533 criminalis
799 2471 915 2549 legitur,
929 2489 966 2532 ac
987 2471 1102 2548 litterae,

75 2565 107 2620 et
121 2559 280 2622 relationes
298 2560 523 2638 episcoporum,
538 2561 722 2639 aliorumque
737 2563 877 2623 localium
895 2560 1106 2638 Inquisitorem

78 2653 193 2708 attente
213 2650 460 2724 perpenduntur:
476 2666 587 2710 nomen
608 2657 708 2710 tamen
727 2650 781 2724 rei,
803 2657 833 2711 et
851 2665 955 2710 omnes
978 2649 1105 2711 circum·

80 2735 209 2810 stantiae,
225 2755 293 2814 quae
306 2755 392 2798 reum
407 2746 534 2816 possunt
546 2739 747 2812 manifestare,
762 2756 802 2798 611
814 2738 959 2804 industria
972 2739 1112 2816 prudenti

78 2832 222 2902 teguntur
236 2826 372 2902 silentio,
394 2834 424 2887 61
437 2827 477 2889 116
499 2835 618 2888 maturo
633 2827 771 2888 examine
786 2826 887 2887 omnia
901 2827 1110 2902 discutiuntur,

75 2930 113 2974 ac
126 2915 371 2976 determinantur.
394 2916 531 2977 Secunda
547 2917 741 2992 congregatio
757 2916 874 2992 cogitur
887 2915 1023 2992 sequenti
1036 2916 1110 2978 16116

77 3010 186 3078 quarta
212 3002 243 3064 in
271 3012 425 3065 conventu
451 3004 568 3065 Ordinis
596 3010 626 3065 S.
655 3003 801 3065 Dominici
827 3021 922 3080 prope
953 3005 1111 3066 ecclesiam

77 3096 111 3152 S.
129 3092 228 3152 ilariae
243 3109 334 3171 supra
353 3094 512 3154 ltinervam
527 3093 555 3154 in
575 3093 649 3153 aulis
662 3094 701 3154 ed
723 3094 753 3154 id
774 3093 938 3169 destinatis,
957 3094 1111 3155 6111111161-

75 3175 151 3240 sunt
166 3183 344 3243 cardinales.
361 3188 393 3243 ln
407 3183 464 3243 hac
479 3181 715 3259 congregatione
730 3199 864 3244 assessor
876 3185 998 3259 iactum,
1013 3190 1044 3243 et
1057 3200 1109 3243 ne·

76 3269 203 3344 gotium
224 3273 326 3346 refert,
348 3289 525 3348 processum
547 3289 615 3332 cum
634 3270 749 3346 litteris,
770 3280 801 3333 et
816 3272 1009 3334 relationibus
1028 3273 1109 3348 legit,

77 3357 249 3422 cardinales
269 3359 399 3421 interae
421 3378 544 3424 causam
564 3360 737 3436 discutiunt,
762 3377 798 3421 ac
817 3367 922 3438 postea
945 3361 983 3421 ad
996 3359 1110 3421 discus·

77 3447 197 3508 sionem
220 3449 379 3510 admittunt
401 3451 602 3522 consultores,
625 3449 676 3527 qui
695 3450 779 3528 prius
797 3451 974 3512 assistebant
994 3451 1111 3512 11161116

75 3537 231 3614 exteriori,
255 3555 361 3606 eorum
379 3540 504 3602 audiunt
526 3539 685 3604 consilium
706 3547 758 3603 aut
775 3546 893 3618 votum,
911 3546 942 3602 ct
959 3535 1112 3618 negotium
