2524 4080
550 238 553 242 -
604 196 767 254 -lll'-

170 315 197 380 l,
215 317 265 382 17.
281 317 310 368 ln
322 319 379 368 not.
393 318 417 368 3.
430 341 462 358 ·-
474 315 511 381 (l)
526 317 591 384 Cep.
611 317 649 382 ll,
665 317 699 369 de
711 315 821 384 probet.
836 343 864 356 -
882 316 916 381 (5)
929 314 1002 370 Trici.
1019 327 1079 366 sess.
1092 315 1127 379 tt,
1139 327 1159 366 e.
1247 369 1248 376 χ

169 387 208 448 tu,
225 387 260 440 cle
271 387 319 440 rel.
335 413 367 426 -
380 387 412 450 (6)
426 387 552 440 neonus
568 392 596 440 et
607 387 786 441 concellarius
799 401 859 440 cunr
873 393 978 440 creetur
988 387 1074 451 lurore
1084 385 1160 437 solet:

166 478 177 506 ι
199 459 224 509 l·
240 457 313 524 quod
327 458 450 510 oonlloiet
469 458 657 522 instrumente,
670 459 705 511 de
718 457 819 524 quibus
837 459 918 511 luerit
932 461 1046 524 rogetus,
1057 456 1159 507 nilrori-
1247 453 1248 456 ’

173 545 185 574 ι
203 529 267 580 totis
281 529 403 591 terentio,
416 528 460 580 rel
476 529 602 582 falsitatis
613 530 764 589 miscendor
776 532 803 582 i·
815 529 888 595 quod
897 543 950 580 non
962 527 1093 590 rerelsbit,
1104 525 1162 592 qood

170 619 181 647 ι
200 599 256 650 sibi
270 604 374 651 secreto
388 600 560 652 commissum
580 602 671 666 merit,
690 603 744 656 nisi
761 604 837 667 jnstn
849 601 882 652 de
896 613 994 660 couso3
1008 599 1032 650 3⁶
1045 597 1108 664 qnod
1121 610 1166 648 non

169 687 180 718 ι
204 671 329 722 oonllolet
350 671 467 722 scienter
486 671 595 736 aliquod
614 674 822 725 instrumentum
845 672 879 724 de
902 674 1037 724 contractu
1050 667 1166 722 osorerio.
1247 693 1248 714 i

167 759 179 789 ι
201 755 252 793 nec
267 740 301 793 de
313 741 366 794 elio
380 743 476 808 quovis
494 743 604 804 illicito;
621 744 647 795 l·
665 745 737 809 quod
751 743 878 796 retinebit
895 743 929 794 ds
946 740 1065 793 omnibus
1081 740 1168 790 instru-

171 831 183 859 ι
203 811 330 864 mentis...
350 826 412 878 quse
435 812 549 873 dederit.
570 817 714 880 regestum,
738 829 787 867 seu
806 813 999 882 protocollum;
1015 813 1039 862 5ο
1051 811 1114 876 quod
1126 809 1168 860 erit

165 894 176 922 ⁸
202 882 291 935 fidelis
306 883 342 948 el,
357 897 374 934 e
396 896 449 950 quo
472 884 524 936 linit
537 889 644 937 creatus
667 886 795 950 noterius,
810 889 836 937 et
849 884 1002 936 admonebit
1017 895 1075 933 sum
1091 881 1119 932 de
1130 879 1166 941 iis,

167 970 179 998 ι
199 967 260 1020 ques
273 953 382 1006 sciverit
395 954 423 1016 in
435 956 495 1020 ejus
509 954 637 1007 domnum
647 969 772 1022 verger03
784 957 809 1008 6⁰
822 955 894 1021 quod
905 954 980 1006 nullo
989 952 1101 1015 odio,vel
1111 963 1167 1002 omo·

167 1043 179 1072 e
199 1038 238 1084 re,
253 1037 311 1090 spe,
328 1024 370 1076 vel
391 1026 488 1077 timore
508 1025 595 1078 officio
612 1041 661 1079 suo
683 1029 819 1080 abutetur.
837 1043 849 1072 ι
864 1025 986 1077 Ferraris
1003 1023 1081 1076 verbo
1098 1019 1167 1074 Noto·

171 1093 271 1216 riutln.
287 1094 308 1146 l.
325 1095 377 1150 Sed
389 1097 417 1150 in
430 1110 529 1162 genero
540 1097 607 1152 sotis
620 1101 670 1162 est,
684 1099 708 1150 si
715 1100 799 1164 J'uret,
813 1112 843 1150 se
858 1095 973 1150 officium
984 1109 1061 1148 suurn
1072 1091 1169 1146 fideliter

172 1167 227 1232 imp
239 1171 353 1220 uturum.

201 1297 264 1354 763.
287 1294 330 1356 to
355 1295 500 1374 judicium
522 1297 650 1374 (lenique
668 1298 819 1358 concurrit
836 1301 955 1370 Cursor,
977 1295 1039 1356 sive
1057 1288 1170 1354 Nunnius
1247 1367 1249 1384 ἲ

168 1382 232 1443 sive
246 1384 413 1460 Apponitur,
428 1385 509 1461 quod
526 1384 605 1446 idern
623 1396 719 1448 sonat.
739 1392 846 1446 Cursor
864 1384 978 1462 estqui
996 1384 1168 1458 citoipartes,
1248 1391 1249 1416 ³

167 1476 201 1532 ut
215 1474 254 1531 ed
264 1471 408 1548 judicium
421 1473 550 1546 venient,
565 1475 615 1550 qui
627 1491 799 1551 processus,
814 1482 844 1536 et
857 1480 942 1534 ectus
953 1472 1100 1549 judiciales
1110 1483 1169 1528 exe

168 1561 278 1636 quitur,
303 1561 413 1638 quique
427 1561 534 1638 Judicis
547 1564 630 1638 insse
647 1564 724 1624 lacit.
754 1569 913 1640 Propterea
932 1561 1129 1622 consideretur
1142 1562 1169 1615 ut

166 1665 295 1726 persone
309 1649 437 1726 publice,
452 1657 482 1709 et
495 1652 614 1727 publico
633 1652 828 1712 instrumento
846 1650 1070 1712 constituendus
1083 1652 1131 1718 est,
1143 1649 1169 1702 ul

167 1743 322 1814 promotor
344 1737 462 1812 fiscalis,
479 1745 508 1798 et
528 1739 722 1800 concellarius
737 1745 787 1814 (l).
808 1744 903 1812 Quare
921 1739 1093 1815 regulariter
1113 1749 1167 1793 cur·

168 1824 244 1886 soris
258 1825 449 1886 relationibus
467 1827 579 1904 scripto
602 1828 697 1902 lectis,
720 1829 797 1888 etin
822 1845 968 1906 processu
985 1825 1100 1886 insertis
1115 1837 1168 1884 cre

167 1915 298 1975 <lendum
310 1923 366 1986 est,
380 1915 510 1977 maxime
525 1918 549 1977 si
560 1919 728 1993 juramento
742 1919 801 1979 sint
813 1920 937 1979 vessotae.

200 2068 234 2132 (l)
249 2067 382 2120 Formulre
402 2069 581 2122 constituendi
600 2071 799 2135 cancellarium,
813 2073 994 2138 promotorem
1017 2066 1135 2127 fiscalem,
1150 2065 1172 2115 ct

168 2151 315 2201 cursorem,
335 2139 455 2206 aliosque
472 2140 554 2192 ouriae
572 2141 734 2207 episcopalis
756 2143 904 2204 ministros
916 2145 943 2194 et
965 2139 1092 2192 ollioieles
1113 2137 1170 2186 inter

168 2209 292 2276 antiquos
313 2209 441 2268 Doctores
456 2213 626 2278 reperiuntur
647 2227 730 2278 penes
748 2213 925 2264 Monocellum
947 2211 976 2262 ln
1000 2224 1047 2261 suo
1068 2205 1169 2258 Fornul.

169 2286 238 2347 pert.
254 2282 277 2344 t,
290 2279 332 2331 tit.
345 2279 376 2343 l;
394 2281 457 2332 item
474 2295 559 2348 penes
573 2281 659 2334 Bouix
672 2282 706 2336 de
716 2284 812 2350 judie,
828 2284 891 2343 eccl,
904 2288 976 2349 port.
995 2283 1019 2342 i,
1037 2283 1099 2333 sect.
1112 2279 1132 2330 6.
