2524 4080
596 199 756 258 -fflss-

151 322 239 400 juxta
250 335 408 384 sacrorum
420 335 572 384 moenum
584 321 809 402 dispositionem
818 323 1159 400 prosnisneoessitotibus
1246 371 1247 390 2

155 411 205 472 vel
217 409 248 472 in
261 427 428 488 pauperum
440 412 577 472 levamen
591 429 609 471 a
623 428 703 472 novo
717 411 896 474 beneficiato
909 412 1094 474 insumantur.
1109 417 1160 472 Pro

155 499 324 562 haeredibus
337 516 410 562 vero
422 499 590 562 beneficiati
601 499 707 560 militet
719 499 875 577 dispositio
884 500 1004 562 concilii
1012 500 1161 577 provincia-

155 587 193 650 ue
205 589 431 650 Mediolanensis
445 594 500 663 vll,
516 590 547 649 in
562 605 623 665 quo
636 589 702 648 baec
715 591 875 666 leguntur:
897 588 1022 650 Frnctns
1041 606 1130 650 cnrnc
1148 605 1165 650 a

156 675 219 736 solo
235 685 395 754 separatos,
411 679 528 738 etianni
546 679 682 738 nondam
700 679 795 738 enoctt'
816 679 940 756 lnerint,
956 687 1010 738 cnt
1030 677 1165 752 reconditi,
1246 735 1247 748 ,

157 763 242 824 modo
255 765 322 826 ilios
341 766 502 843 beneficiati
520 767 647 828 hmcdes
667 767 846 844 pnueqacm
864 768 1012 828 macaron·
1032 774 1119 828 cncnt
1139 767 1168 828 in

1246 749 1247 780 i

1246 799 1247 828 i

156 857 328 916 soccessoris
346 857 553 934 prejudicium
573 875 593 918 a
610 855 672 917 solo
690 857 814 918 minime
834 857 1045 934 separaverint,
1061 865 1086 917 et
1096 863 1168 933 porte

156 945 285 1006 colonico
299 946 458 1008 contonat
476 947 778 1024 consenescentes
799 947 888 1024 ipsis;
911 947 1067 1024 pendentes
1082 953 1168 1006 auten
1246 959 1247 1026 ᾖ

155 1035 365 1098 swcnsombns
384 1037 418 1096 in
436 1036 579 1112 beneficio,
599 1045 716 1114 eccepto
729 1037 800 1096 item
811 1044 897 1113 poete
911 1037 1052 1110 colonico,
1066 1035 1167 1112 adjudi-

155 1143 273 1200 camon
289 1126 406 1202 quodsi
419 1128 537 1202 srnctccs
549 1143 661 1200 omnm,
673 1143 741 1186 nnn
755 1125 941 1202 berceticictns
952 1125 1021 1186 obiit
1035 1143 1056 1185 a
1065 1125 1122 1185 soto
1133 1141 1169 1184 sc·

152 1215 254 1292 parati
264 1216 390 1289 fuerint,
404 1232 505 1276 omnes
517 1216 636 1292 quidem
644 1216 795 1276 hermam
803 1216 880 1290 sint,·
890 1215 923 1274 hi
935 1223 1038 1275 conten
1050 1213 1170 1274 onerims

154 1303 283 1379 beneficii
295 1303 478 1379 satisfacient
501 1309 552 1378 (3).
569 1302 670 1366 Militat
684 1302 818 1364 similiter
835 1303 948 1364 decisio
966 1309 997 1363 S.
1016 1307 1170 1380 congrega·

155 1388 242 1450 tionis
256 1391 385 1465 concilii,
400 1391 432 1452 in
454 1409 513 1469 qua
526 1392 711 1453 declaratum
729 1393 795 1467 iuit,
818 1393 944 1467 fruetus,
960 1409 1040 1468 quos
1065 1392 1172 1468 quidam
1246 1391 1247 1422 ¹

154 1480 317 1541 eanonicus
334 1481 522 1557 iioguntinus
537 1481 639 1542 vivens
653 1499 716 1542 non
730 1487 868 1557 potuerat
881 1479 1016 1558 exigere,
1039 1481 1173 1557 postolos

152 1575 282 1630 mortem
296 1585 356 1628 non
373 1569 505 1645 capitulo
527 1569 677 1642 Eeoiesiae,
690 1569 745 1630 sed
764 1569 901 1628 canonici
923 1570 1096 1630 heredibus
1113 1585 1174 1629 ¹esse
1246 1575 1247 1634 t

152 1657 360 1718 attribuendos
378 1661 430 1731 (4).
446 1659 522 1718 iilud
543 1658 633 1720 etiam
653 1657 776 1732 accedit,
796 1657 1078 1734 quodbeneflcium
1098 1657 1173 1718 datm

151 1751 276 1822 propter
289 1745 433 1820 officium,
449 1747 534 1822 cuius
548 1747 577 1805 vi
589 1746 783 1807 beneficiatus
800 1747 916 1806 tructus
937 1763 1012 1806 suos
1034 1746 1121 1818 feeit3
1142 1763 1175 1806 ex

152 1849 213 1908 quo
227 1833 371 1910 sequitur,
385 1851 464 1906 eum.
476 1836 524 1896 vel
536 1841 570 1894 ut
583 1835 733 1908 domiuus,
744 1835 793 1895 vel
806 1841 840 1894 ut
853 1835 1061 1898 mercenarius
1073 1837 1175 1896 innotus

150 1920 306 1984 inexaotos
317 1923 356 1983 ad
369 1923 504 1984 haeredes
517 1941 589 1984 suos
602 1921 803 1984 transmittere
815 1927 868 1998 (5).

187 2015 220 2072 ln
234 2011 320 2086 praxi
336 2018 474 2090 putanms
494 2013 585 2089 huius
613 2012 807 2072 dubitationis
825 2012 1010 2073 solutionem
1026 2031 1045 2074 a
1059 2027 1176 2073 eonsue-

151 2100 256 2160 tudine
278 2101 447 2176 regionum,
471 2107 502 2161 et
525 2119 543 2160 a
566 2100 722 2176 prudentis
746 2101 857 2176 judicis
881 2100 1006 2162 arbitrio
1026 2100 1176 2178 petendam

150 2205 226 2250 esse.
244 2191 431 2250 Consuetudo
440 2191 576 2265 proiecto
590 2189 876 2266 specialislooorum
890 2189 986 2250 bacin
1000 2205 1175 2266 romagnam

149 2277 239 2336 habet
252 2276 323 2350 vim,
338 2295 407 2338 cum
417 2278 478 2354 jnri
491 2295 551 2338 nou
565 2279 751 2339 adversatur.
766 2282 929 2354 Propterea
943 2283 1037 2340 Sacra
1053 2285 1175 2356 Congre-

149 2365 229 2441 gatio
244 2365 365 2426 concilii
383 2367 535 2427 mandavit
553 2367 733 2428 servandam
753 2383 820 2427 esse
848 2366 971 2444 Capituli
997 2369 1178 2431 Gradisensis

150 2456 397 2516 consuetudinem
410 2455 561 2517 dividendi
578 2457 693 2517 fruetus
711 2455 891 2533 antiquatos,
905 2458 954 2516 vei
968 2459 1125 2518 restitutos
1136 2458 1175 2516 in·

149 2550 196 2604 ter
216 2544 378 2604 canonicos
403 2551 567 2620 praesentes
589 2547 646 2617 (6);
671 2544 743 2604 item
765 2543 899 2604 decrevit
914 2546 1100 2608 servandam
1118 2561 1177 2606 esse

148 2633 279 2693 Poioniae
293 2633 558 2706 consuetudinem,
576 2649 736 2708 perquam
748 2633 864 2693 fruetus
877 2633 1052 2694 vacantium
1066 2633 1176 2710 episeo-

149 2727 274 2796 petuum
292 2737 347 2798 per
361 2728 490 2798 quatuor
513 2737 633 2782 menses
655 2723 857 2782 attribuuntur
880 2723 1053 2784 successori
1071 2724 1101 2783 in
1122 2722 1176 2800 epi-

149 2815 283 2886 scopatu,
299 2817 329 2870 et
339 2811 443 2887 reliqui
457 2810 586 2892 Febrioaej
601 2811 741 2871 Ecclesiae
756 2815 806 2883 (7).
821 2811 979 2872 Arbitrium
995 2812 1109 2888 pariter
1118 2829 1177 2889 pru·

149 2899 246 2959 dentis
256 2898 364 2974 judicis
376 2901 478 2976 magni
491 2900 698 2960 aestimendum
712 2907 767 2974 est,
782 2906 815 2959 ut
830 2900 938 2960 damna
952 2911 1141 2977 reparentur,
1151 2905 1177 2960 et

145 2986 258 3065 justitie
276 2989 442 3048 seeundum
466 2989 703 3050 circumstantias
727 2995 873 3050 servetur.
887 2989 957 3050 ideo
974 3007 1015 3050 ex
1034 2991 1173 3051 reditibus

148 3075 238 3138 etiem
252 3076 398 3136 inexaotis
419 3078 656 3138 succurrendum
670 3084 715 3138 est
736 3077 915 3149 haeredibus,
931 3079 978 3138 vei
993 3079 1055 3154 ipsi
1067 3077 1176 3140 benefl-

150 3165 227 3227 ciato
246 3165 284 3224 ad
312 3166 455 3226 solvenda
475 3166 582 3240 debita,
606 3183 672 3242 quae
694 3165 725 3225 in
746 3166 892 3226 beneficio
913 3169 1067 3228 contraxit
1083 3174 1133 3242 (8),
1149 3173 1175 3226 et

149 3255 187 3314 ad
212 3254 383 3314 habendum
405 3255 517 3330 Justam
540 3253 774 3329 indemnitatem,
795 3255 820 3314 si
836 3272 889 3332 per
904 3257 1048 3318 nonbrile
1063 3264 1174 3334 tempus

148 3343 295 3404 beneficio
307 3341 460 3402 servitium
474 3343 667 3417 exhibuisset,
683 3346 841 3420 nullosque
856 3345 1042 3421 percepisset
1054 3347 1172 3416 fructus,

149 3446 278 3508 quorum
291 3431 355 3491 dies
368 3432 444 3490 torte
461 3431 543 3491 venit
556 3439 672 3492 tentum
684 3432 715 3492 in
728 3433 787 3492 fine
799 3433 879 3493 anni.
892 3433 1008 3494 iustitia
1026 3433 1107 3496 enim
1116 3446 1173 3492 nou

149 3519 268 3596 patitur,
285 3519 380 3596 utqui
392 3519 570 3596 perprimos
585 3520 726 3596 undecim
740 3538 787 3581 err.
804 3538 848 3597 gr.
866 3521 936 3582 anni
951 3523 1171 3583 mensesbene·
1246 3543 1247 3600 ,

148 3604 217 3666 ticio
234 3607 366 3682 servivit,
384 3608 482 3684 deque
501 3623 556 3667 suo
572 3607 687 3684 privato
706 3608 885 3686 patrimonio
899 3610 983 3688 vixit,
997 3607 1171 3672 adveniente
1246 3605 1247 3694 t
