2432 4078
512 122 673 181 ...984-

86 241 254 304 naturalem
273 241 534 318 independentiam
554 242 587 302 in
609 242 783 304 cervicatam
806 241 945 319 iniustam
968 240 1112 302 convertit

87 332 161 392 dum
174 331 202 390 ei
214 329 376 390 auterendo
388 331 457 405 iura
471 336 681 391 contractuum
704 336 757 404 (2),
769 330 929 390 factionem
947 329 1114 394 tesamenti

88 419 237 496 passivam
247 419 298 492 (³),
314 423 344 477 et
357 417 456 493 aliqua
470 435 509 478 ex
524 425 608 496 parte
628 434 789 494 personam
801 418 954 488 moralem,
970 432 1036 476 eam
1053 418 1113 475 vel-

88 506 133 567 uti
149 505 245 582 rapite
257 505 372 566 minuit.
388 505 447 566 Sed
465 507 572 566 eadem
581 509 630 567 lex
649 515 695 567 est
708 507 797 568 etiam
808 505 947 568 nactaatae
961 503 1112 581 injuriosa,

89 595 162 656 dum
183 609 250 654 eam
272 594 414 656 assimilat
436 595 569 671 collegiis
595 596 715 668 illicitis,
740 613 806 671 quae
828 612 845 654 a
870 594 1010 655 Romanis
1037 593 1115 652 bona

90 682 244 758 acquirere
264 683 440 742 vetabantur
454 688 516 755 (t);
536 693 582 744 ast
596 683 739 760 injuriosa
751 683 898 756 fidelibus,
913 681 964 758 qui
982 695 1116 758 peream

88 777 158 829 rota
169 769 286 845 pietatis
299 771 460 848 adimplere
481 787 542 831 non
564 777 704 850 possunt3
727 779 758 831 et
774 778 821 832 est
835 769 1019 845 Principibus
1035 768 1116 828 Chri·

90 856 194 916 stianis
210 857 417 934 ignominiosa,
439 859 491 936 qui
513 859 677 920 Ecclesiam
689 865 875 935 oppugnant,
887 858 960 918 dum
981 872 1049 916 eam
1063 872 1117 931 pro
1141 849 1145 856 “

90 944 206 1006 uiribus
218 951 358 1006 tenentur
371 947 522 1023 adjuvare.
534 947 686 1024 Principes
695 955 795 1008 tamen
807 953 956 1018 verentur,
966 962 1005 1004 ne
1014 945 1117 1030 Eccle-

90 1033 134 1094 sia
154 1027 243 1094 nimis
258 1033 393 1108 ditescat,
416 1041 446 1094 ct
465 1042 560 1095 status
588 1052 695 1096 eorum
721 1036 845 1095 nimium
862 1035 1116 1110 depauperentur3

92 1137 186 1197 quare
203 1122 300 1198 legem
321 1123 400 1184 forre
414 1139 447 1183 sc
469 1139 560 1202 posse
580 1123 693 1200 dicunt,
714 1141 781 1200 quae
795 1123 949 1199 utriusque
962 1120 1119 1197 potestatis

90 1210 159 1286 jura
172 1216 293 1270 tutetur.
314 1211 372 1270 Sed
387 1209 453 1287 quis
468 1227 529 1270 non
544 1209 624 1272 videt
637 1213 695 1272 hoc
708 1228 775 1272 esse
798 1211 944 1286 pertidum
964 1225 1119 1270 commen-

93 1300 179 1358 tumi
192 1304 305 1360 Revera
328 1306 486 1375 postquam
508 1299 640 1360 Ecclesia
653 1299 803 1360 catholica
823 1299 911 1361 toties
933 1315 987 1374 per
1000 1296 1118 1372 iniqua-

92 1403 160 1446 rum
185 1387 285 1462 legum
312 1387 373 1446 vim
391 1387 432 1446 ita
458 1387 583 1463 spoliata
611 1388 665 1448 fuit
686 1395 728 1462 nt,
753 1404 850 1446 vacua
876 1387 939 1446 iere
965 1393 1120 1460 tempora·

92 1473 170 1534 libus
188 1473 275 1532 bonis
287 1475 423 1549 pluribus
444 1474 475 1533 in
490 1474 662 1550 regionibus
674 1475 721 1547 sit,
741 1473 893 1550 quomodo
914 1473 1032 1548 concipi
1054 1478 1121 1547 pot·

94 1567 140 1620 est
151 1559 250 1634 timor,
268 1577 306 1620 nc
318 1559 406 1620 nimis
415 1561 445 1621 in
455 1561 660 1639 praeiudicium
676 1568 771 1623 status
784 1561 877 1622 civilis
886 1561 1020 1633 ditescat,
1030 1560 1071 1618 ita
1088 1565 1121 1618 ut

97 1648 1122 1722 lexamortizzuta'oca'aconservandasitldl‘lPraetereadivitieeEocle
1204 1656 1211 1713 ·,

95 1736 274 1796 stastatuta
294 1735 412 1795 civilem
436 1737 536 1796 multis
558 1737 656 1797 modis
677 1738 829 1818 adjuvant,
851 1743 884 1796 ut
910 1737 948 1796 ad
975 1735 1122 1809 majorem
1209 1735 1210 1738 ’

96 1822 324 1900 prosperitatem
336 1825 447 1900 iugiter
466 1826 630 1900 procedere
643 1832 733 1902 queat
746 1828 805 1899 (6);
829 1833 860 1886 et
873 1824 897 1884 si
910 1823 980 1901 quid
1001 1823 1079 1882 torte
1092 1821 1121 1879 in
1213 1875 1214 1878 ,

96 1911 143 1974 tais
155 1911 262 1971 divitiis
277 1911 314 1974 sit
336 1911 416 1986 mali,
444 1929 562 1987 semper
578 1914 618 1973 ad
637 1913 803 1974 remedium
818 1913 863 1973 via
880 1920 925 1972 est
938 1915 1122 1987 aperta,'re·

98 2015 204 2060 cursus
218 2016 326 2075 nempe
345 1998 383 2058 ad
402 2016 552 2060 summum
570 2001 754 2075 Femineam,
778 2000 828 2077 qui
842 2017 931 2076 supra
949 2015 1055 2059 omnes
1067 2003 1122 2058 Ec-

97 2087 195 2148 clesiae
206 2094 236 2147 et
250 2094 345 2147 status
362 2086 454 2148 civilis
468 2089 697 2164 prosperitatem
710 2096 854 2164 exoptare
866 2088 955 2149 debet
968 2093 1021 2160 l'l).

128 2269 164 2333 (l)
178 2267 275 2320 liunus
291 2269 429 2330 Ecclesiae,
444 2270 469 2320 si
489 2273 562 2321 recta
577 2269 741 2336 judicantur,
761 2283 815 2321 non
834 2274 957 2331 mortum,
973 2269 1022 2320 sed
1043 2269 1121 2331 vire,

98 2343 125 2390 et
142 2338 255 2390 vivifica
272 2343 336 2391 sunt
360 2340 540 2407 appellanda,
556 2340 654 2405 spiritu
675 2346 703 2391 at
716 2353 827 2404 corpora
840 2339 1016 2390 vivificantes.
1030 2339 1123 2392 Unde·

99 2424 171 2468 nam,
184 2406 287 2475 qriaeso,
301 2411 329 2462 in
344 2413 471 2462 societate
485 2410 554 2461 cirili
573 2413 613 2460 tot
630 2416 789 2476 argumenta
807 2411 870 2461 vitae
885 2413 911 2460 et
926 2410 1123 2474 prosperitatis,

101 2493 182 2546 quam
196 2481 230 2531 ah
246 2480 386 2531 Ecclesia?
401 2481 472 2532 Satis
494 2483 536 2531 est
556 2481 723 2545 perpendere
749 2495 837 2532 mores
857 2482 891 2531 ab
906 2493 939 2531 ea
953 2480 1086 2542 excultos,
1100 2483 1125 2529 at

102 2550 260 2616 perpolitus,
278 2551 430 2617 hospitalia.
450 2555 477 2602 et
498 2550 620 2614 collegia.
643 2563 691 2614 pro
713 2552 847 2614 egentium
866 2551 1087 2610 necessitatibus,
1101 2553 1125 2600 et

101 2622 279 2685 predivitem
295 2623 402 2674 cultura
415 2621 450 2672 ab
464 2633 497 2672 ea
515 2625 614 2690 erecta,
630 2621 752 2672 subsidia
769 2622 882 2680 artibus,
902 2625 929 2671 et
948 2622 1124 2672 excitamenta

106 2691 279 2754 agriculturae
298 2693 333 2744 ab
353 2705 385 2742 ea
404 2693 476 2749 date.
496 2691 520 2742 ei
540 2704 630 2741 arcam
648 2693 814 2758 pauperibus
834 2693 972 2752 continuo,
985 2695 1013 2742 ct
1026 2692 1124 2755 uhiqna

106 2767 237 2826 apertam,
252 2761 399 2827 dequibus
418 2762 505 2825 planae
525 2765 587 2812 sunt
603 2761 733 2823 historiae,
747 2765 777 2812 ut
791 2762 953 2828 quicumque
965 2762 993 2810 in
1007 2760 1125 2812 Ecclesia

103 2844 214 2882 manum
229 2832 317 2882 vivam
331 2834 454 2882 teneatur
469 2843 622 2896 agnoscere.
638 2858 667 2869 -
678 2831 710 2896 (lt
725 2831 766 2881 lta
777 2831 914 2882 modernae
937 2831 1030 2882 ierunt
1057 2831 1124 2895 legas

106 2902 164 2953 Art.
179 2901 234 2964 9¹0,
247 2900 305 2951 cod.
322 2901 372 2951 civ.
388 2901 458 2952 Gall.
471 2927 503 2939 -
520 2903 556 2968 (3)
574 2901 665 2952 Fectio
684 2902 838 2953 tastamenti
851 2902 969 2966 passiva,
989 2906 1023 2952 ut
1038 2901 1125 2952 dicunt

103 2972 220 3036 juristae.
241 2970 365 3021 consistit
379 2971 567 3035 incapacitate
587 2972 744 3037 acquirendi
761 2985 812 3037 per
830 2975 1032 3023 testamentum.
1052 2998 1083 3008 -
1095 2971 1122 3032 (l)

108 3042 138 3093 t.
156 3043 178 3102 l,
190 3040 220 3101 ff,
234 3039 304 3104 quod
330 3041 436 3106 cujnsq.
455 3042 528 3092 univ.
544 3055 617 3093 nom.
632 3042 674 3093 Ad
688 3042 759 3093 hanc
772 3042 951 3093 conditionem
965 3043 1077 3093 reducta
1090 3043 1126 3091 est

108 3110 229 3162 Ecclesia
244 3109 390 3173 catholica,
406 3117 433 3161 et
447 3112 567 3176 collegiis
582 3112 757 3177 nequioribus
777 3113 934 3178 postposita,
947 3112 1049 3176 quibus
1067 3125 1124 3164 con·

106 3181 219 3242 ceditur,
234 3179 305 3244 quod
318 3180 446 3232 Ecclesiae
462 3186 588 3246 negatum
604 3187 630 3232 et
651 3183 719 3232 illud
732 3183 759 3232 S.
776 3181 934 3246 Hieronymi
949 3181 1125 3248 perspicimus

108 3265 168 3302 cum
182 3252 350 3302 execratione
364 3250 488 3313 impleri:
513 3251 596 3304 Pudet
606 3251 703 3315 dicere,
717 3251 864 3304 sacerdotes
879 3251 1022 3313 idolorum,
1043 3249 1124 3311 mimi,

110 3325 134 3374 al
154 3320 266 3386 campa,
276 3325 301 3372 et
319 3323 409 3373 scorta
421 3320 590 3374 hereditates
608 3323 734 3388 captant·
747 3323 808 3374 sotir
821 3322 932 3384 clericis,
947 3325 972 3374 cl
991 3320 1124 3374 monachis

110 3391 159 3445 lroo
173 3391 226 3458 lenc
239 3390 405 3456 prohibetur.
419 3395 444 3445 cl
459 3391 618 3458 proctector
630 3405 686 3444 nort
701 3406 720 3457 q
735 3392 954 3460 persecutoribus,
966 3392 1012 3443 aed
1023 3407 1041 3444 a
1052 3391 1123 3456 prta-

110 3461 212 3528 cipibcr
231 3459 403 3526 Christiania.
425 3462 466 3514 ltd
485 3463 580 3528 Nepet.
599 3462 633 3515 de
650 3463 697 3514 vit.
713 3463 778 3516 cler.
795 3477 821 3516 n.
838 3463 863 3516 i.
882 3463 987 3516 lteram
1002 3462 1030 3514 in
1044 3460 1127 3516 Gallie
