2410 4068
582 137 744 195 —tto-

140 276 213 338 pum
235 260 395 337 pertinent,
414 265 445 320 et
462 269 522 336 'per
536 275 725 336 consequens
742 257 773 317 in
790 257 837 318 his
851 273 913 318 non
931 257 1009 317 cadit
1032 254 1163 317 candido

139 349 308 410 residentiae
322 353 373 420 (2).
393 353 462 408 llaee
484 356 584 409 autem
599 347 730 409 conditio
752 347 826 408 tanti
848 353 894 408 est
913 346 1067 418 momenti,
1087 351 1120 404 nt
1141 342 1164 402 si

141 438 306 513 Episcopus
320 438 395 498 duas
412 437 519 497 habeat
533 437 679 498 dioeceses
698 441 784 512 aque
798 435 999 512 principaliter
1012 434 1121 505 unitas,
1136 439 1164 491 et

140 525 197 601 pro
211 533 338 600 utraque
349 525 481 586 obtineat
494 523 641 586 indultum
654 525 847 599 alternative,
859 523 900 586 illi
910 541 972 586 uon
981 523 1077 600 prosit
1090 522 1164 582 dioe-

139 613 212 689 cesi,
225 613 256 672 in
270 629 330 689 qua
342 631 402 673 non
416 614 551 687 residet(
571 620 592 688 ).

171 779 208 846 (l)
222 779 288 832 Ideo
302 794 356 832 non
366 779 465 832 sufficit
475 780 621 833 residentia
631 781 701 840 licta,
711 780 884 848 quantumvis
894 781 972 833 sitax
986 793 1068 832 causa
1082 778 1164 846 privi-

140 852 239 918 legiata
253 851 547 920 etprivilegiatissima.
568 853 716 917 Propterea
739 852 901 904 alternative
922 865 975 902 non
995 852 1097 903 fruitur
1108 849 1162 913 epi-

143 936 252 988 scopus,
262 923 309 989 qtii
323 937 399 976 asna
407 923 520 975 dioecesi
528 924 605 976 abest
614 924 704 976 trihus
715 924 855 976 mensibus
864 923 917 974 sihi
927 937 943 973 a
949 925 1012 990 jure
1022 920 1163 978 concessis,

142 995 189 1060 qui
204 995 308 1046 accedit
323 993 357 1044 ad
381 995 524 1046 concilium
545 996 723 1054 provinciale,
744 996 792 1060 qui
810 994 966 1060 reipublicae
982 996 1089 1058 negotia
1101 990 1164 1042 alibi

143 1067 222 1131 gerit,
237 1066 283 1130 qui
297 1066 465 1117 nunciaturus
479 1065 641 1130 Apostolicae
657 1066 797 1126 incumbit,
820 1066 921 1132 quique
941 1065 1037 1116 limina
1050 1066 1163 1129 Aposto-

143 1137 231 1188 lorum
241 1137 349 1198 visitat3
364 1149 452 1202 neque
467 1137 521 1195 ille,
537 1138 584 1202 qni
606 1138 687 1188 ctiam
701 1151 735 1188 ex
752 1149 835 1188 causa
854 1135 966 1190 honesta
980 1136 1014 1188 ad
1032 1134 1165 1188 modicum

143 1211 251 1273 tempus
262 1209 341 1260 abest
353 1208 406 1259 cito
420 1220 587 1271 reversurus,
598 1209 700 1274 quique
723 1210 822 1273 injusta
846 1208 990 1268 detinetur,
1010 1221 1044 1259 ne
1065 1206 1163 1257 dioece·

145 1281 196 1331 sim
209 1293 286 1330 suam
309 1279 485 1342 ingradiatur.
508 1279 625 1344 Riganti,
644 1277 693 1330 loc.
709 1279 753 1330 eit.
768 1277 817 1343 ξε.
830 1306 861 1317 -
875 1279 911 1343 (i)
926 1279 967 1332 Oh
988 1277 1111 1330 eamdem
1124 1287 1165 1324 ra·

143 1352 243 1402 tionem
257 1351 280 1404 si
294 1350 437 1415 episcopus
447 1351 532 1413 erigat
545 1363 643 1400 novum
656 1350 818 1402 beneficium
832 1351 860 1400 in
873 1349 1013 1402 mensibus
1029 1349 1082 1400 sibi
1098 1345 1163 1398 assi·

145 1422 234 1485 gnatis
252 1421 338 1486 prima
351 1421 458 1472 collatio
474 1420 612 1484 adipsum
634 1427 760 1485 spectem
779 1421 827 1472 sed
843 1421 867 1472 si
885 1421 912 1470 id
933 1421 1014 1472 iaciat
1028 1420 1055 1470 in
1066 1416 1162 1470 monsi-

146 1493 199 1544 hus
213 1491 386 1558 Apostolicis,
401 1491 508 1542 collatio
522 1495 564 1542 est
577 1492 604 1540 S.
620 1491 684 1544 Sedi
699 1497 843 1543 reservata.
866 1491 906 1542 ld.
929 1493 978 1542 loc.
998 1491 1041 1542 cit.
1058 1494 1127 1555 part.
1144 1486 1162 1547 l,

146 1561 196 1628 ti,
211 1577 237 1610 n.
253 1561 308 1612 ttt.
333 1563 484 1626 Episcopus
500 1566 590 1612 tamen
612 1563 783 1613 collationem
805 1561 996 1613 beneficiorum
1019 1561 1070 1613 sihi
1083 1557 1161 1625 perti·

144 1633 266 1684 nentium
280 1633 397 1697 legitime
410 1633 563 1684 lacitetiam
578 1633 604 1682 in
616 1634 755 1686 mensibus
769 1634 942 1697 apostolicis.
959 1659 984 1670 —
999 1631 1034 1696 (3)
1049 1632 1162 1682 alterna·

145 1703 198 1752 tiva
213 1705 309 1760 cessat,
325 1703 348 1754 si
371 1703 522 1769 Episcopus
542 1718 577 1754 ea
597 1705 734 1766 abutatur,
751 1711 798 1754 aut
817 1703 978 1755 beneficium
999 1712 1161 1768 quocumque

146 1773 226 1824 modo
241 1777 408 1824 reservatum
421 1776 550 1826 conterat.
563 1775 604 1826 lh.
620 1776 655 1827 id.
671 1781 739 1844 part.
753 1777 778 1839 2,
793 1775 806 1840 fl
819 1777 843 1839 5,
857 1789 883 1826 a.
899 1776 930 1828 32
943 1779 971 1826 at
984 1777 996 1842 fl
1010 1775 1034 1835 6,
1048 1789 1075 1824 n.
1085 1773 1123 1824 25.

181 2001 244 2056 sta.
268 2000 312 2055 Er
337 1992 437 2054 verbis
459 2000 558 2055 tamen
581 1995 714 2073 ejusdem
735 1998 846 2072 regulae
870 1995 1024 2056 manifeste
1045 1994 1160 2063 emitur,

147 2084 291 2160 quasdam
305 2100 371 2143 esse
384 2083 598 2144 beneficiorum
607 2085 789 2158 vacationes,
803 2101 871 2162 quae
882 2085 1003 2144 minime
1012 2100 1160 2144 reservan-

145 2180 204 2247 tur,
220 2173 387 2248 cujusmodi
401 2180 471 2232 sunt
487 2193 493 2232 :
510 2178 539 2233 1ο
553 2173 733 2247 vacationes,
750 2191 826 2250 quae,
847 2175 923 2234 Sede
937 2173 1100 2250 apostoliea
1113 2188 1160 2230 va·

80 2258 84 2264 ’
146 2269 243 2336 cante,
259 2261 452 2338 contingunt3
477 2279 546 2322 nam
563 2268 643 2338 Papa
658 2264 774 2324 ratione
787 2262 935 2324 mensium
947 2263 1003 2322 sibi
1026 2258 1160 2322 beneficia

144 2357 278 2412 reservat
290 2352 329 2410 ud
343 2368 404 2410 sava
417 2352 578 2411 voluntatis
590 2351 816 2427 beneplacitum
831 2353 885 2411 sed
899 2358 1015 2412 certum
1024 2358 1067 2411 est
1076 2351 1157 2409 bene·

145 2447 288 2522 placitum
299 2453 396 2508 morte
411 2447 519 2506 finire:
542 2453 703 2522 propterea
729 2446 893 2522 Episcopus
911 2453 1010 2524 potest
1031 2446 1157 2506 conlerrc

143 2536 296 2609 beneficia,
320 2553 387 2612 quae
401 2543 470 2612 post
491 2543 620 2596 mortem
646 2534 963 2608 Pontificisvacamnt‚
989 2537 1067 2595 nulla
1088 2535 1156 2593 iacta
1184 2557 1185 2560 ¹

142 2625 291 2684 mensium
305 2625 565 2696 distinctionett);
581 2629 613 2680 2⁰
628 2623 798 2682 vacationes
812 2624 851 2682 ob
863 2623 1101 2699 resignationem,
1116 2619 1155 2678 vel

142 2713 398 2773 renunciationem
421 2711 601 2772 inmanibus
622 2709 762 2788 Episcopi
777 2712 897 2783 factam,
914 2712 985 2788 quia
1006 2709 1155 2773 reservatio

143 2817 182 2860 ex
196 2800 370 2876 praescripto
392 2803 502 2876 regulae
524 2800 659 2877 procedit
674 2805 788 2862 tanturn
802 2801 902 2877 quoad
925 2801 1079 2874 beneficia,
1098 2813 1155 2875 que
1183 2809 1184 2872 j

141 2888 218 2948 ulios
232 2905 323 2962 quum
344 2905 397 2964 per
420 2891 658 2964 remeationem,
683 2889 819 2950 vacantia
845 2890 940 2949 fiunt:
969 2889 1050 2950 unde
1070 2891 1155 2965 potest
1183 2883 1184 2886 ’

139 2974 303 3050 Episcopus
315 2976 446 3050 quolibet
459 2993 562 3038 mense
573 2978 789 3038 beneficiorum
800 2979 989 3038 dimissiones
997 2985 1153 3055 acceptare,

141 3070 171 3121 et
185 3063 223 3124 de
236 3062 293 3122 illis
315 3063 359 3123 sic
378 3063 506 3126 dimissis
520 3083 574 3143 per
597 3083 630 3126 se
648 3066 821 3144 disponere3
843 3072 874 3126 3ο
897 3066 1080 3140 vacationes,
1099 3079 1155 3140 quc
1182 3139 1183 3142 Ἴ

139 3150 315 3225 contingunt
328 3169 382 3227 per
397 3155 663 3229 permutationem
684 3171 754 3214 narn
771 3155 960 3229 permutatio,
982 3171 1052 3215 cum
1071 3150 1154 3228 dupli·
1182 3143 1183 3181 ³

139 3257 206 3298 cem
231 3239 461 3315 resignationem
491 3242 654 3316 contineat,
670 3243 740 3304 licet
760 3243 877 3302 nonsit
904 3261 1049 3318 expressa
1068 3244 1095 3301 in
1115 3257 1154 3299 re-

137 3330 214 3402 gulae
226 3327 332 3401 littera,
347 3329 445 3389 adhuc
463 3331 618 3391 manifesto
632 3334 703 3392 latet
717 3331 748 3390 in
762 3349 853 3392 sensu
868 3352 874 3390 :
895 3349 989 3407 quare
1003 3333 1152 3408 Episcopus

138 3423 237 3490 potest
253 3417 385 3493 quolibet
409 3434 514 3478 mense
538 3420 771 3494 permutationes
792 3420 1009 3482 beneficiorum
1028 3420 1151 3496 probare,
1181 3449 1182 3473 l

137 3510 167 3564 et
179 3504 211 3565 in
225 3506 377 3568 lrcnellciis
391 3505 434 3568 sic
447 3506 625 3584 permutatis
639 3507 854 3577 institutionem
868 3509 940 3572 dare
954 3503 1005 3586 (Ξ).
