<?xml version="1.0" encoding="UTF-8"?>
<!DOCTYPE html PUBLIC "-//W3C//DTD XHTML 1.0 Transitional//EN"
    "http://www.w3.org/TR/xhtml1/DTD/xhtml1-transitional.dtd">
<html xmlns="http://www.w3.org/1999/xhtml" xml:lang="en" lang="en">
 <head>
  <title>
</title>
<meta http-equiv="Content-Type" content="text/html;charset=utf-8" />
  <meta name='ocr-system' content='tesseract 3.04.00' />
  <meta name='ocr-capabilities' content='ocr_page ocr_carea ocr_par ocr_line ocrx_word'/>
</head>
<body>
  <div class='ocr_page' id='page_1' title='image "./summainstitutio01ferrgoog_0063.png"; bbox 0 0 2592 4018; ppageno 0'>
   <div class='ocr_carea' id='block_1_1' title="bbox 641 174 786 230">
    <p class='ocr_par' dir='ltr' id='par_1_1' title="bbox 641 174 786 230">
     <span class='ocr_line' id='line_1_1' title="bbox 641 174 786 230; baseline 0 -16"><span class='ocrx_word' id='word_1_1' title='bbox 641 174 786 230; x_wconf 71' lang='lat'>..52-</span> 
     </span>
    </p>
   </div>
   <div class='ocr_carea' id='block_1_2' title="bbox 200 291 1291 512">
    <p class='ocr_par' dir='ltr' id='par_1_2' title="bbox 200 291 1291 512">
     <span class='ocr_line' id='line_1_2' title="bbox 201 291 1291 366; baseline -0.006 -11"><span class='ocrx_word' id='word_1_2' title='bbox 201 300 303 356; x_wconf 85' lang='lat' dir='ltr'>salibus</span> <span class='ocrx_word' id='word_1_3' title='bbox 320 298 425 352; x_wconf 84' lang='lat' dir='ltr'>resilire</span> <span class='ocrx_word' id='word_1_4' title='bbox 439 297 522 350; x_wconf 89' lang='lat' dir='ltr'>etiam</span> <span class='ocrx_word' id='word_1_5' title='bbox 539 297 698 350; x_wconf 71' lang='lat' dir='ltr'>adveniente</span> <span class='ocrx_word' id='word_1_6' title='bbox 718 295 870 366; x_wconf 74' lang='lat' dir='ltr'>pubertate.</span> <span class='ocrx_word' id='word_1_7' title='bbox 886 293 994 350; x_wconf 80' lang='lat' dir='ltr'><strong>Primus</strong></span> <span class='ocrx_word' id='word_1_8' title='bbox 1007 295 1058 357; x_wconf 87' lang='lat' dir='ltr'>est,</span> <span class='ocrx_word' id='word_1_9' title='bbox 1069 291 1103 357; x_wconf 85' lang='lat' dir='ltr'>si,</span> <span class='ocrx_word' id='word_1_10' title='bbox 1119 291 1226 356; x_wconf 79' lang='lat' dir='ltr'>malitia</span> <span class='ocrx_word' id='word_1_11' title='bbox 1290 309 1291 348; x_wconf 67' lang='lat' dir='ltr'>t</span> 
     </span>
     <span class='ocr_line' id='line_1_3' title="bbox 201 366 1291 439; baseline -0.006 -15"><span class='ocrx_word' id='word_1_12' title='bbox 201 372 342 439; x_wconf 78' lang='lat' dir='ltr'>supplente</span> <span class='ocrx_word' id='word_1_13' title='bbox 352 376 468 430; x_wconf 78' lang='lat' dir='ltr'>atatem,</span> <span class='ocrx_word' id='word_1_14' title='bbox 483 370 598 422; x_wconf 88' lang='lat' dir='ltr'>earnalis</span> <span class='ocrx_word' id='word_1_15' title='bbox 608 370 760 422; x_wconf 83' lang='lat' dir='ltr'>commixtio</span> <span class='ocrx_word' id='word_1_16' title='bbox 774 370 843 418; x_wconf 87' lang='lat' dir='ltr'>inter</span> <span class='ocrx_word' id='word_1_17' title='bbox 855 381 901 420; x_wconf 91' lang='lat' dir='ltr'>eos</span> <span class='ocrx_word' id='word_1_18' title='bbox 914 373 976 418; x_wconf 69' lang='lat' dir='ltr'>unm</span> <span class='ocrx_word' id='word_1_19' title='bbox 990 376 1083 418; x_wconf 87' lang='lat' dir='ltr'>eorum</span> <span class='ocrx_word' id='word_1_20' title='bbox 1094 366 1223 430; x_wconf 84' lang='lat' dir='ltr'>punerte-</span> <span class='ocrx_word' id='word_1_21' title='bbox 1290 387 1291 424; x_wconf 78' lang='lat' dir='ltr'>t</span> 
     </span>
     <span class='ocr_line' id='line_1_4' title="bbox 200 437 1291 512; baseline -0.006 -18"><span class='ocrx_word' id='word_1_22' title='bbox 200 447 253 494; x_wconf 89' lang='lat' dir='ltr'>tem</span> <span class='ocrx_word' id='word_1_23' title='bbox 269 443 454 493; x_wconf 78' lang='lat' dir='ltr'>intervenerit.</span> <span class='ocrx_word' id='word_1_24' title='bbox 468 441 532 506; x_wconf 86' lang='lat' dir='ltr'>Cap.</span> <span class='ocrx_word' id='word_1_25' title='bbox 548 441 573 504; x_wconf 88' lang='lat'>8,</span> <span class='ocrx_word' id='word_1_26' title='bbox 588 441 620 492; x_wconf 91' lang='lat' dir='ltr'>de</span> <span class='ocrx_word' id='word_1_27' title='bbox 635 441 711 506; x_wconf 86' lang='lat' dir='ltr'>desp.</span> <span class='ocrx_word' id='word_1_28' title='bbox 731 441 834 505; x_wconf 90' lang='lat' dir='ltr'>impub.</span> <span class='ocrx_word' id='word_1_29' title='bbox 850 439 999 498; x_wconf 74' lang='lat' dir='ltr'>Semondes,</span> <span class='ocrx_word' id='word_1_30' title='bbox 1020 437 1048 487; x_wconf 87' lang='lat' dir='ltr'>Si</span> <span class='ocrx_word' id='word_1_31' title='bbox 1064 437 1155 503; x_wconf 85' lang='lat' dir='ltr'>sponsi</span> <span class='ocrx_word' id='word_1_32' title='bbox 1169 451 1224 502; x_wconf 92' lang='lat' dir='ltr'>pu·</span> <span class='ocrx_word' id='word_1_33' title='bbox 1290 477 1291 512; x_wconf 60' lang='lat'>3</span> 
     </span>
    </p>
   </div>
   <div class='ocr_carea' id='block_1_3' title="bbox 200 509 1225 578">
    <p class='ocr_par' dir='ltr' id='par_1_3' title="bbox 200 509 1225 578">
     <span class='ocr_line' id='line_1_5' title="bbox 200 509 1225 578; baseline -0.009 -11"><span class='ocrx_word' id='word_1_34' title='bbox 200 514 299 567; x_wconf 85' lang='lat' dir='ltr'>hortati</span> <span class='ocrx_word' id='word_1_35' title='bbox 319 513 443 576; x_wconf 79' lang='lat' dir='ltr'>proximi,</span> <span class='ocrx_word' id='word_1_36' title='bbox 457 520 485 565; x_wconf 92' lang='lat' dir='ltr'>et</span> <span class='ocrx_word' id='word_1_37' title='bbox 498 513 553 564; x_wconf 89' lang='lat' dir='ltr'>doli</span> <span class='ocrx_word' id='word_1_38' title='bbox 567 525 678 571; x_wconf 73' lang='lat' dir='ltr'>meones</span> <span class='ocrx_word' id='word_1_39' title='bbox 688 511 848 578; x_wconf 78' lang='lat' dir='ltr'>juraverint,</span> <span class='ocrx_word' id='word_1_40' title='bbox 864 523 892 562; x_wconf 87' lang='lat' dir='ltr'>se</span> <span class='ocrx_word' id='word_1_41' title='bbox 907 509 1044 574; x_wconf 71' lang='lat' dir='ltr'>sponsalia</span> <span class='ocrx_word' id='word_1_42' title='bbox 1059 515 1225 566; x_wconf 85' lang='lat' dir='ltr'>servaturos,</span> 
     </span>
    </p>
   </div>
   <div class='ocr_carea' id='block_1_4' title="bbox 201 579 1291 720">
    <p class='ocr_par' dir='ltr' id='par_1_4' title="bbox 201 567 1291 720">
     <span class='ocr_line' id='line_1_6' title="bbox 201 579 1226 651; baseline -0.005 -17"><span class='ocrx_word' id='word_1_43' title='bbox 201 589 265 651; x_wconf 85' lang='lat' dir='ltr'>quia</span> <span class='ocrx_word' id='word_1_44' title='bbox 279 581 457 646; x_wconf 71' lang='lat' dir='ltr'>periculosum</span> <span class='ocrx_word' id='word_1_45' title='bbox 470 587 507 636; x_wconf 82' lang='lat' dir='ltr'>etl</span> <span class='ocrx_word' id='word_1_46' title='bbox 527 587 622 636; x_wconf 81' lang='lat' dir='ltr'>contro</span> <span class='ocrx_word' id='word_1_47' title='bbox 639 597 718 636; x_wconf 82' lang='lat' dir='ltr'>suum</span> <span class='ocrx_word' id='word_1_48' title='bbox 731 583 922 648; x_wconf 80' lang='lat' dir='ltr'>juramentum</span> <span class='ocrx_word' id='word_1_49' title='bbox 937 581 1037 634; x_wconf 80' lang='lat' dir='ltr'>venire.</span> <span class='ocrx_word' id='word_1_50' title='bbox 1053 581 1117 645; x_wconf 87' lang='lat' dir='ltr'>Cap.</span> <span class='ocrx_word' id='word_1_51' title='bbox 1138 579 1175 638; x_wconf 86' lang='lat' dir='ltr'>lt),</span> <span class='ocrx_word' id='word_1_52' title='bbox 1191 579 1226 630; x_wconf 92' lang='lat' dir='ltr'>de</span> 
     </span>
     <span class='ocr_line' id='line_1_7' title="bbox 202 649 1291 720; baseline -0.01 -13"><span class='ocrx_word' id='word_1_53' title='bbox 202 669 293 720; x_wconf 84' lang='lat' dir='ltr'>spons.</span> <span class='ocrx_word' id='word_1_54' title='bbox 315 659 342 705; x_wconf 88' lang='lat' dir='ltr'>et</span> <span class='ocrx_word' id='word_1_55' title='bbox 360 664 438 705; x_wconf 89' lang='lat' dir='ltr'>matr.</span> <span class='ocrx_word' id='word_1_56' title='bbox 461 655 521 705; x_wconf 91' lang='lat' dir='ltr'>Non</span> <span class='ocrx_word' id='word_1_57' title='bbox 542 655 640 706; x_wconf 81' lang='lat' dir='ltr'>desunt</span> <span class='ocrx_word' id='word_1_58' title='bbox 664 659 752 704; x_wconf 89' lang='lat' dir='ltr'>tumen</span> <span class='ocrx_word' id='word_1_59' title='bbox 773 654 907 710; x_wconf 84' lang='lat' dir='ltr'>Doctores.</span> <span class='ocrx_word' id='word_1_60' title='bbox 927 653 973 718; x_wconf 87' lang='lat' dir='ltr'>qui</span> <span class='ocrx_word' id='word_1_61' title='bbox 995 651 1080 701; x_wconf 87' lang='lat' dir='ltr'>innixi</span> <span class='ocrx_word' id='word_1_62' title='bbox 1097 649 1178 715; x_wconf 84' lang='lat' dir='ltr'>capiti</span> <span class='ocrx_word' id='word_1_63' title='bbox 1197 649 1227 701; x_wconf 85' lang='lat'>17</span> <span class='ocrx_word' id='word_1_64' title='bbox 1290 659 1291 696; x_wconf 69' lang='lat'>3</span> 
     </span>
    </p>
   </div>
   <div class='ocr_carea' id='block_1_5' title="bbox 202 720 1226 794">
    <p class='ocr_par' dir='ltr' id='par_1_5' title="bbox 202 720 1226 794">
     <span class='ocr_line' id='line_1_8' title="bbox 202 720 1226 794; baseline -0.008 -16"><span class='ocrx_word' id='word_1_65' title='bbox 202 725 288 792; x_wconf 86' lang='lat' dir='ltr'>ejusd.</span> <span class='ocrx_word' id='word_1_66' title='bbox 307 725 347 776; x_wconf 89' lang='lat' dir='ltr'>tit.</span> <span class='ocrx_word' id='word_1_67' title='bbox 361 725 524 776; x_wconf 87' lang='lat' dir='ltr'>contrarium</span> <span class='ocrx_word' id='word_1_68' title='bbox 535 727 563 775; x_wconf 92' lang='lat' dir='ltr'>in</span> <span class='ocrx_word' id='word_1_69' title='bbox 578 725 628 776; x_wconf 90' lang='lat' dir='ltr'>hoo</span> <span class='ocrx_word' id='word_1_70' title='bbox 641 739 705 777; x_wconf 87' lang='lat' dir='ltr'>casu</span> <span class='ocrx_word' id='word_1_71' title='bbox 722 725 844 786; x_wconf 87' lang='lat' dir='ltr'>doceant,</span> <span class='ocrx_word' id='word_1_72' title='bbox 859 725 921 789; x_wconf 83' lang='lat' dir='ltr'>quia</span> <span class='ocrx_word' id='word_1_73' title='bbox 932 723 1115 794; x_wconf 75' lang='lat' dir='ltr'>juramentum</span> <span class='ocrx_word' id='word_1_74' title='bbox 1132 720 1226 786; x_wconf 82' lang='lat' dir='ltr'>sequi-</span> 
     </span>
    </p>
   </div>
   <div class='ocr_carea' id='block_1_6' title="bbox 1289 749 1291 788">
    <p class='ocr_par' dir='ltr' id='par_1_6' title="bbox 1289 749 1291 788">
     <span class='ocr_line' id='line_1_9' title="bbox 1289 749 1291 788; baseline 0 0"><span class='ocrx_word' id='word_1_75' title='bbox 1289 749 1291 788; x_wconf 85' lang='lat' dir='ltr'>l</span> 
     </span>
    </p>
   </div>
   <div class='ocr_carea' id='block_1_7' title="bbox 203 791 1291 862">
    <p class='ocr_par' dir='ltr' id='par_1_7' title="bbox 203 791 1291 862">
     <span class='ocr_line' id='line_1_10' title="bbox 203 791 1291 862; baseline -0.006 -12"><span class='ocrx_word' id='word_1_76' title='bbox 203 803 247 850; x_wconf 87' lang='lat' dir='ltr'>tur</span> <span class='ocrx_word' id='word_1_77' title='bbox 262 802 386 848; x_wconf 89' lang='lat' dir='ltr'>naturam</span> <span class='ocrx_word' id='word_1_78' title='bbox 400 799 486 855; x_wconf 81' lang='lat' dir='ltr'>actus.</span> <span class='ocrx_word' id='word_1_79' title='bbox 503 797 547 848; x_wconf 90' lang='lat' dir='ltr'>cui</span> <span class='ocrx_word' id='word_1_80' title='bbox 561 796 697 862; x_wconf 83' lang='lat' dir='ltr'>adjicitur,</span> <span class='ocrx_word' id='word_1_81' title='bbox 716 800 819 848; x_wconf 84' lang='lat' dir='ltr'>etcum</span> <span class='ocrx_word' id='word_1_82' title='bbox 838 794 996 848; x_wconf 83' lang='lat' dir='ltr'>resolubilia</span> <span class='ocrx_word' id='word_1_83' title='bbox 1007 794 1062 845; x_wconf 88' lang='lat' dir='ltr'>sint</span> <span class='ocrx_word' id='word_1_84' title='bbox 1078 791 1227 860; x_wconf 77' lang='lat' dir='ltr'>sponsalia,</span> <span class='ocrx_word' id='word_1_85' title='bbox 1290 837 1291 862; x_wconf 33' lang='lat' dir='ltr'>p</span> 
     </span>
    </p>
   </div>
   <div class='ocr_carea' id='block_1_8' title="bbox 203 866 758 933">
    <p class='ocr_par' dir='ltr' id='par_1_8' title="bbox 203 866 758 933">
     <span class='ocr_line' id='line_1_11' title="bbox 203 866 758 933; baseline -0.004 -11"><span class='ocrx_word' id='word_1_86' title='bbox 203 867 348 928; x_wconf 85' lang='lat' dir='ltr'>resolubile</span> <span class='ocrx_word' id='word_1_87' title='bbox 364 867 444 920; x_wconf 89' lang='lat' dir='ltr'>etiam</span> <span class='ocrx_word' id='word_1_88' title='bbox 460 866 554 920; x_wconf 88' lang='lat' dir='ltr'>dieunt</span> <span class='ocrx_word' id='word_1_89' title='bbox 564 873 758 933; x_wconf 68' lang='lat' dir='ltr'>juramentum.</span> 
     </span>
    </p>
   </div>
   <div class='ocr_carea' id='block_1_9' title="bbox 188 1074 1231 1156">
    <p class='ocr_par' dir='ltr' id='par_1_9' title="bbox 188 1074 1231 1156">
     <span class='ocr_line' id='line_1_12' title="bbox 188 1074 1231 1156; baseline -0.003 -16"><span class='ocrx_word' id='word_1_90' title='bbox 188 1082 194 1098; x_wconf 79' lang='lat'><strong><em>⁴</em></strong></span> <span class='ocrx_word' id='word_1_91' title='bbox 237 1083 300 1141; x_wconf 80' lang='lat' dir='ltr'>titii.</span> <span class='ocrx_word' id='word_1_92' title='bbox 324 1084 376 1140; x_wconf 84' lang='lat' dir='ltr'>tus</span> <span class='ocrx_word' id='word_1_93' title='bbox 397 1077 557 1156; x_wconf 84' lang='lat' dir='ltr'>positivum</span> <span class='ocrx_word' id='word_1_94' title='bbox 573 1078 603 1138; x_wconf 91' lang='lat' dir='ltr'>in</span> <span class='ocrx_word' id='word_1_95' title='bbox 619 1078 772 1156; x_wconf 88' lang='lat' dir='ltr'>proposito</span> <span class='ocrx_word' id='word_1_96' title='bbox 791 1077 840 1140; x_wconf 85' lang='lat' dir='ltr'>rel</span> <span class='ocrx_word' id='word_1_97' title='bbox 862 1074 1094 1154; x_wconf 86' lang='lat' dir='ltr'>ecclesiasticum</span> <span class='ocrx_word' id='word_1_98' title='bbox 1105 1079 1163 1151; x_wconf 82' lang='lat' dir='ltr'>est,</span> <span class='ocrx_word' id='word_1_99' title='bbox 1177 1075 1231 1137; x_wconf 81' lang='lat' dir='ltr'>uel</span> 
     </span>
    </p>
   </div>
   <div class='ocr_carea' id='block_1_10' title="bbox 1289 929 1291 970">
    <p class='ocr_par' dir='ltr' id='par_1_10' title="bbox 1289 929 1291 970">
     <span class='ocr_line' id='line_1_13' title="bbox 1289 929 1291 970; baseline 0 0"><span class='ocrx_word' id='word_1_100' title='bbox 1289 929 1291 970; x_wconf 86' lang='lat' dir='ltr'>l</span> 
     </span>
    </p>
   </div>
   <div class='ocr_carea' id='block_1_11' title="bbox 201 1161 1291 1246">
    <p class='ocr_par' dir='ltr' id='par_1_11' title="bbox 201 1161 1291 1246">
     <span class='ocr_line' id='line_1_14' title="bbox 201 1161 1291 1246; baseline -0.006 -16"><span class='ocrx_word' id='word_1_101' title='bbox 201 1161 297 1240; x_wconf 62' lang='lat' dir='ltr'>civile</span> <span class='ocrx_word' id='word_1_102' title='bbox 316 1169 379 1229; x_wconf 88' lang='lat' dir='ltr'>sire</span> <span class='ocrx_word' id='word_1_103' title='bbox 405 1168 568 1244; x_wconf 89' lang='lat' dir='ltr'>politicum.</span> <span class='ocrx_word' id='word_1_104' title='bbox 597 1172 641 1228; x_wconf 83' lang='lat' dir='ltr'>Ex</span> <span class='ocrx_word' id='word_1_105' title='bbox 665 1169 733 1246; x_wconf 87' lang='lat' dir='ltr'>juro</span> <span class='ocrx_word' id='word_1_106' title='bbox 753 1164 961 1234; x_wconf 62' lang='lat' dir='ltr'>„ecclesiastico</span> <span class='ocrx_word' id='word_1_107' title='bbox 986 1163 1135 1243; x_wconf 85' lang='lat' dir='ltr'>prohibita</span> <span class='ocrx_word' id='word_1_108' title='bbox 1155 1171 1232 1226; x_wconf 85' lang='lat' dir='ltr'>sunt</span> <span class='ocrx_word' id='word_1_109' title='bbox 1288 1165 1291 1210; x_wconf 69' lang='grc' dir='ltr'>ἐ</span> 
     </span>
    </p>
   </div>
   <div class='ocr_carea' id='block_1_12' title="bbox 201 1255 1232 1334">
    <p class='ocr_par' dir='ltr' id='par_1_12' title="bbox 201 1255 1232 1334">
     <span class='ocr_line' id='line_1_15' title="bbox 201 1255 1232 1334; baseline -0.003 -15"><span class='ocrx_word' id='word_1_110' title='bbox 201 1258 337 1319; x_wconf 90' lang='lat' dir='ltr'>absolute</span> <span class='ocrx_word' id='word_1_111' title='bbox 364 1256 513 1334; x_wconf 90' lang='lat' dir='ltr'>sponsalia</span> <span class='ocrx_word' id='word_1_112' title='bbox 534 1257 689 1331; x_wconf 85' lang='lat' dir='ltr'>intereos,</span> <span class='ocrx_word' id='word_1_113' title='bbox 708 1257 785 1318; x_wconf 90' lang='lat' dir='ltr'>inter</span> <span class='ocrx_word' id='word_1_114' title='bbox 812 1273 889 1333; x_wconf 84' lang='lat' dir='ltr'>quos</span> <span class='ocrx_word' id='word_1_115' title='bbox 907 1255 1027 1332; x_wconf 81' lang='lat' dir='ltr'>aliquod</span> <span class='ocrx_word' id='word_1_116' title='bbox 1052 1261 1135 1314; x_wconf 83' lang='lat' dir='ltr'>extat</span> <span class='ocrx_word' id='word_1_117' title='bbox 1157 1271 1232 1330; x_wconf 88' lang='lat' dir='ltr'>per·</span> 
     </span>
    </p>
   </div>
   <div class='ocr_carea' id='block_1_13' title="bbox 201 1343 1291 1424">
    <p class='ocr_par' dir='ltr' id='par_1_13' title="bbox 201 1343 1291 1424">
     <span class='ocr_line' id='line_1_16' title="bbox 201 1343 1291 1424; baseline -0.001 -18"><span class='ocrx_word' id='word_1_118' title='bbox 201 1353 325 1423; x_wconf 86' lang='lat' dir='ltr'>potuum</span> <span class='ocrx_word' id='word_1_119' title='bbox 351 1345 530 1406; x_wconf 87' lang='lat' dir='ltr'>matrimonii</span> <span class='ocrx_word' id='word_1_120' title='bbox 564 1345 834 1422; x_wconf 87' lang='lat' dir='ltr'>impedimentumr</span> <span class='ocrx_word' id='word_1_121' title='bbox 865 1361 935 1404; x_wconf 89' lang='lat' dir='ltr'>nam</span> <span class='ocrx_word' id='word_1_122' title='bbox 963 1343 1112 1420; x_wconf 88' lang='lat' dir='ltr'>prohibito</span> <span class='ocrx_word' id='word_1_123' title='bbox 1143 1345 1230 1417; x_wconf 86' lang='lat' dir='ltr'>fine,</span> <span class='ocrx_word' id='word_1_124' title='bbox 1290 1343 1291 1424; x_wconf 39' lang='lat' dir='ltr'><strong><em>g</em></strong></span> 
     </span>
    </p>
   </div>
   <div class='ocr_carea' id='block_1_14' title="bbox 200 1427 1234 1600">
    <p class='ocr_par' dir='ltr' id='par_1_14' title="bbox 200 1427 1234 1600">
     <span class='ocr_line' id='line_1_17' title="bbox 202 1427 1233 1512; baseline -0.002 -16"><span class='ocrx_word' id='word_1_125' title='bbox 202 1434 301 1496; x_wconf 88' lang='lat' dir='ltr'>omnia</span> <span class='ocrx_word' id='word_1_126' title='bbox 314 1441 476 1496; x_wconf 85' lang='lat' dir='ltr'>censentur</span> <span class='ocrx_word' id='word_1_127' title='bbox 490 1433 647 1510; x_wconf 82' lang='lat' dir='ltr'>prohibita,</span> <span class='ocrx_word' id='word_1_128' title='bbox 664 1451 720 1511; x_wconf 88' lang='lat' dir='ltr'>per</span> <span class='ocrx_word' id='word_1_129' title='bbox 735 1451 802 1512; x_wconf 79' lang='lat' dir='ltr'>quae</span> <span class='ocrx_word' id='word_1_130' title='bbox 814 1427 985 1510; x_wconf 82' lang='lat' dir='ltr'>pervcnitur</span> <span class='ocrx_word' id='word_1_131' title='bbox 1006 1433 1044 1492; x_wconf 89' lang='lat' dir='ltr'>ed</span> <span class='ocrx_word' id='word_1_132' title='bbox 1058 1434 1152 1493; x_wconf 91' lang='lat' dir='ltr'>illum.</span> <span class='ocrx_word' id='word_1_133' title='bbox 1170 1433 1233 1494; x_wconf 86' lang='lat' dir='ltr'>Nil-</span> 
     </span>
     <span class='ocr_line' id='line_1_18' title="bbox 200 1521 1234 1600; baseline 0.002 -16"><span class='ocrx_word' id='word_1_134' title='bbox 200 1530 301 1584; x_wconf 91' lang='lat' dir='ltr'>autem</span> <span class='ocrx_word' id='word_1_135' title='bbox 320 1524 421 1597; x_wconf 85' lang='lat' dir='ltr'>relert‚</span> <span class='ocrx_word' id='word_1_136' title='bbox 436 1539 474 1582; x_wconf 89' lang='lat' dir='ltr'>an</span> <span class='ocrx_word' id='word_1_137' title='bbox 492 1531 672 1600; x_wconf 88' lang='lat' dir='ltr'>perpetuum</span> <span class='ocrx_word' id='word_1_138' title='bbox 689 1521 934 1600; x_wconf 86' lang='lat' dir='ltr'>impedimentum</span> <span class='ocrx_word' id='word_1_139' title='bbox 955 1521 993 1582; x_wconf 90' lang='lat' dir='ltr'>sit</span> <span class='ocrx_word' id='word_1_140' title='bbox 1012 1521 1165 1591; x_wconf 88' lang='lat' dir='ltr'>dirimens,</span> <span class='ocrx_word' id='word_1_141' title='bbox 1180 1524 1234 1586; x_wconf 84' lang='lat' dir='ltr'>rel</span> 
     </span>
    </p>
   </div>
   <div class='ocr_carea' id='block_1_15' title="bbox 199 1610 1291 2142">
    <p class='ocr_par' dir='ltr' id='par_1_15' title="bbox 199 1610 1291 2142">
     <span class='ocr_line' id='line_1_19' title="bbox 200 1610 1291 1689; baseline 0 -17"><span class='ocrx_word' id='word_1_142' title='bbox 200 1617 316 1672; x_wconf 86' lang='lat' dir='ltr'>tentum</span> <span class='ocrx_word' id='word_1_143' title='bbox 340 1611 514 1689; x_wconf 73' lang='lat' dir='ltr'>impediens,</span> <span class='ocrx_word' id='word_1_144' title='bbox 530 1612 599 1688; x_wconf 89' lang='lat' dir='ltr'>quia</span> <span class='ocrx_word' id='word_1_145' title='bbox 621 1619 748 1688; x_wconf 87' lang='lat' dir='ltr'>utroque</span> <span class='ocrx_word' id='word_1_146' title='bbox 769 1612 798 1671; x_wconf 90' lang='lat' dir='ltr'>in</span> <span class='ocrx_word' id='word_1_147' title='bbox 820 1629 892 1672; x_wconf 85' lang='lat' dir='ltr'>casu</span> <span class='ocrx_word' id='word_1_148' title='bbox 908 1611 1129 1688; x_wconf 85' lang='lat' dir='ltr'>promitteretur</span> <span class='ocrx_word' id='word_1_149' title='bbox 1142 1610 1234 1672; x_wconf 86' lang='lat' dir='ltr'>illici-</span> <span class='ocrx_word' id='word_1_150' title='bbox 1290 1615 1291 1620; x_wconf 76' lang='grc'>’</span> 
     </span>
     <span class='ocr_line' id='line_1_20' title="bbox 200 1699 1291 1780; baseline 0.001 -19"><span class='ocrx_word' id='word_1_151' title='bbox 200 1709 274 1776; x_wconf 81' lang='lat' dir='ltr'>tum,</span> <span class='ocrx_word' id='word_1_152' title='bbox 289 1699 436 1777; x_wconf 89' lang='lat' dir='ltr'>bonisque</span> <span class='ocrx_word' id='word_1_153' title='bbox 449 1701 583 1762; x_wconf 87' lang='lat' dir='ltr'>moribus</span> <span class='ocrx_word' id='word_1_154' title='bbox 595 1707 675 1762; x_wconf 88' lang='lat' dir='ltr'>esset</span> <span class='ocrx_word' id='word_1_155' title='bbox 687 1701 844 1778; x_wconf 86' lang='lat' dir='ltr'>promissio</span> <span class='ocrx_word' id='word_1_156' title='bbox 859 1701 1017 1775; x_wconf 83' lang='lat' dir='ltr'>contraria,</span> <span class='ocrx_word' id='word_1_157' title='bbox 1029 1717 1095 1776; x_wconf 87' lang='lat' dir='ltr'>quae</span> <span class='ocrx_word' id='word_1_158' title='bbox 1100 1699 1236 1776; x_wconf 88' lang='lat' dir='ltr'>proinde</span> <span class='ocrx_word' id='word_1_159' title='bbox 1290 1757 1291 1780; x_wconf 26' lang='lat' dir='ltr'>p</span> 
     </span>
     <span class='ocr_line' id='line_1_21' title="bbox 200 1791 1291 1867; baseline 0.004 -19"><span class='ocrx_word' id='word_1_160' title='bbox 200 1791 300 1851; x_wconf 85' lang='lat' dir='ltr'>valere</span> <span class='ocrx_word' id='word_1_161' title='bbox 322 1807 383 1850; x_wconf 91' lang='lat' dir='ltr'>non</span> <span class='ocrx_word' id='word_1_162' title='bbox 406 1797 518 1867; x_wconf 88' lang='lat' dir='ltr'>posset,</span> <span class='ocrx_word' id='word_1_163' title='bbox 540 1791 655 1851; x_wconf 90' lang='lat' dir='ltr'>etiamsi</span> <span class='ocrx_word' id='word_1_164' title='bbox 678 1792 755 1851; x_wconf 92' lang='lat' dir='ltr'>loret</span> <span class='ocrx_word' id='word_1_165' title='bbox 774 1793 941 1867; x_wconf 81' lang='lat' dir='ltr'>juramento</span> <span class='ocrx_word' id='word_1_166' title='bbox 957 1793 1064 1850; x_wconf 89' lang='lat' dir='ltr'>vallata</span> <span class='ocrx_word' id='word_1_167' title='bbox 1085 1791 1237 1864; x_wconf 84' lang='lat' dir='ltr'>(l).&#39;iiino</span> <span class='ocrx_word' id='word_1_168' title='bbox 1290 1831 1291 1852; x_wconf 56' lang='lat' dir='ltr'>i</span> 
     </span>
     <span class='ocr_line' id='line_1_22' title="bbox 199 1879 1291 1964; baseline 0.004 -26"><span class='ocrx_word' id='word_1_169' title='bbox 199 1879 251 1955; x_wconf 88' lang='lat' dir='ltr'>qui</span> <span class='ocrx_word' id='word_1_170' title='bbox 265 1879 361 1940; x_wconf 89' lang='lat' dir='ltr'>emisit</span> <span class='ocrx_word' id='word_1_171' title='bbox 380 1879 506 1956; x_wconf 83' lang='lat' dir='ltr'>simplex</span> <span class='ocrx_word' id='word_1_172' title='bbox 525 1879 667 1940; x_wconf 86' lang='lat' dir='ltr'>castitatis</span> <span class='ocrx_word' id='word_1_173' title='bbox 679 1887 792 1953; x_wconf 80' lang='lat' dir='ltr'>votum,</span> <span class='ocrx_word' id='word_1_174' title='bbox 813 1881 894 1956; x_wconf 88' lang='lat' dir='ltr'>quod</span> <span class='ocrx_word' id='word_1_175' title='bbox 911 1880 1032 1956; x_wconf 89' lang='lat' dir='ltr'>quidem</span> <span class='ocrx_word' id='word_1_176' title='bbox 1045 1885 1161 1940; x_wconf 89' lang='lat' dir='ltr'>tantum</span> <span class='ocrx_word' id='word_1_177' title='bbox 1175 1880 1237 1942; x_wconf 77' lang='lat' dir='ltr'>itm</span> <span class='ocrx_word' id='word_1_178' title='bbox 1290 1923 1291 1964; x_wconf 45' lang='lat' dir='ltr'>p</span> 
     </span>
     <span class='ocr_line' id='line_1_23' title="bbox 199 1968 1291 2052; baseline 0.003 -25"><span class='ocrx_word' id='word_1_179' title='bbox 199 1968 323 2043; x_wconf 83' lang='lat' dir='ltr'>podiens</span> <span class='ocrx_word' id='word_1_180' title='bbox 342 1969 456 2045; x_wconf 87' lang='lat' dir='ltr'>praebet</span> <span class='ocrx_word' id='word_1_181' title='bbox 481 1969 735 2046; x_wconf 82' lang='lat' dir='ltr'>inpedimentum,</span> <span class='ocrx_word' id='word_1_182' title='bbox 754 1970 858 2046; x_wconf 88' lang='lat' dir='ltr'>nequit</span> <span class='ocrx_word' id='word_1_183' title='bbox 871 1970 967 2030; x_wconf 89' lang='lat' dir='ltr'>valida</span> <span class='ocrx_word' id='word_1_184' title='bbox 986 1968 1138 2045; x_wconf 80' lang='lat' dir='ltr'>sponsalia</span> <span class='ocrx_word' id='word_1_185' title='bbox 1152 1985 1235 2030; x_wconf 79' lang='lat' dir='ltr'>oon-</span> <span class='ocrx_word' id='word_1_186' title='bbox 1290 2013 1291 2052; x_wconf 23' lang='grc' dir='ltr'><strong>ἦ</strong></span> 
     </span>
     <span class='ocr_line' id='line_1_24' title="bbox 200 2057 1291 2142; baseline 0.004 -26"><span class='ocrx_word' id='word_1_187' title='bbox 200 2057 317 2118; x_wconf 77' lang='lat' dir='ltr'>uehere</span> <span class='ocrx_word' id='word_1_188' title='bbox 341 2061 399 2132; x_wconf 56' lang='grc' dir='ltr'>(ῆς</span> <span class='ocrx_word' id='word_1_189' title='bbox 427 2058 526 2135; x_wconf 90' lang='lat' dir='ltr'>etqui</span> <span class='ocrx_word' id='word_1_190' title='bbox 547 2058 710 2119; x_wconf 86' lang='lat' dir='ltr'>catholicus</span> <span class='ocrx_word' id='word_1_191' title='bbox 730 2066 785 2133; x_wconf 86' lang='lat' dir='ltr'>est,</span> <span class='ocrx_word' id='word_1_192' title='bbox 805 2058 908 2136; x_wconf 90' lang='lat' dir='ltr'>nequit</span> <span class='ocrx_word' id='word_1_193' title='bbox 925 2059 1022 2119; x_wconf 87' lang='lat' dir='ltr'>valida</span> <span class='ocrx_word' id='word_1_194' title='bbox 1047 2065 1236 2120; x_wconf 82' lang='lat' dir='ltr'>conuenere</span> <span class='ocrx_word' id='word_1_195' title='bbox 1288 2103 1291 2142; x_wconf 43' lang='lat' dir='ltr'>p</span> 
     </span>
    </p>
   </div>
   <div class='ocr_carea' id='block_1_16' title="bbox 199 2145 1237 2312">
    <p class='ocr_par' dir='ltr' id='par_1_16' title="bbox 199 2145 1237 2312">
     <span class='ocr_line' id='line_1_25' title="bbox 200 2145 1237 2224; baseline 0.005 -20"><span class='ocrx_word' id='word_1_196' title='bbox 200 2145 349 2221; x_wconf 84' lang='lat' dir='ltr'>sponsalia</span> <span class='ocrx_word' id='word_1_197' title='bbox 369 2163 438 2206; x_wconf 87' lang='lat' dir='ltr'>eum</span> <span class='ocrx_word' id='word_1_198' title='bbox 458 2148 607 2222; x_wconf 75' lang='lat' dir='ltr'>heretica,</span> <span class='ocrx_word' id='word_1_199' title='bbox 623 2148 693 2209; x_wconf 88' lang='lat' dir='ltr'>lieet</span> <span class='ocrx_word' id='word_1_200' title='bbox 707 2149 829 2210; x_wconf 88' lang='lat' dir='ltr'>haeresis</span> <span class='ocrx_word' id='word_1_201' title='bbox 843 2151 941 2210; x_wconf 87' lang='lat' dir='ltr'>solum</span> <span class='ocrx_word' id='word_1_202' title='bbox 954 2148 1086 2224; x_wconf 79' lang='lat' dir='ltr'>praebeat</span> <span class='ocrx_word' id='word_1_203' title='bbox 1099 2147 1237 2224; x_wconf 86' lang='lat' dir='ltr'>impedi-</span> 
     </span>
     <span class='ocr_line' id='line_1_26' title="bbox 199 2235 576 2312; baseline 0.005 -18"><span class='ocrx_word' id='word_1_204' title='bbox 199 2241 333 2295; x_wconf 87' lang='lat' dir='ltr'>mentum</span> <span class='ocrx_word' id='word_1_205' title='bbox 346 2235 510 2312; x_wconf 90' lang='lat' dir='ltr'>impcdiens</span> <span class='ocrx_word' id='word_1_206' title='bbox 525 2239 535 2309; x_wconf 91' lang='lat'>(</span> <span class='ocrx_word' id='word_1_207' title='bbox 555 2240 576 2309; x_wconf 89' lang='grc'>).</span> 
     </span>
    </p>
   </div>
   <div class='ocr_carea' id='block_1_17' title="bbox 199 2325 1291 2588">
    <p class='ocr_par' dir='ltr' id='par_1_17' title="bbox 199 2305 1291 2588">
     <span class='ocr_line' id='line_1_27' title="bbox 236 2325 1238 2404; baseline 0.009 -22"><span class='ocrx_word' id='word_1_208' title='bbox 236 2327 279 2383; x_wconf 84' lang='lat' dir='ltr'>Ex</span> <span class='ocrx_word' id='word_1_209' title='bbox 294 2325 362 2401; x_wconf 91' lang='lat' dir='ltr'>jure</span> <span class='ocrx_word' id='word_1_210' title='bbox 386 2325 463 2386; x_wconf 87' lang='lat' dir='ltr'>cirili</span> <span class='ocrx_word' id='word_1_211' title='bbox 487 2325 637 2403; x_wconf 87' lang='lat' dir='ltr'>sponsalia</span> <span class='ocrx_word' id='word_1_212' title='bbox 659 2327 836 2389; x_wconf 79' lang='lat' dir='ltr'>contrahere</span> <span class='ocrx_word' id='word_1_213' title='bbox 861 2334 1013 2404; x_wconf 87' lang='lat' dir='ltr'>nequeunt</span> <span class='ocrx_word' id='word_1_214' title='bbox 1034 2325 1238 2390; x_wconf 83' lang='lat' dir='ltr'>lilii-iomilias</span> 
     </span>
     <span class='ocr_line' id='line_1_28' title="bbox 199 2412 1291 2493; baseline 0.005 -20"><span class='ocrx_word' id='word_1_215' title='bbox 199 2412 313 2489; x_wconf 79' lang='lat' dir='ltr'>absque</span> <span class='ocrx_word' id='word_1_216' title='bbox 340 2423 499 2490; x_wconf 88' lang='lat' dir='ltr'>parentum</span> <span class='ocrx_word' id='word_1_217' title='bbox 521 2432 681 2490; x_wconf 71' lang='lat' dir='ltr'>consensu,</span> <span class='ocrx_word' id='word_1_218' title='bbox 700 2423 731 2478; x_wconf 91' lang='lat' dir='ltr'>et</span> <span class='ocrx_word' id='word_1_219' title='bbox 748 2416 851 2493; x_wconf 90' lang='lat' dir='ltr'>pupilli</span> <span class='ocrx_word' id='word_1_220' title='bbox 873 2417 1006 2478; x_wconf 88' lang='lat' dir='ltr'>minores</span> <span class='ocrx_word' id='word_1_221' title='bbox 1019 2415 1133 2492; x_wconf 89' lang='lat' dir='ltr'>absque</span> <span class='ocrx_word' id='word_1_222' title='bbox 1153 2433 1238 2478; x_wconf 88' lang='lat' dir='ltr'>con·</span> <span class='ocrx_word' id='word_1_223' title='bbox 1290 2461 1291 2466; x_wconf 19' lang='grc' dir='ltr'>η</span> 
     </span>
     <span class='ocr_line' id='line_1_29' title="bbox 202 2502 1291 2588; baseline 0.006 -27"><span class='ocrx_word' id='word_1_224' title='bbox 202 2517 294 2562; x_wconf 88' lang='lat' dir='ltr'>sensu</span> <span class='ocrx_word' id='word_1_225' title='bbox 309 2502 424 2564; x_wconf 83' lang='lat' dir='ltr'>consilii</span> <span class='ocrx_word' id='word_1_226' title='bbox 443 2504 569 2578; x_wconf 80' lang='lat' dir='ltr'>familiae,</span> <span class='ocrx_word' id='word_1_227' title='bbox 589 2507 670 2581; x_wconf 83' lang='lat' dir='ltr'>quod</span> <span class='ocrx_word' id='word_1_228' title='bbox 687 2505 726 2565; x_wconf 87' lang='lat' dir='ltr'>ad</span> <span class='ocrx_word' id='word_1_229' title='bbox 747 2505 881 2566; x_wconf 88' lang='lat' dir='ltr'>eamdem</span> <span class='ocrx_word' id='word_1_230' title='bbox 903 2505 965 2567; x_wconf 88' lang='lat' dir='ltr'>lere</span> <span class='ocrx_word' id='word_1_231' title='bbox 987 2505 1114 2566; x_wconf 82' lang='lat' dir='ltr'>formam</span> <span class='ocrx_word' id='word_1_232' title='bbox 1131 2505 1240 2568; x_wconf 80' lang='lat' dir='ltr'>meret</span> <span class='ocrx_word' id='word_1_233' title='bbox 1290 2549 1291 2588; x_wconf 73' lang='lat'>3</span> 
     </span>
    </p>
   </div>
   <div class='ocr_carea' id='block_1_18' title="bbox 199 2589 1241 3021">
    <p class='ocr_par' dir='ltr' id='par_1_18' title="bbox 199 2589 1241 3021">
     <span class='ocr_line' id='line_1_30' title="bbox 199 2589 1240 2671; baseline 0.008 -21"><span class='ocrx_word' id='word_1_234' title='bbox 199 2589 283 2667; x_wconf 88' lang='lat' dir='ltr'>prius</span> <span class='ocrx_word' id='word_1_235' title='bbox 296 2609 314 2651; x_wconf 87' lang='lat' dir='ltr'>a</span> <span class='ocrx_word' id='word_1_236' title='bbox 325 2597 525 2654; x_wconf 82' lang='lat' dir='ltr'>Romanorum</span> <span class='ocrx_word' id='word_1_237' title='bbox 534 2593 648 2669; x_wconf 82' lang='lat' dir='ltr'>legibus</span> <span class='ocrx_word' id='word_1_238' title='bbox 662 2594 818 2656; x_wconf 90' lang='lat' dir='ltr'>sancitum.</span> <span class='ocrx_word' id='word_1_239' title='bbox 832 2599 895 2654; x_wconf 87' lang='lat' dir='ltr'>lieo</span> <span class='ocrx_word' id='word_1_240' title='bbox 905 2594 1025 2671; x_wconf 88' lang='lat' dir='ltr'>quidem</span> <span class='ocrx_word' id='word_1_241' title='bbox 1038 2600 1083 2654; x_wconf 90' lang='lat' dir='ltr'>est</span> <span class='ocrx_word' id='word_1_242' title='bbox 1095 2595 1240 2658; x_wconf 82' lang='lat' dir='ltr'>maxime</span> 
     </span>
     <span class='ocr_line' id='line_1_31' title="bbox 199 2677 1240 2760; baseline 0.009 -22"><span class='ocrx_word' id='word_1_243' title='bbox 199 2677 330 2754; x_wconf 81' lang='lat' dir='ltr'>aeqriitati</span> <span class='ocrx_word' id='word_1_244' title='bbox 343 2697 520 2756; x_wconf 79' lang='lat' dir='ltr'>consonum,</span> <span class='ocrx_word' id='word_1_245' title='bbox 534 2699 603 2743; x_wconf 89' lang='lat' dir='ltr'>oum</span> <span class='ocrx_word' id='word_1_246' title='bbox 616 2682 669 2743; x_wconf 90' lang='lat' dir='ltr'>lilii</span> <span class='ocrx_word' id='word_1_247' title='bbox 681 2682 854 2760; x_wconf 90' lang='lat' dir='ltr'>parentibus</span> <span class='ocrx_word' id='word_1_248' title='bbox 871 2683 1081 2757; x_wconf 83' lang='lat' dir='ltr'>obedientiam,</span> <span class='ocrx_word' id='word_1_249' title='bbox 1094 2692 1124 2744; x_wconf 89' lang='lat' dir='ltr'>et</span> <span class='ocrx_word' id='word_1_250' title='bbox 1139 2699 1240 2748; x_wconf 85' lang='lat' dir='ltr'>reve·</span> 
     </span>
     <span class='ocr_line' id='line_1_32' title="bbox 199 2767 1240 2849; baseline 0.01 -23"><span class='ocrx_word' id='word_1_251' title='bbox 199 2767 325 2827; x_wconf 90' lang='lat' dir='ltr'>rentiam</span> <span class='ocrx_word' id='word_1_252' title='bbox 344 2769 471 2830; x_wconf 88' lang='lat' dir='ltr'>debeant</span> <span class='ocrx_word' id='word_1_253' title='bbox 495 2771 637 2831; x_wconf 75' lang='lat' dir='ltr'>exhibere</span> <span class='ocrx_word' id='word_1_254' title='bbox 657 2775 708 2843; x_wconf 84' lang='lat' dir='ltr'>(t).</span> <span class='ocrx_word' id='word_1_255' title='bbox 737 2777 896 2849; x_wconf 82' lang='lat' dir='ltr'>Propterea</span> <span class='ocrx_word' id='word_1_256' title='bbox 918 2771 1038 2848; x_wconf 89' lang='lat' dir='ltr'>quidam</span> <span class='ocrx_word' id='word_1_257' title='bbox 1061 2773 1240 2838; x_wconf 78' lang='lat' dir='ltr'>canonistas</span> 
     </span>
     <span class='ocr_line' id='line_1_33' title="bbox 199 2853 1239 2941; baseline 0.014 -28"><span class='ocrx_word' id='word_1_258' title='bbox 199 2853 312 2929; x_wconf 86' lang='lat' dir='ltr'>dicunt,</span> <span class='ocrx_word' id='word_1_259' title='bbox 328 2855 392 2916; x_wconf 87' lang='lat' dir='ltr'>haee</span> <span class='ocrx_word' id='word_1_260' title='bbox 415 2859 565 2933; x_wconf 90' lang='lat' dir='ltr'>sponsalia</span> <span class='ocrx_word' id='word_1_261' title='bbox 591 2875 657 2919; x_wconf 90' lang='lat' dir='ltr'>esse</span> <span class='ocrx_word' id='word_1_262' title='bbox 673 2859 762 2920; x_wconf 87' lang='lat' dir='ltr'>etiem</span> <span class='ocrx_word' id='word_1_263' title='bbox 782 2861 900 2939; x_wconf 87' lang='lat' dir='ltr'>dejure</span> <span class='ocrx_word' id='word_1_264' title='bbox 919 2861 1065 2921; x_wconf 88' lang='lat' dir='ltr'>canonico</span> <span class='ocrx_word' id='word_1_265' title='bbox 1077 2860 1162 2922; x_wconf 88' lang='lat' dir='ltr'>irrita</span> <span class='ocrx_word' id='word_1_266' title='bbox 1176 2869 1239 2941; x_wconf 81' lang='lat' dir='ltr'>(tt).</span> 
     </span>
     <span class='ocr_line' id='line_1_34' title="bbox 199 2942 1241 3021; baseline 0.016 -19"><span class='ocrx_word' id='word_1_267' title='bbox 199 2942 300 3002; x_wconf 83' lang='lat' dir='ltr'>sedin</span> <span class='ocrx_word' id='word_1_268' title='bbox 315 2945 399 3019; x_wconf 85' lang='lat' dir='ltr'>praxi</span> <span class='ocrx_word' id='word_1_269' title='bbox 411 2946 590 3021; x_wconf 87' lang='lat' dir='ltr'>judiciorum</span> <span class='ocrx_word' id='word_1_270' title='bbox 605 2955 635 3008; x_wconf 90' lang='lat' dir='ltr'>et</span> <span class='ocrx_word' id='word_1_271' title='bbox 648 2966 687 3009; x_wconf 84' lang='lat' dir='ltr'>ex</span> <span class='ocrx_word' id='word_1_272' title='bbox 709 2951 906 3011; x_wconf 90' lang='lat' dir='ltr'>communiori</span> <span class='ocrx_word' id='word_1_273' title='bbox 924 2957 1086 3012; x_wconf 86' lang='lat' dir='ltr'>Doctorum</span> <span class='ocrx_word' id='word_1_274' title='bbox 1100 2955 1241 3019; x_wconf 85' lang='lat' dir='ltr'>Senten-</span> 
     </span>
    </p>
   </div>
   <div class='ocr_carea' id='block_1_19' title="bbox 200 3030 1291 3118">
    <p class='ocr_par' dir='ltr' id='par_1_19' title="bbox 200 3030 1291 3118">
     <span class='ocr_line' id='line_1_35' title="bbox 200 3030 1291 3118; baseline 0.013 -28"><span class='ocrx_word' id='word_1_275' title='bbox 200 3030 240 3090; x_wconf 93' lang='lat' dir='ltr'>tia</span> <span class='ocrx_word' id='word_1_276' title='bbox 272 3033 421 3108; x_wconf 87' lang='lat' dir='ltr'>sponsalia</span> <span class='ocrx_word' id='word_1_277' title='bbox 454 3033 723 3099; x_wconf 87' lang='lat' dir='ltr'>liliorum·lamilias</span> <span class='ocrx_word' id='word_1_278' title='bbox 751 3041 863 3117; x_wconf 87' lang='lat' dir='ltr'>absque</span> <span class='ocrx_word' id='word_1_279' title='bbox 891 3057 1040 3100; x_wconf 83' lang='lat' dir='ltr'>consensu</span> <span class='ocrx_word' id='word_1_280' title='bbox 1066 3049 1241 3118; x_wconf 88' lang='lat' dir='ltr'>parentum</span> <span class='ocrx_word' id='word_1_281' title='bbox 1290 3065 1291 3068; x_wconf 43' lang='lat'>¹</span> 
     </span>
    </p>
   </div>
   <div class='ocr_carea' id='block_1_20' title="bbox 198 3122 1253 3198">
    <p class='ocr_par' dir='ltr' id='par_1_20' title="bbox 198 3122 1253 3198">
     <span class='ocr_line' id='line_1_36' title="bbox 198 3122 1253 3198; baseline 0.017 -18"><span class='ocrx_word' id='word_1_282' title='bbox 198 3125 352 3182; x_wconf 86' lang='lat' dir='ltr'>contrecta</span> <span class='ocrx_word' id='word_1_283' title='bbox 371 3122 517 3182; x_wconf 86' lang='lat' dir='ltr'>habentur</span> <span class='ocrx_word' id='word_1_284' title='bbox 536 3125 642 3186; x_wconf 86' lang='lat' dir='ltr'>valida.</span> <span class='ocrx_word' id='word_1_285' title='bbox 671 3133 744 3189; x_wconf 82' lang='lat' dir='ltr'>Nam</span> <span class='ocrx_word' id='word_1_286' title='bbox 766 3128 795 3188; x_wconf 95' lang='lat' dir='ltr'>hi</span> <span class='ocrx_word' id='word_1_287' title='bbox 812 3135 954 3190; x_wconf 82' lang='lat' dir='ltr'>Doctores</span> <span class='ocrx_word' id='word_1_288' title='bbox 977 3147 1052 3191; x_wconf 86' lang='lat' dir='ltr'>voce</span> <span class='ocrx_word' id='word_1_289' title='bbox 1079 3135 1253 3198; x_wconf 85' lang='lat' dir='ltr'>concordi·</span> 
     </span>
    </p>
   </div>
   <div class='ocr_carea' id='block_1_21' title="bbox 197 3209 1245 3653">
    <p class='ocr_par' dir='ltr' id='par_1_21' title="bbox 197 3209 1245 3653">
     <span class='ocr_line' id='line_1_37' title="bbox 198 3209 1241 3295; baseline 0.014 -25"><span class='ocrx_word' id='word_1_290' title='bbox 198 3209 310 3294; x_wconf 83' lang='lat' dir='ltr'>dicunt,</span> <span class='ocrx_word' id='word_1_291' title='bbox 326 3211 396 3272; x_wconf 85' lang='lat' dir='ltr'>talia</span> <span class='ocrx_word' id='word_1_292' title='bbox 415 3213 565 3288; x_wconf 89' lang='lat' dir='ltr'>sponsalia</span> <span class='ocrx_word' id='word_1_293' title='bbox 581 3232 618 3275; x_wconf 81' lang='lat' dir='ltr'>ex</span> <span class='ocrx_word' id='word_1_294' title='bbox 631 3217 711 3294; x_wconf 88' lang='lat' dir='ltr'>justa</span> <span class='ocrx_word' id='word_1_295' title='bbox 724 3235 813 3279; x_wconf 88' lang='lat' dir='ltr'>causa</span> <span class='ocrx_word' id='word_1_296' title='bbox 829 3219 865 3279; x_wconf 87' lang='lat' dir='ltr'>ad</span> <span class='ocrx_word' id='word_1_297' title='bbox 881 3225 1039 3295; x_wconf 89' lang='lat' dir='ltr'>parentum</span> <span class='ocrx_word' id='word_1_298' title='bbox 1053 3219 1241 3290; x_wconf 86' lang='lat' dir='ltr'>instantiam</span> 
     </span>
     <span class='ocr_line' id='line_1_38' title="bbox 197 3300 1243 3386; baseline 0.018 -30"><span class='ocrx_word' id='word_1_299' title='bbox 197 3314 286 3373; x_wconf 88' lang='lat' dir='ltr'>posse</span> <span class='ocrx_word' id='word_1_300' title='bbox 301 3317 355 3376; x_wconf 90' lang='lat' dir='ltr'>per</span> <span class='ocrx_word' id='word_1_301' title='bbox 366 3300 498 3375; x_wconf 77' lang='lat' dir='ltr'>iudicem</span> <span class='ocrx_word' id='word_1_302' title='bbox 512 3304 745 3367; x_wconf 84' lang='lat' dir='ltr'>ecelesiasticam</span> <span class='ocrx_word' id='word_1_303' title='bbox 759 3308 880 3368; x_wconf 87' lang='lat' dir='ltr'>dissolri</span> <span class='ocrx_word' id='word_1_304' title='bbox 898 3313 939 3382; x_wconf 87' lang='lat'>(6)</span> <span class='ocrx_word' id='word_1_305' title='bbox 957 3329 963 3368; x_wconf 93' lang='lat'>:</span> <span class='ocrx_word' id='word_1_306' title='bbox 979 3325 1052 3386; x_wconf 81' lang='lat' dir='ltr'>ergo</span> <span class='ocrx_word' id='word_1_307' title='bbox 1065 3309 1104 3385; x_wconf 81' lang='lat' dir='ltr'>ab</span> <span class='ocrx_word' id='word_1_308' title='bbox 1117 3309 1243 3380; x_wconf 86' lang='lat' dir='ltr'>iisdem</span> 
     </span>
     <span class='ocr_line' id='line_1_39' title="bbox 198 3397 1243 3476; baseline 0.019 -31"><span class='ocrx_word' id='word_1_309' title='bbox 198 3401 237 3446; x_wconf 86' lang='lat' dir='ltr'>ex</span> <span class='ocrx_word' id='word_1_310' title='bbox 251 3403 306 3448; x_wconf 89' lang='lat' dir='ltr'>sua</span> <span class='ocrx_word' id='word_1_311' title='bbox 333 3397 438 3450; x_wconf 88' lang='lat' dir='ltr'>natura</span> <span class='ocrx_word' id='word_1_312' title='bbox 461 3401 669 3468; x_wconf 87' lang='lat' dir='ltr'>supponuntur</span> <span class='ocrx_word' id='word_1_313' title='bbox 691 3412 808 3456; x_wconf 89' lang='lat' dir='ltr'>summo</span> <span class='ocrx_word' id='word_1_314' title='bbox 828 3398 895 3473; x_wconf 88' lang='lat' dir='ltr'>jure</span> <span class='ocrx_word' id='word_1_315' title='bbox 918 3397 1025 3470; x_wconf 73' lang='lat' dir='ltr'>aalide,</span> <span class='ocrx_word' id='word_1_316' title='bbox 1049 3398 1117 3474; x_wconf 88' lang='lat' dir='ltr'>quia</span> <span class='ocrx_word' id='word_1_317' title='bbox 1144 3407 1243 3476; x_wconf 81' lang='lat' dir='ltr'>quod</span> 
     </span>
     <span class='ocr_line' id='line_1_40' title="bbox 198 3477 1244 3560; baseline 0.012 -24"><span class='ocrx_word' id='word_1_318' title='bbox 198 3477 313 3538; x_wconf 88' lang='lat' dir='ltr'>nullum</span> <span class='ocrx_word' id='word_1_319' title='bbox 338 3484 462 3540; x_wconf 92' lang='lat' dir='ltr'>estnon</span> <span class='ocrx_word' id='word_1_320' title='bbox 487 3481 667 3557; x_wconf 78' lang='lat' dir='ltr'>dissolvitur,</span> <span class='ocrx_word' id='word_1_321' title='bbox 691 3485 744 3544; x_wconf 90' lang='lat' dir='ltr'>sed</span> <span class='ocrx_word' id='word_1_322' title='bbox 764 3487 931 3547; x_wconf 83' lang='lat' dir='ltr'>declaratur</span> <span class='ocrx_word' id='word_1_323' title='bbox 948 3489 1071 3548; x_wconf 88' lang='lat' dir='ltr'>nullum.</span> <span class='ocrx_word' id='word_1_324' title='bbox 1089 3488 1178 3559; x_wconf 80' lang='lat' dir='ltr'>Quod</span> <span class='ocrx_word' id='word_1_325' title='bbox 1192 3493 1244 3560; x_wconf 73' lang='lat' dir='ltr'>da</span> 
     </span>
     <span class='ocr_line' id='line_1_41' title="bbox 199 3563 1245 3653; baseline 0.02 -27"><span class='ocrx_word' id='word_1_326' title='bbox 199 3563 400 3630; x_wconf 77' lang='lat' dir='ltr'>amstemise</span> <span class='ocrx_word' id='word_1_327' title='bbox 423 3568 560 3649; x_wconf 87' lang='lat' dir='ltr'>dicimus,</span> <span class='ocrx_word' id='word_1_328' title='bbox 578 3591 596 3634; x_wconf 91' lang='lat' dir='ltr'>a</span> <span class='ocrx_word' id='word_1_329' title='bbox 612 3572 726 3638; x_wconf 80' lang='lat' dir='ltr'>iustiori</span> <span class='ocrx_word' id='word_1_330' title='bbox 745 3575 783 3636; x_wconf 92' lang='lat' dir='ltr'>de</span> <span class='ocrx_word' id='word_1_331' title='bbox 802 3575 921 3653; x_wconf 87' lang='lat' dir='ltr'>pupillis</span> <span class='ocrx_word' id='word_1_332' title='bbox 944 3575 1109 3640; x_wconf 82' lang='lat' dir='ltr'>minoribus</span> <span class='ocrx_word' id='word_1_333' title='bbox 1127 3577 1245 3652; x_wconf 68' lang='lat' dir='ltr'>dicem</span> 
     </span>
    </p>
   </div>
   <div class='ocr_carea' id='block_1_22' title="bbox 0 0 1302 4018">
    <p class='ocr_par' dir='ltr' id='par_1_22' title="bbox 0 0 1302 4018">
     <span class='ocr_line' id='line_1_42' title="bbox 0 0 1302 4018; baseline 0 0"><span class='ocrx_word' id='word_1_334' title='bbox 0 0 1302 4018; x_wconf 95' lang='lat' dir='ltr'> </span> 
     </span>
    </p>
   </div>
  </div>
 </body>
</html>
