2432 4078
561 235 719 298 ...262-

135 365 288 428 tmnsnuo
301 363 398 436 dean,
413 361 451 422 de
463 359 572 422 minori
586 361 623 420 ad
636 359 733 436 maius
745 357 933 432 benefldum,
947 373 985 416 ne
1002 349 1134 428 irohiepi·

134 471 244 530 scopus
257 453 428 529 episcopare,
445 458 496 511 aut
506 451 786 526 dearchiepiscopare
798 453 930 523 cogatur,
943 451 978 506 ut
991 441 1084 504 scribit
1095 444 1135 500 ln-

133 540 290 604 noceutius
303 545 341 600 lll
355 543 407 612 (l).
423 543 530 600 verum
543 545 577 598 ut
590 555 645 616 per
656 555 689 598 se
702 538 804 613 liquet,
821 536 884 594 sine
897 533 1067 609 gravissimo
1080 545 1135 588 soe-

132 632 195 692 lere
205 627 316 690 nemini
329 627 398 688 licet
414 625 536 704 propria
550 625 725 688 auctoritate
746 623 826 684 aliud
839 622 1018 683 beneficium
1029 618 1135 678 inmde-

133 732 176 791 re,
190 724 220 778 et
234 717 285 794 qui
298 718 357 776 hac
375 714 573 788 attentaverit,
587 713 668 774 illico
687 719 717 774 et
732 711 855 773 omnino
869 729 887 771 a
906 711 1045 770 cathedra
1063 707 1137 767 debet
1208 707 1209 710 ’

133 805 244 882 expelli
257 804 362 879 altena,
377 809 407 864 et
426 819 531 864 carere
544 802 675 879 propria,
691 807 724 862 ut
743 817 801 861 nec
819 799 875 860 illis
888 798 1052 875 praesideat,
1074 811 1137 871 quos

131 911 187 970 per
199 893 370 970 superbiam
383 890 504 968 sprevit,
518 907 577 952 nee
598 890 665 965 illis,
688 890 765 966 quoa
779 905 834 966 per
848 887 1019 964 superbiam
1034 891 1063 946 et
1078 897 1136 944 ava-

130 983 229 1044 ritiam
242 979 414 1058 conenpirit
428 983 481 1051 (a).

165 1067 346 1132 Permutatio
358 1067 498 1130 eremum
508 1065 632 1143 requirit
644 1072 799 1128 auctorem
815 1081 851 1126 ae
862 1064 1027 1138 translatio,
1045 1061 1095 1122 sed
1107 1073 1139 1119 ex

130 1175 221 1220 eausa
238 1157 357 1231 minori,
380 1155 604 1233 sequendoque
623 1156 664 1216 ad
688 1155 785 1216 solum
807 1169 1002 1230 personarum
1017 1149 1140 1211 intutum
1210 1217 1211 1220 Ἴ

129 1240 321 1324 permittitur.
345 1245 420 1305 llius
443 1243 608 1320 Episcopus
619 1249 732 1345 ¹potest
754 1243 883 1318 probare
906 1239 1140 1318 permutationem

130 1333 346 1396 mendorum
360 1349 423 1395 suae
435 1332 585 1408 dioeessia,
598 1331 713 1393 etramsi
725 1345 820 1392 unum
827 1331 868 1390 sit
877 1335 1026 1404 auratum,
1037 1326 1141 1390 etaiud

127 1423 265 1500 simplex,
281 1421 371 1484 modo
380 1428 520 1482 nentrum
533 1419 571 1480 sit
583 1425 769 1480 reservatum
784 1421 841 1492 (3)
852 1418 882 1479 si
902 1433 973 1478 vero
987 1411 1141 1478 beneficiati

129 1511 252 1588 propria
276 1509 454 1570 ausonense
474 1509 620 1570 beneficia
642 1515 822 1585 permutent,
858 1507 970 1568 nedum
991 1508 1098 1567 frustra
1116 1501 1141 1562 in

128 1598 346 1675 permutatione
372 1603 546 1676 operantur,
570 1597 624 1658 sed
650 1593 804 1658 beneficiis
828 1596 911 1673 prius
931 1595 1077 1672 possessis
1096 1603 1141 1668 pet

128 1685 310 1747 definitivam
322 1687 501 1746 sententiam
514 1691 585 1746 sunt
597 1685 744 1762 spoliandi
757 1687 809 1758 (t).
824 1689 865 1746 lle
880 1681 1141 1745 renuntiationibus

127 1774 256 1851 denique
278 1773 526 1834 conditionalibus
548 1789 603 1850 per
620 1774 797 1850 ingressum,
811 1788 993 1851 regressum,
1011 1777 1042 1833 et
1052 1785 1140 1831 acces·

127 1877 195 1923 sum
209 1879 270 1922 non
289 1863 414 1939 agimus,
429 1863 499 1938 quia
512 1881 530 1924 a
543 1877 659 1927 summo
671 1861 824 1938 Pontidius,
839 1879 857 1922 a
870 1877 931 1938 quo
949 1867 1064 1922 tantum
1079 1873 1142 1936 pos·

126 1957 193 2010 sent
204 1951 378 2028 procedere,
394 1967 455 2010 non
469 1951 566 2011 solent
579 1951 716 2012 concedi.

154 2123 190 2188 (l)
201 2123 267 2192 Gap.
283 2123 304 2184 l,
320 2103 354 2176 de
368 2123 463 2176 transl.
481 2121 570 2188 ltpiso.
584 2149 615 2164 -
632 2123 668 2189 (t)
682 2123 724 2175 lta
739 2123 850 2176 uadunt
864 2099 994 2176 Doctores
1008 2121 1043 2174 ad
1060 2119 1097 2175 tit
1113 2117 1141 2172 do
1210 2159 1211 2190 3

124 2193 219 2246 transl.
234 2193 324 2259 Episc.
335 2221 366 2233 -
375 2194 411 2260 (3)
424 2195 487 2260 Gap.
501 2195 527 2258 5,
539 2195 572 2248 da
585 2207 638 2246 rer.
650 2197 765 2260 permut.
779 2221 810 2232 -
823 2195 859 2261 (t)
872 2195 935 2260 Gap.
952 2194 976 2255 l.
991 2193 1059 2258 eodl

159 2373 223 2432 est.
242 2368 411 2446 llesignatio
430 2385 506 2446 pura
526 2366 664 2431 ellectum
685 2369 825 2446 producit
846 2370 1027 2443 absolutum,
1047 2381 1142 2445 quarn·
1210 2397 1211 2402 κ

125 2475 216 2535 quam
223 2473 278 2535 per
289 2465 514 2536 procuratorem
524 2461 646 2534 peraeta
655 2459 839 2534 exhibeatur,
853 2458 1051 2541 etresignans
1062 2469 1143 2520 omre
1210 2446 1211 2482 ³

124 2546 230 2607 amittit
246 2548 295 2624 jus
313 2547 352 2607 ad
371 2546 559 2620 beneficium,
574 2545 655 2622 quod
668 2553 804 2624 repetere
822 2547 949 2623 amplius
970 2545 1074 2622 nequit
1087 2545 1139 2618 (t);

122 2633 154 2692 in
167 2634 367 2710 resignatione
379 2651 452 2701 vero
466 2634 657 2695 conditionali
670 2632 845 2711 regulariter
858 2635 981 2695 effectus
1000 2643 1057 2710 est,
1075 2631 1141 2694 defl-
1210 2671 1211 2676 κ

122 2721 218 2782 dente
232 2723 412 2794 conditione,
435 2723 611 2784 resolubilis
635 2723 710 2784 ilino
723 2723 776 2800 qui
789 2722 951 2799 resignavit
969 2722 999 2782 in
1014 2723 1141 2782 favorem
1210 2755 1211 2760 κ

121 2809 210 2884 tertii,
224 2811 263 2870 ad
276 2827 316 2888 se¹
325 2811 503 2871 beneficium
516 2817 652 2886 revocat,¹
667 2809 692 2872 si
706 2811 800 2886 alteri,
814 2827 905 2888 quarn
918 2809 1073 2887 designato
1086 2815 1140 2868 ter·

122 2896 164 2955 tio
185 2897 304 2956 realiter
328 2897 510 2973 centaretum
534 2899 606 2961 item
626 2899 677 2975 qui
696 2900 753 2960 sub
775 2899 928 2976 pensionis
946 2899 1142 2959 reservatione

121 2983 292 3058 resignavit,
311 2985 349 3044 ad
362 2985 541 3046 beneficium
560 2987 649 3047 babet
669 2997 850 3063 regressum,
877 2987 902 3046 si
917 2987 1021 3064 pensio
1040 2986 1068 3046 ei
1086 2997 1140 3044 non

121 3071 269 3144 solvatur;
285 3087 322 3132 ac
340 3072 461 3134 demum
472 3075 525 3150 qui
538 3081 607 3151 post
620 3075 752 3134 habitum
770 3076 808 3135 de
825 3076 1024 3151 permutando
1038 3077 1143 3134 tracta·
1210 3073 1211 3136 i

121 3163 185 3218 tum
200 3175 269 3219 oum
282 3158 391 3236 aliquo,
406 3169 474 3222 antu
487 3177 575 3223 sunm
588 3162 748 3238 resignavit
764 3163 944 3224 beneficium
956 3161 1012 3222 sub
1025 3175 1141 3238 permu-
1210 3173 1211 3224 t

120 3246 240 3307 tutionis
260 3249 369 3324 speeie,
392 3249 423 3308 in
444 3249 601 3325 pristinum
617 3252 667 3326 J'us
687 3251 861 3325 restituitur,
890 3251 915 3310 si
939 3251 1013 3311 alins
1040 3253 1141 3326 postea

120 3351 206 3411 aeque
219 3353 281 3396 non
295 3336 499 3412 resignaverit,
512 3339 560 3397 vel
573 3339 659 3398 alteri
671 3355 762 3420 quam
776 3339 832 3399 sibi
841 3340 943 3400 datum
955 3339 1042 3402 fuerit
1050 3338 1139 3398 bene·

120 3423 221 3484 ficium
233 3425 273 3484 ab
291 3441 328 3485 eo
348 3425 540 3500 resignatum.
563 3426 646 3486 Ratio
666 3428 893 3488 antemnarum
911 3431 966 3502 est,
986 3428 1055 3504 quia
1068 3439 1140 3485 eon·

119 3511 191 3571 ditio
205 3513 245 3572 ita
258 3511 413 3590 suspendit
424 3518 537 3584 ectum,
552 3516 596 3588 ut,
611 3531 647 3574 ea
659 3515 790 3591 impleta,
810 3517 916 3591 valeat,
935 3522 976 3586 et,
992 3531 1028 3575 ea
1040 3511 1141 3574 deuei-
1170 3570 1175 3576 ,
1204 3547 1208 3558 ·

119 3602 188 3660 aute
202 3604 316 3680 meat,
329 3599 370 3660 tn
379 3615 440 3685 quo
457 3599 643 3670 eouemdmt
654 3600 1135 3691 numquamne-dispertiones
