2426 4070
499 188 655 248 ..139-

75 309 202 374 intanto
214 327 370 374 rennuere
383 314 434 386 (1).
452 314 488 371 nt
507 309 710 372 tridentinum
728 307 886 370 anathema
898 307 955 368 lert
967 304 999 364 in
1010 320 1075 379 eos,

73 403 111 478 qui
133 403 273 476 dicerent,
287 399 510 462 matrimonium
530 407 627 460 ratum
651 416 706 476 per
729 399 892 459 solemnem
917 393 1077 470 Religionis

73 493 266 567 prolemionem
293 508 354 550 non
379 489 477 552 dirimi
499 493 549 563 l²)-
573 493 731 566 Propterea
758 487 887 566 sponsis,
916 492 1075 546 eteorum

73 579 146 640 cuins
157 588 224 659 post
238 581 471 654 matrimonium,
493 585 523 640 et
550 585 619 640 ante
637 579 702 654 eius
719 576 1015 648 consummationem,
1030 571 1076 632 bi·

75 677 160 730 nestra
179 678 301 747 tempus
320 669 495 730 conceditur
518 669 557 728 ad
579 668 814 741 deliberandum,
829 683 868 727 an
884 666 915 728 in
935 661 1075 742 conjugio

74 773 180 830 nanera,
195 761 244 819 vel
258 758 297 818 ad
317 757 519 835 profitendum
539 757 569 816 in
589 757 741 834 Religione
763 755 928 835 approbata
949 752 1076 814 transire

71 847 153 908 mint
165 853 216 923 (3).
231 852 328 920 Quare
341 848 419 908 laeta
432 847 491 908 hoe
508 854 644 924 ternpore
658 865 697 908 ex
710 863 769 906 una
781 851 866 922 parta
878 851 972 905 status
985 859 1073 920 regu-

71 935 124 996 laris
135 937 291 1011 electione,
306 937 365 996 alia
377 935 408 996 in
422 937 532 998 saeeulo
546 953 671 996 manem
683 952 738 1013 per
753 935 902 1012 integrum
916 932 1075 994 novitiatus

70 1041 162 1088 annun
174 1028 265 1088 debet
284 1034 455 1102 expectare,
470 1025 545 1086 adeo
561 1033 594 1086 ut
604 1028 654 1101 J'us
667 1031 877 1102 consequatur,
892 1026 950 1098 vel,
965 1023 1076 1084 omnes

68 1116 245 1190 pmlessione,
264 1115 426 1176 revocandi
450 1131 639 1190 conversum,
658 1117 716 1190 vel,
731 1114 917 1191 professione
933 1114 1021 1184 lacta,
1035 1109 1075 1170 ad

68 1220 162 1265 novum
173 1204 396 1265 matrimonium
409 1204 595 1264 transeundi.
614 1211 727 1266 Revera
741 1203 847 1264 citatus
861 1202 993 1264 Pontifex
1006 1202 1074 1262 lle-

68 1295 166 1355 rander
178 1300 215 1356 lll
242 1295 284 1355 ita
304 1293 459 1370 adjungit:
475 1294 512 1354 Et
528 1294 617 1354 elteri
634 1294 811 1368 remanenti,
827 1295 853 1354 ai
876 1294 1072 1354 commonitus

68 1384 262 1444 attinentium
288 1399 405 1443 servare
426 1382 565 1456 noluerit,
594 1383 708 1443 lieitnrn
734 1391 776 1443 est
797 1383 837 1443 od
856 1382 984 1444 seeundo
1006 1390 1074 1442 vota

69 1474 180 1554 tramine
201 1478 253 1546 (i).
270 1471 407 1533 seeundo
427 1473 553 1532 solvitur
573 1474 672 1549 quoad
685 1472 836 1534 vinculum
853 1471 1075 1534 matrimonium

14 1593 16 1616 1
68 1571 167 1622 tantum
181 1570 280 1622 ratum
292 1579 348 1638 per
357 1561 465 1622 summi
474 1562 624 1622 pontificis
634 1563 895 1638 dispensationem,
909 1563 989 1639 quod
1003 1580 1073 1638 pro·

67 1647 140 1710 hatur
160 1651 298 1727 exemplo
312 1651 441 1726 plurium
464 1657 652 1712 summorum
677 1652 862 1726 Pontificum,
887 1652 937 1728 qui
963 1651 1075 1714 similes

67 1737 286 1815 dispensationes
295 1741 334 1800 ob
344 1742 454 1816 iustam
464 1757 647 1816 gravemque
661 1758 783 1802 eausam
797 1759 985 1815 concessere,
995 1749 1025 1802 et
1035 1759 1074 1802 ex

67 1828 221 1890 defiuitione
235 1829 386 1890 Benedicti
399 1833 467 1902 xlv,
478 1829 531 1905 qui
544 1829 675 1903 mandat,
686 1838 719 1890 ut
728 1829 844 1908 quoties
853 1831 918 1890 haeo
933 1830 1074 1907 quoeritur

69 1916 245 1994 dispensatio,
268 1920 394 1995 supplex
416 1919 534 1978 libellus
548 1919 717 1995 porrigatur
736 1921 793 1997 ipsi
807 1938 924 1980 summo
939 1918 1074 1980 Pontifici

67 2022 124 2066 cum
135 2009 272 2068 totalacti
285 2010 365 2068 clara
379 2015 409 2067 et
422 2007 538 2067 sincera
551 2007 748 2085 expositione,
759 2017 789 2070 et
803 2016 835 2070 ut
845 2009 894 2070 illa
904 2015 932 2071 S.
942 2015 1073 2086 Congre-

66 2097 142 2170 gatio,
156 2098 203 2160 cui
215 2099 292 2160 sorte
301 2097 416 2158 libellus
423 2098 640 2158 examinandus
651 2099 740 2159 luerit
750 2099 936 2174 commissus,
948 2117 1007 2160 non
1018 2099 1072 2160 de·

67 2185 185 2262 cisirum,
203 2187 258 2248 sed
276 2189 373 2247 solum
392 2185 592 2247 consultivum
604 2188 711 2248 habeat
725 2189 899 2265 suffragium
912 2194 962 2263 (6).
975 2187 1072 2250 Tertio

68 2273 173 2335 solvitur
185 2275 319 2336 similiter
331 2275 551 2334 matrimonium
561 2285 659 2337 ratum
670 2294 725 2354 per
733 2277 870 2355 Episcopi
884 2278 1071 2352 sententiam,

67 2377 115 2436 qua
133 2363 279 2438 delinitur,
303 2363 525 2424 matrimonium
545 2363 628 2441 prius
651 2373 837 2427 contractum
856 2373 979 2444 propter
1001 2367 1072 2427 diri·

66 2466 136 2512 meus
146 2453 399 2530 impedimentum,
412 2470 473 2514 non
488 2471 577 2530 posse
588 2454 716 2516 existere
731 2461 783 2528 (7).
796 2461 913 2530 Verum,
928 2463 962 2516 ut
975 2457 1072 2516 anim·

67 2543 213 2603 advertenti
246 2543 347 2603 statim
367 2551 459 2621 patet,
479 2544 538 2603 hoe
560 2545 650 2604 modo
670 2545 791 2622 propria
811 2562 872 2605 non
893 2545 1072 2606 rescinditur

67 2631 227 2773 neormam
241 2631 404 2707 vinculum,
419 2631 473 2692 sed
492 2639 605 2693 tantum
620 2635 790 2695 decernitur
803 2635 929 2708 nullum,
945 2641 977 2696 ut
990 2651 1071 2696 sem-

67 2724 109 2784 per
130 2730 178 2772 ui.

89 2842 119 2906 ql)
131 2843 192 2911 cap.
206 2845 230 2904 t,
246 2842 280 2895 de
294 2855 367 2894 conv.
383 2844 489 2908 conjug.
507 2871 533 2882 -
548 2845 583 2911 (t)
596 2846 660 2898 Can.
677 2847 702 2909 5,
717 2859 784 2897 sess.
800 2845 831 2897 tl
846 2844 879 2897 da
896 2849 975 2899 matr.
990 2873 1021 2886 -
1035 2847 1071 2912 (3)

67 2909 117 2976 Cap.
133 2915 154 2976 l,
170 2916 203 2966 de
212 2928 288 2966 conv.
305 2916 412 2979 conjug.
430 2941 457 2952 -
472 2915 507 2979 (l)
521 2916 571 2968 Cit.
585 2931 645 2984 cap.
662 2917 687 2982 l,
702 2916 736 2969 de
750 2931 826 2968 conv.
840 2920 946 2984 conjug.
964 2919 1070 2971 Praedi-

66 2985 125 3034 ctum
138 2996 224 3038 antcm
238 2985 406 3037 deliberandi
425 2991 531 3052 tempus
548 2989 655 3052 sponsis
674 3003 841 3053 concessum,
855 3003 908 3040 non
922 3003 939 3040 a
952 2992 995 3043 dis
1010 3005 1068 3043 ma·

66 3053 176 3114 trimonii,
190 3063 221 3107 ut
234 3057 344 3122 quidam
360 3062 465 3121 putant,
479 3061 521 3108 est
534 3059 751 3125 computandum,
766 3061 814 3112 sed
825 3074 841 3110 a
851 3061 903 3119 dis,
919 3075 973 3127 qua
981 3062 1064 3129 judex

67 3127 402 3180 aeclesiasticustorminum
412 3129 567 3192 praeilxerit,
575 3133 914 3186 uteommunitarsanliunt
924 3137 1066 3190 Doctores:

66 3206 117 3246 narn
129 3199 159 3250 da
169 3199 293 3264 judiciali
307 3199 420 3250 termino
431 3201 553 3264 praelixo
568 3205 610 3252 ast
624 3208 784 3268 conceptum
795 3206 904 3256 citatum
926 3211 1069 3273 septimum

67 3263 228 3320 decretalium
245 3277 347 3334 caput3
362 3275 389 3320 et
409 3270 518 3322 aliunde
537 3271 634 3323 citatus
648 3273 798 3326 Tridentini
821 3290 906 3328 canon
933 3279 1070 3330 indefinite

67 3333 167 3402 loquitur
180 3342 212 3392 de
227 3342 398 3392 matrimonio
412 3345 515 3392 tantum
536 3350 601 3394 rato.
617 3343 720 3397 Idcirco
740 3349 915 3413 quoadusque
930 3352 1068 3400 matrimo-

66 3409 173 3463 ninmast
184 3417 288 3464 tantum
304 3416 401 3470 ratum,
416 3415 508 3472 spousi
527 3414 597 3466 dieto
622 3417 763 3482 privilegio
779 3419 924 3479 fruuntur3
948 3420 995 3470 sed
1010 3419 1068 3486 api-

66 3491 147 3546 seopus
160 3498 205 3538 eos
218 3489 308 3549 potest
318 3484 425 3548 adigere
434 3484 505 3536 intra
516 3486 645 3539 bimestre
658 3490 862 3554 praeligendum,
874 3493 922 3540 aut
934 3489 968 3540 ad
977 3490 1067 3555 ingra-

66 3550 174 3608 dieadam
187 3557 356 3624 religionem,
370 3555 465 3610 autad
483 3559 645 3612 servandum
665 3559 874 3614 matrimonium.
894 3560 922 3612 si
936 3573 1000 3613 varo
1012 3561 1067 3627 pri·
