2524 4080
592 193 750 254 *ffl-

161 315 293 395 leptim
312 315 446 378 similiter
459 312 634 376 ordinarius
653 319 753 390 potest
770 333 836 378 esse
849 324 1014 394 competens
1028 317 1062 378 iu
1072 318 1188 394 minu,

159 413 211 469 eut
236 405 365 468 smmdu
386 405 553 465 instantia:
572 405 624 479 utri
643 404 764 480 quidem
781 423 884 468 omues
902 423 981 467 onus
1007 413 1109 484 germt
1131 425 1190 466 au-

158 495 259 556 diendi
272 511 390 568 musas,
402 499 432 554 et
445 491 609 554 dirimendi
619 491 686 553 lites
698 510 803 554 eorum
815 493 1015 570 jurisdictioni
1028 495 1189 569 obnoxias3
1259 557 1260 560 ,

158 577 244 645 aliter
259 583 304 644 rei
323 581 493 643 efficiuntur
516 581 652 642 criminis
673 581 828 658 denegatae
847 583 977 659 iustitiae.
997 584 1192 644 Nihilominus
1259 591 1260 602 ¹

158 674 202 734 ias
215 677 261 733 est
271 669 401 747 Principi
415 687 538 732 cansam
553 671 594 736 ab
610 669 743 735 interiori
755 672 856 748 judice
874 672 905 732 in
925 690 962 733 eo
977 678 1066 747 statu,
1084 673 1116 732 in
1131 689 1192 750 quo

158 760 315 838 reperitur,
330 759 370 820 ed
385 776 419 820 se
431 776 564 820 avocere
578 763 638 833 (l),
657 759 718 820 hoc
731 761 799 835 jure
813 777 853 820 ex
866 765 1029 822 Doctorum
1043 761 1192 822 sententia

155 849 263 910 {ruitur
284 864 404 926 quoque
426 846 597 924 Episcopus
615 847 713 922 quoad
734 847 881 908 vicarium
902 865 999 925 suum,
1019 858 1050 910 et
1067 851 1192 926 quilibet

154 938 249 1015 iudex
271 935 440 999 ordinarius
462 936 568 1012 quoad
590 951 679 996 suum
696 936 879 1011 delegatum
900 954 961 998 non
977 956 1050 999 vero
1069 939 1191 1000 Archia·

157 1026 299 1104 piscopus
310 1031 416 1086 contra
429 1041 502 1084 suos
515 1024 735 1100 suffraganeos,
754 1040 812 1084 nec
825 1029 855 1084 S.
871 1025 955 1086 Sedis
973 1033 1102 1103 legatus
1115 1044 1190 1088 con-

157 1123 204 1176 tre
215 1115 380 1192 Episcopos
396 1118 449 1188 (2).

188 1259 222 1325 (l)
233 1259 297 1326 Gap.
308 1259 348 1320 st,
359 1257 393 1311 da
406 1253 504 1326 appell.
519 1283 551 1294 —
568 1253 603 1319 (i)
619 1253 690 1308 Trid.
705 1267 772 1308 sess.
786 1255 826 1320 il,
841 1269 863 1309 c.
880 1257 920 1318 20,
933 1255 967 1310 de
981 1258 1030 1310 ret.

191 1453 254 1511 766.
275 1449 478 1527 competentia
491 1467 531 1510 er
545 1447 660 1524 duplici
674 1448 839 1524 prasertim
852 1450 934 1510 fonte
946 1450 1021 1522 fluit,
1030 1467 1143 1528 nempe
1152 1469 1190 1513 ex

155 1556 281 1618 persono
292 1539 346 1610 rei,
357 1545 435 1600 etex
448 1547 563 1602 acturo
578 1552 689 1599 causa.
700 1543 744 1598 lix
753 1555 882 1614 persona
895 1539 939 1600 rei
949 1539 1045 1616 judex
1057 1541 1093 1600 lit
1106 1558 1191 1602 com-

156 1634 262 1706 petens
281 1627 310 1686 in
325 1627 500 1703 quintuplici
515 1645 601 1687 casu.
616 1627 713 1688 Primo
726 1627 759 1686 ob
773 1628 956 1688 domicilium
973 1629 1109 1704 ejusdem
1124 1629 1187 1690 rei:

156 1715 205 1776 hic
222 1715 392 1791 intelligitur
404 1715 589 1785 domicilium
603 1713 804 1790 habitationis,
819 1716 900 1792 quod
915 1717 1051 1776 consistit
1063 1718 1093 1777 in
1107 1720 1185 1792 loeo,

156 1805 209 1866 ubi
225 1804 291 1881 quis
304 1805 417 1864 habitat
431 1821 502 1867 cum
514 1804 617 1866 auimo
630 1803 672 1862 ibi
684 1811 830 1880 perpetuo
844 1805 995 1879 manendi,
1011 1812 1043 1866 et
1055 1805 1105 1866 ubi
1118 1806 1186 1882 quis

157 1910 308 1956 summam
321 1894 472 1954 bonorum
490 1909 619 1954 suorum
637 1892 737 1966 hahet,
753 1893 801 1977 vel
819 1894 924 1954 saltem
940 1893 1115 1956 instructam
1129 1895 1186 1954 do-

156 1999 239 2044 mum
253 1985 294 2056 (l)
304 1999 312 2056 ;
323 1982 496 2058 intelligitur
505 1983 598 2042 etiam
611 1981 794 2042 domicilium
804 1981 950 2057 privatum
964 1986 1015 2057 tt),
1027 1983 1109 2060 quod
1121 1983 1188 2060 quis

156 2072 302 2152 praedicto
313 2072 404 2132 modo
417 2071 579 2131 habitando
589 2076 699 2144 servat,
710 2075 761 2130 aut
770 2069 826 2130 sibi
835 2070 873 2130 ad
883 2071 1007 2148 alcuius
1016 2079 1190 2132 contractis

157 2157 367 2222 executionem
390 2160 478 2236 clegit
496 2165 547 2234 (3).
570 2163 604 2218 ln
619 2157 678 2218 hoc
691 2159 839 2218 domicilio
854 2160 979 2236 quisque
993 2163 1092 2236 suum!
1100 2162 1192 2222 habet

157 2245 1191 2327 competentemjudicemordinarium,coramquoconveniri,etaquo

156 2338 290 2398 damnari
305 2343 415 2414 potest,
431 2351 616 2414 quamquam
630 2341 698 2411 post
711 2334 870 2412 legitimam
883 2335 1055 2398 citationem
1063 2339 1192 2398 domici-

155 2427 228 2488 lium
238 2433 268 2490 et
280 2427 378 2490 lorum
389 2431 484 2492 mutet
490 2431 540 2500 (l).
555 2425 696 2486 Secundo
710 2423 743 2483 ob
755 2433 943 2490 contractum,
949 2427 1044 2502 judex
1057 2427 1092 2488 fit
1106 2445 1192 2488 com-

156 2523 262 2592 petens
283 2514 314 2576 iu
331 2532 367 2574 eo
388 2515 466 2588 loco,
480 2513 511 2574 in
526 2531 586 2592 quo
604 2519 775 2592 contractus
792 2513 881 2575 initus
898 2513 961 2588 luit,
977 2515 1048 2592 quia
1066 2523 1189 2578 contra·

157 2613 223 2666 ctus
240 2610 310 2666 sunt
323 2603 435 2665 nedum
450 2604 535 2680 juxta
552 2601 758 2664 solemnitates
776 2608 806 2662 et
823 2604 905 2678 leges
921 2603 981 2663 loci
1005 2605 1190 2680 celebrandi,

157 2693 211 2754 sed
238 2690 581 2769 etiamJ'udicandi1ibi
609 2689 693 2751 enim
718 2690 865 2752 faciliores
885 2698 954 2752 sunt
980 2700 1190 2757 contractuum

156 2781 372 2857 probationes:
408 2781 489 2854 hinc,
516 2785 550 2840 ut
578 2778 685 2840 dicunt
711 2783 864 2854 Doctores,
898 2780 983 2841 locus
1014 2789 1189 2845 contractus

157 2875 203 2928 est
222 2868 312 2929 etiam
334 2869 419 2929 locus
441 2868 615 2942 distractum
639 2866 700 2928 hoc
724 2873 825 2929 tamen
851 2875 925 2928 tunc
948 2871 1096 2946 procedit,
1119 2889 1189 2934 cum

156 2956 187 3020 in
201 2955 267 3032 ipso
281 2957 349 3016 loco
363 2958 572 3018 contrahentes
585 2955 778 3020 inveniuntur
797 2961 849 3031 (5).
865 2957 961 3017 lertio
974 2958 1007 3017 ob
1019 2975 1086 3020 rem
1098 2962 1188 3022 sitam

155 3045 249 3121 judex
266 3045 300 3105 fit
315 3051 490 3122 competens
511 3045 542 3105 in
558 3045 638 3120 loco,
662 3045 696 3107 in
710 3061 770 3120 quo
789 3061 840 3106 res
852 3052 1047 3107 controversa
1060 3047 1120 3109 sita
1131 3059 1186 3126 est,

157 3133 226 3212 quia
240 3133 280 3193 ibi
293 3133 407 3218 facilior
421 3140 467 3194 est
480 3133 690 3216 possessionis,
705 3135 754 3194 vel
767 3133 891 3196 dominii
911 3135 1058 3212 probatio,
1074 3143 1106 3197 et
1118 3155 1186 3198 sen·

156 3223 256 3285 tentiae
270 3221 408 3282 executio
421 3225 472 3296 (6).
496 3227 616 3294 Quarto
629 3222 662 3283 ob
680 3221 820 3282 delictum
843 3223 877 3282 flt
900 3230 1073 3299 competens
1092 3227 1186 3302 judex

156 3312 229 3386 loci,
237 3310 270 3370 in
283 3321 342 3386 quo
356 3309 496 3371 delictum
516 3317 667 3387 patratum
676 3309 743 3384 trit,
755 3327 816 3370 non
827 3313 929 3372 'solum
941 3312 1010 3388 quia
1022 3313 1184 3376 ibifacilior

156 3401 254 3461 evadit
281 3397 380 3460 delicti
406 3398 553 3476 probatio,
585 3400 638 3462 sed
666 3399 756 3460 etiam
781 3399 852 3475 quia
873 3395 987 3476 justum
1014 3409 1071 3476 est,
1086 3417 1184 3463 ‘reum

157 3489 295 3565 exemplo
310 3504 408 3564 poeuae
421 3488 576 3564 prodesse,
591 3487 641 3547 ubi
656 3487 749 3548 obluit
761 3489 902 3564 exemplo
917 3488 1017 3549 delicti
1026 3495 1077 3564 (7).
1094 3490 1181 3562 Quiu-

156 3578 187 3631 to
205 3575 332 3651 deniqne
352 3575 385 3643 u
410 3583 524 3642 statum
546 3575 711 3642 abutatur
733 3576 815 3640 solus
835 3576 933 3652 judex
958 3578 1179 3644 ecclesiasticus
