2560 4080
520 253 681 312 -tto-

98 378 166 518 {aa}
197 377 394 504 tsttrprqrgicatitgne
410 378 526 448 possunt
551 377 697 433 decisionis
729 379 891 434 revisionem
913 378 1066 434 admittere.
1090 403 1122 422 ··

162 463 196 502 ns
209 465 238 502 t.
286 465 335 512 ,n.
365 491 371 502 .

133 668 197 726 9¹8.
216 668 297 726 Inter
310 681 410 726 sacras
426 665 688 742 congregationes,
703 681 770 743 quae
794 667 832 729 de
855 667 984 744 negotiis
998 641 1122 730 conten-

3 753 4 770 *
98 753 182 814 tiosis
199 761 394 831 cognoscunt,
409 754 497 815 hodie
509 754 644 832 primum
657 757 757 816 locum
772 755 886 816 obtinet
908 762 936 816 s.
953 761 1121 835 congrega·

97 843 141 904 tio
150 843 452 904 eminentissimorum
467 842 662 905 cardinalium
676 849 704 904 S.
722 844 842 906 concilii
855 845 1014 906 Tridentini
1029 851 1124 906 lnter-

96 939 227 1010 pretum.
243 937 315 994 cum
339 933 419 994 euim
441 934 506 994 haec
529 934 785 1010 congregatio'ad
806 952 876 996 eum
893 935 1124 1012 flnemprimum

96 1022 187 1082 fuerit
201 1021 343 1097 instituta,
366 1029 400 1082 ul
418 1023 636 1096 executionem,
652 1027 681 1083 et
701 1023 920 1084 observantiam
935 1024 1125 1085 decretorum

97 1109 215 1172 concilii
228 1110 388 1171 Tridentini
407 1117 525 1172 curaret
538 1116 589 1185 (t),
605 1129 641 1172 ac
654 1118 759 1189 postea
778 1119 813 1174 ut
837 1111 927 1172 etiam
956 1112 1125 1173 authentica

96 1199 203 1260 eadem
225 1199 347 1260 decreta
369 1207 485 1275 posset,
511 1203 649 1261 consulto
673 1202 832 1275 pontifice,
859 1200 1046 1278 interpretari
1070 1207 1123 1278 (9),
1242 1205 1244 1224 '

98 1305 229 1365 cumque
241 1289 300 1350 hoc
313 1289 474 1350 concilium
486 1291 648 1352 maximam
657 1291 733 1368 juris
746 1291 920 1352 recentioris
931 1298 1048 1368 partem
1057 1308 1125 1352 con-

98 1376 181 1438 iiciat
204 1394 241 1438 ac
253 1377 441 1453 determinet,
460 1379 490 1438 iu
506 1382 627 1456 quoius
640 1381 815 1457 praecedens
838 1381 927 1441 luerit
942 1388 1124 1456 correctum,

98 1467 149 1526 vel
158 1467 376 1542 confirmatum,
386 1474 437 1528 aut
450 1477 669 1543 conservatum,
684 1469 721 1528 ad
735 1469 831 1545 ipsam
844 1471 1013 1530 referuntur
1026 1471 1139 1530 omnia·

100 1555 230 1630 negotia,
244 1573 311 1633 quae
325 1555 437 1616 duecte
450 1557 489 1616 ad
502 1557 663 1618 Tridentini
675 1558 862 1635 disciplinam
875 1564 1020 1635 spectant,
1036 1566 1066 1620 et
1079 1559 1125 1618 in·

100 1643 212 1704 directe
231 1645 337 1723 adjus
358 1646 532 1722 praecedens
555 1647 594 1707 ab
618 1647 684 1724 ipso
710 1649 879 1709 Tridentino
904 1656 1125 1724 conservatum,

99 1734 150 1794 vel
161 1734 381 1810 confirmatum,
395 1736 486 1796 modo
502 1754 542 1798 ex
561 1737 682 1813 speciali
706 1736 855 1797 ronnflcis
868 1731 1022 1798 voluntate
1037 1737 1075 1798 ab
1090 1755 1127 1798 ea

100 1822 254 1884 subtracta
276 1840 337 1884 uon
360 1823 430 1900 nint,
455 1832 486 1886 et
509 1826 595 1887 alteri
620 1826 846 1908 congregationi
868 1842 1023 1888 concessa.
1051 1827 1126 1888 liinc

98 1910 174 1985 fluit,
186 1913 265 1974 hanc
280 1915 544 1990 congregationem
555 1931 726 1992 supremam
739 1933 806 1976 esse
819 1916 959 1976 Ecclesiae
971 1916 1127 1976 universa·

101 2002 140 2062 iis
153 2002 277 2078 curiam,
291 2021 357 2080 quae
377 2004 408 2064 in
428 2003 594 2080 disciplina,
609 2011 639 2065 el
653 2004 790 2065 moribus
804 2021 958 2068 sacrorum
975 2022 1126 2067 canonum

98 2089 162 2150 vim
185 2096 216 2152 et
229 2098 408 2167 potestatam
420 2093 561 2168 declarat,
578 2110 704 2170 quaeque
724 2093 754 2152 in
769 2093 844 2153 actis
857 2093 970 2168 definit,
987 2093 1058 2171 quid
1072 2111 1126 2154 va·

100 2179 161 2242 lide
184 2187 215 2241 et
237 2180 383 2257 legitime,
402 2188 433 2242 et
453 2181 525 2258 quid
544 2198 703 2258 perperam
721 2189 751 2242 el
771 2182 922 2258 illegitime
947 2189 1065 2258 gestum
1077 2184 1127 2244 vel

98 2271 264 2348 gerendum
275 2271 322 2331 sit.
336 2277 403 2332 llaec
416 2271 542 2347 proinde
550 2271 746 2348 congregatio
759 2288 777 2329 a
788 2271 944 2332 sententiis
957 2278 987 2331 el
999 2271 1128 2333 decretis

99 2360 234 2422 omnium
248 2359 471 2421 ordinariorum
485 2361 699 2437 appellationes
721 2359 836 2436 recipit,
862 2361 900 2421 de
914 2361 1129 2436 quaestionibus

96 2449 392 2528 jurisdictionalibus,
410 2449 449 2510 de
463 2449 619 2526 disciplina
631 2465 760 2524 morum,
776 2455 806 2509 et
821 2450 1051 2526 obligationibus
1061 2453 1127 2512 cle·

99 2540 245 2614 nieorum,
260 2539 298 2600 de
309 2539 407 2614 poenis
425 2538 645 2614 ecclesiasticis,
659 2545 689 2599 el
703 2537 848 2613 censuris,
861 2538 899 2599 da
913 2539 1126 2617 adimplemen·

101 2628 140 2688 tis
153 2630 333 2706 legatorum,
347 2631 377 2688 ct
390 2626 532 2688 oneribus
550 2627 719 2702 missarum,
734 2628 772 2687 de
791 2627 909 2694 statutis
923 2628 1127 2704 synodalibus,

102 2726 134 2780 et
147 2715 368 2795 capitularibus,
383 2715 421 2775 de
432 2716 512 2775 omni
525 2717 696 2792 gravamine
707 2715 853 2794 judiciali,
875 2723 905 2778 et
916 2717 1129 2794 extrajudiciali

101 2809 200 2884 deque
214 2805 352 2866 omnibus
366 2803 503 2881 negotiis,
518 2805 547 2865 iu
563 2805 671 2883 quibus
685 2805 843 2867 intervenit
855 2805 955 2883 aliqua
968 2806 1133 2868 Tridentini·

100 2897 216 2974 regula,
232 2896 343 2956 nedum
356 2901 509 2972 tamquam
519 2895 613 2973 judex
627 2894 836 2971 appellationis
849 2894 880 2954 in
894 2912 1045 2957 concursu
1058 2913 1128 2958 cum

102 2987 237 3066 quolibet
258 2985 499 3063 archiepiscopo,
523 2985 742 3045 verumetiam
762 2983 792 3042 in
819 2984 915 3060 prima
936 2985 1074 3046 instantia
1097 2988 1128 3046 in

103 3091 252 3137 concursu
266 3092 335 3136 cum
346 3074 478 3152 quolibet
489 3073 590 3151 judice
604 3072 806 3134 ecclesiastico
821 3074 985 3151 cognoscit,
1000 3093 1036 3136 ac
1054 3077 1128 3136 dafl-

102 3163 148 3226 nit
162 3167 213 3238 (3).
234 3164 356 3225 Duobus
375 3172 476 3224 autem
497 3163 594 3246 modis
616 3163 676 3223 hoc
692 3179 837 3240 peragere
852 3170 962 3239 potest,
977 3161 1126 3238 nimirum,

97 3254 181 3332 juria
196 3255 298 3314 ordino
312 3261 437 3329 servolo,
451 3256 499 3314 vel
513 3270 549 3314 en
562 3269 642 3330 aquo
657 3261 684 3313 ct
699 3253 780 3313 bono.
797 3253 929 3315 Primum
942 3255 1066 3314 modum
1079 3253 1129 3313 ob

99 3350 216 3417 servat,
229 3343 348 3420 quando
362 3343 455 3421 partis
469 3349 647 3420 procurator
660 3342 690 3401 id
703 3342 776 3419 petit
790 3341 819 3400 in
835 3359 889 3402 sua
899 3340 1037 3401 instantia
1052 3343 1125 3403 scri·

104 3431 205 3493 bendo
219 3433 388 3508 formulam,
400 3431 446 3493 nil
461 3439 592 3492 transeut
607 3448 615 3504 ς
631 3430 797 3492 secundum
809 3446 881 3491 vero
896 3430 1015 3506 quando
1027 3437 1129 3508 partes

107 3521 307 3596 consentiunt,
318 3527 353 3583 nt
360 3521 436 3601 iuris
446 3522 521 3583 ordo
534 3527 743 3599 postponatur,
757 3519 873 3583 ednmsi
886 3520 924 3582 de
937 3519 1130 3582 contentiosis

98 3611 251 3690 ¹iudicium
264 3609 311 3673 sit.
480 3653 485 3662 ι
