2432 4078
63 352 161 406 ιιιιιιιιι
172 367 189 406 a
201 353 328 408 mnonico
341 353 505 408 observandi
527 353 652 406 honestes
666 352 694 404 et
715 350 866 406 laudmiles
888 349 1058 404 consuetudi·

62 439 100 478 ues
109 426 236 492 Capituli;
248 426 312 479 itam
326 425 468 494 promissio
482 426 552 476 iacta
566 425 601 476 ab
615 423 737 476 ordinato
756 422 891 475 ordinanti
908 422 1060 476 dioecesano

62 508 98 546 suo
109 497 245 549 exhibendi
259 497 429 563 obsequium,
442 502 469 548 et
481 496 671 558 obedientiam,
681 493 860 560 etpromissio
875 494 945 546 lacta
962 505 1060 546 anovo

62 567 278 634 episcoposummo
289 567 412 620 Pontifici
422 567 547 620 servandi
563 567 728 626 tidelitetem,
743 579 797 616 non
807 564 994 616 manifestandi
1003 565 1061 630 elus

63 638 192 703 consilium,
206 639 368 692 defendendi
382 640 524 704 Peputum,
534 636 730 689 interveniendi
744 637 858 689 concilio
861 635 1024 702 ,recipiendi
1034 637 1062 686 at

61 707 183 762 bononiae
197 711 330 764 tractandi
343 713 403 776 ejus
417 711 554 776 Legatum,
569 714 596 762 et
609 709 704 760 limina
716 708 909 772 Apostolorum
923 706 1060 760 visitandi.

62 778 112 844 Cep·
124 781 145 844 l,
159 782 193 834 de
204 782 284 848 juris.
297 782 418 847 Denique
431 781 505 832 licita
518 785 561 834 est
574 779 716 844 promissio
730 779 770 832 rei
786 778 935 842 spiritualis
949 791 998 844 pro
1009 777 1062 844 spi·

61 850 142 912 rituali,
152 859 182 904 ut
193 859 258 918 puta
270 853 376 906 rosana
386 851 429 904 vel
440 866 551 904 6666666
562 852 728 919 precatorias
740 849 868 902 recitandi
883 865 931 916 pro
942 850 1062 902 celebra·

61 919 225 976 inremissae
239 922 539 990 Reiffenstueldepact.
550 937 576 974 n
593 924 641 980 66;
655 936 710 974 uon
723 935 786 973 vero
803 921 842 972 rei
856 920 1006 1004 spiritualis
1019 919 1063 972 vel

61 992 175 1056 spirituali
197 995 309 1046 adnexae
335 1009 384 1062 pro
411 995 560 1059 temporali,
581 993 653 1060 quod
676 993 794 1046 continet
814 992 909 1043 vitium
929 991 1061 1044 simonie.

62 1062 112 1128 (lep.
123 1066 144 1125 5,
158 1067 193 1118 66
206 1079 259 1118 rer.
274 1070 431 1134 permut.-
441 1067 476 1132 (8)
495 1065 655 1132 Propterea
659 1065 762 1129 absquo
780 1063 900 1129 legitime
914 1062 1063 1128 superioris

61 1138 201 1190 suenriute
216 1151 271 1190 non
294 1137 357 1190 licet
368 1137 409 1190 liti
421 1151 506 1203 super
525 1136 655 1190 beneflcio
670 1137 800 1188 institute
821 1137 933 1200 proptor
946 1133 1064 1186 oblatam

61 1209 188 1270 peaummn
202 1209 372 1272 renunciare,
386 1209 490 1262 etiamsi
505 1208 532 1260 id
551 1208 623 1259 derit
641 1207 675 1259 ad
689 1219 821 1271 expensas
842 1205 1063 1270 compensandus.

60 1276 111 1341 Cap
118 1279 140 1344 l,
152 1281 187 1332 de
201 1283 283 1347 pacta
295 1280 394 1332 eumin
405 1279 535 1332 beneflcio
550 1279 690 1330 instituere
694 1278 757 1344 ,qui
777 1291 894 1330 annuam
907 1276 1065 1343 pensionem

59 1350 221 1412 repensionis
233 1352 352 1417 anuquae
366 1353 558 1416 augumentum
574 1349 714 1414 promittit.
730 1349 796 1414 Cap
819 1349 844 1412 6,
869 1347 947 1400 eod·
941 1346 1065 1411 ,pacisci

60 1417 271 1474 666666666666
264 1437 293 1474 m
307 1422 444 1474 beneficio.
461 1423 525 1487 (lep.
544 1423 569 1485 5,
584 1421 642 1474 eod
664 1421 819 1502 promittere
836 1418 978 1484 pecuniam
1000 1417 1064 1483 lipi-

59 1501 124 1573 eoopo
137 1493 294 1545 ordinatori.
308 1493 373 1545 Gen.
389 1493 413 1556 3,
434 1494 459 1557 3,
476 1493 517 1557 13,
531 1491 589 1552 al,
604 1506 632 1558 q.
649 1491 681 1554 l;
701 1491 809 1556 exigere
822 1490 937 1570 pretium
953 1501 1001 1554 pro
1015 1487 1064 1539 ad·

59 1563 173 1616 missione
184 1563 219 1616 ad
229 1563 427 1616 monachatum
438 1565 502 1617 Gan.
514 1565 537 1629 3,
551 1578 575 1616 6.
591 1565 613 1627 1,
638 1576 665 1628 q
676 1563 735 1614 ‘tet
757 1575 816 1628 cap.
832 1560 869 1620 ι3,
887 1549 934 1612 de'
933 1559 1064 1621 simonia;

60 1631 113 1684 dare
125 1633 197 1686 bons
212 1635 325 1702 proprie
335 1649 384 1702 pro
398 1637 531 1688 erectione
549 1635 682 1698 benetlaii,
696 1635 764 1686 utin
778 1647 810 1686 eo
826 1632 1064 1684 donansinstitna·

60 1703 101 1754 tur
115 1704 179 1772 Gap.
194 1707 234 1770 dt,
246 1707 316 1767 666,
336 1705 432 1760 offerre
446 1707 588 1772 pecuniam
600 1719 649 1771 pro
669 1704 813 1757 obtinendo
830 1703 957 1770 suffragio
971 1702 1006 1754 ad
1017 1702 1065 1754 be·

59 1772 144 1827 licium.
160 1777 224 1842 (lap.
242 1778 283 1837 37,
296 1777 372 1838 666,
386 1777 504 1830 liberare
517 1779 679 1844 Episcopum
692 1776 810 1842 aliquem
823 1775 992 1827 ordinantem
1007 1773 1066 1826 eine

58 1843 123 1898 titulo
134 1849 169 1900 ab
184 1847 348 1912 obligatione
361 1849 402 1900 ιιιι
410 1849 558 1914 praestandi
569 1850 697 1902 alimenta
718 1851 799 1913 prout
818 1847 932 1914 dejure.
946 1846 1010 1910 dep
1025 1845 1066 1898 65.

58 1915 107 1967 eod
123 1918 189 1970 Hac
198 1922 225 1972 et
234 1919 287 1972 alia
296 1919 396 1973 similis
405 1925 512 1988 pactae
529 1921 589 1988 iure
602 1933 679 1974 sacro
692 1920 912 1972 damnantur.-
881 1917 961 1982 -(3)
978 1915 1008 1968 b.
1025 1915 1065 1980 33,

60 1993 100 2057 ιι.
115 1995 141 2049 ιι.
157 1997 192 2053 66
206 2003 292 2052 contr.
304 2002 386 2068 empt.

89 2187 146 2246 6ι8.
166 2189 212 2246 Ex
234 2185 339 2262 pactis,
360 2186 570 2260 contractibus,
593 2190 623 2248 et
646 2185 730 2262 quasi
750 2183 951 2246 contractibus
974 2182 1068 2244 oritur

61 2271 201 2351 obligatio,
213 2292 280 2352 quae
293 2276 410 2336 deliniri
422 2281 530 2353 potest,
545 2275 700 2337 ιιιιιιιιιιιιιι
715 2275 807 2350 ι’·ιιιιι,
821 2290 877 2350 qao
900 2271 1068 2334 necesitate

60 2363 269 2442 adstringimur
281 2365 321 2426 aa
333 2365 446 2442 aliquid
456 2365 635 2441 faciendum,
649 2363 694 2425 acl
703 2361 916 2440 prestandum.
932 2365 994 2421 lloc
1007 2358 1069 2419 vin·

61 2453 119 2512 culo
137 2455 268 2529 juvatur,
283 2460 314 2515 et
335 2453 526 2531 adstringitur
549 2454 615 2530 ipsa
637 2452 779 2524 Ecclesia,
805 2467 872 2527 quae
895 2465 949 2526 per
969 2455 1065 2525 pacta,

60 2548 221 2604 conbustus
235 2549 265 2606 et
278 2541 363 2619 quasi
376 2548 546 2602 contractus
568 2542 649 2601 bona
668 2539 833 2618 acquirere,
855 2544 888 2598 et
910 2535 1064 2612 emunita,

62 2631 176 2692 aervatis
189 2631 266 2709 juris
277 2630 559 2708 praescriptionibus
574 2629 605 2689 in
626 2629 701 2690 alios
719 2628 878 2688 transferre
895 2630 1001 2701 potest.
1017 2627 1069 2684 Est

62 2717 134 2778 cuim
153 2735 284 2796 persona
304 2719 436 2794 moralis,
456 2725 486 2780 et
504 2720 610 2796 prime,
626 2735 662 2780 ec
674 2713 846 2793 principalis
858 2712 985 2774 societas
1006 2727 1068 2772 non

63 2801 238 2882 humanitus,
257 2809 311 2869 sed
334 2807 473 2869 divinitus
496 2805 638 2866 instituta.
662 2811 757 2878 Quare
778 2804 827 2880 jus
849 2807 1066 2876 contractuum,

62 2896 136 2968 quod
148 2897 212 2958 aliis
225 2897 362 2975 personis
372 2893 730 2964 moralibusoonoeditur,
744 2908 805 2953 non
819 2897 918 2969 potest
930 2889 1068 2952 neclesiae

63 2981 114 3042 nisi
125 3003 177 3061 per
190 3001 340 3050 summum
353 2987 442 3046 uetes
460 2985 572 3060 negari.
588 2984 707 3060 Hocine
720 2980 854 3044 exercuit
867 2999 885 3040 a
902 2997 957 3043 sua
975 2979 1069 3056 prima

63 3066 245 3149 institutione,
264 3081 404 3151 utsupra
422 3075 484 3150 iam
502 3073 639 3144 vidimus,
660 3077 690 3131 et
708 3087 826 3148 semper
845 3067 985 3144 deinceps
997 3067 1069 3128 reti·

62 3161 131 3242 nuit,
144 3163 211 3226 lieet
225 3182 243 3224 a
258 3164 319 3224 suis
332 3163 574 3240 persecutoribus
591 3160 751 3222 identidem
764 3160 871 3220 eodem
887 3158 994 3235 iujnste
1009 3155 1069 3232 pri·

66 3258 186 3314 seretur.
202 3253 392 3314 saeuientem
404 3268 533 3312 canones
551 3250 582 3311 in
596 3249 841 3310 conventionibus
857 3246 945 3309 licitis
965 3251 995 3306 et
1014 3245 1070 3304 bo·

67 3338 151 3400 neeis
162 3343 244 3419 leges
258 3341 451 3418 particulares
464 3337 638 3417 agnoscunt,
653 3344 683 3400 ct
701 3338 843 3400 mendant
860 3339 1003 3416 perpetuo
1023 3331 1068 3392 iu·

65 3427 229 3493 violabiliter
242 3428 452 3502 observarint.

98 3587 133 3656 (1)
143 3591 227 3661 Cepi
241 3593 269 3648 et
277 3592 301 3660 3,
315 3591 349 3646 de
361 3593 432 3660 pact
444 3589 473 3643 in
483 3589 509 3656 6,
523 3591 551 3644 et
562 3601 622 3668 can.
638 3589 664 3656 3,
678 3603 701 3644 6.
717 3587 755 3652 ιθ,
768 3600 794 3656 q.
810 3585 835 3639 3.

906 3695 945 3753 17.
