<?xml version="1.0" encoding="UTF-8"?>
<!DOCTYPE html PUBLIC "-//W3C//DTD XHTML 1.0 Transitional//EN"
    "http://www.w3.org/TR/xhtml1/DTD/xhtml1-transitional.dtd">
<html xmlns="http://www.w3.org/1999/xhtml" xml:lang="en" lang="en">
 <head>
  <title>
</title>
<meta http-equiv="Content-Type" content="text/html;charset=utf-8" />
  <meta name='ocr-system' content='tesseract 3.04.00' />
  <meta name='ocr-capabilities' content='ocr_page ocr_carea ocr_par ocr_line ocrx_word'/>
</head>
<body>
  <div class='ocr_page' id='page_1' title='image "./summainstitutio01ferrgoog_0304.png"; bbox 0 0 2432 4078; ppageno 0'>
   <div class='ocr_carea' id='block_1_1' title="bbox 477 193 639 252">
    <p class='ocr_par' dir='ltr' id='par_1_1' title="bbox 477 193 639 252">
     <span class='ocr_line' id='line_1_1' title="bbox 477 193 639 252; baseline 0.012 -2"><span class='ocrx_word' id='word_1_1' title='bbox 477 193 585 252; x_wconf 75' lang='lat'>-293</span> <span class='ocrx_word' id='word_1_2' title='bbox 603 222 639 238; x_wconf 89' lang='lat'>-</span> 
     </span>
    </p>
   </div>
   <div class='ocr_carea' id='block_1_2' title="bbox 8 311 1079 1164">
    <p class='ocr_par' dir='ltr' id='par_1_2' title="bbox 8 311 1079 1164">
     <span class='ocr_line' id='line_1_2' title="bbox 105 311 1076 384; baseline 0.008 -20"><span class='ocrx_word' id='word_1_3' title='bbox 105 311 134 376; x_wconf 78' lang='lat' dir='ltr'>tl)</span> <span class='ocrx_word' id='word_1_4' title='bbox 153 313 220 366; x_wconf 73' lang='lat' dir='ltr'>alias</span> <span class='ocrx_word' id='word_1_5' title='bbox 240 315 388 368; x_wconf 85' lang='lat' dir='ltr'>omittimus</span> <span class='ocrx_word' id='word_1_6' title='bbox 414 319 598 369; x_wconf 75' lang='lat' dir='ltr'><strong>contractuum</strong></span> <span class='ocrx_word' id='word_1_7' title='bbox 620 315 775 384; x_wconf 74' lang='lat' dir='ltr'>divisiones,</span> <span class='ocrx_word' id='word_1_8' title='bbox 802 320 833 370; x_wconf 88' lang='lat' dir='ltr'>ut</span> <span class='ocrx_word' id='word_1_9' title='bbox 845 321 908 370; x_wconf 88' lang='lat' dir='ltr'>sunt</span> <span class='ocrx_word' id='word_1_10' title='bbox 924 321 1076 372; x_wconf 86' lang='lat' dir='ltr'>contractus</span> 
     </span>
     <span class='ocr_line' id='line_1_3' title="bbox 82 382 1078 454; baseline 0.006 -18"><span class='ocrx_word' id='word_1_11' title='bbox 82 382 139 436; x_wconf 78' lang='lat' dir='ltr'>icta</span> <span class='ocrx_word' id='word_1_12' title='bbox 148 385 349 450; x_wconf 60' lang='lat' dir='ltr'>pertetariae</span> <span class='ocrx_word' id='word_1_13' title='bbox 359 387 444 454; x_wconf 72' lang='lat' dir='ltr'>juris,</span> <span class='ocrx_word' id='word_1_14' title='bbox 455 392 606 440; x_wconf 87' lang='lat' dir='ltr'>contractus</span> <span class='ocrx_word' id='word_1_15' title='bbox 620 385 733 446; x_wconf 62' lang='lat' dir='ltr'>onerosi.</span> <span class='ocrx_word' id='word_1_16' title='bbox 744 394 771 442; x_wconf 88' lang='lat' dir='ltr'>et</span> <span class='ocrx_word' id='word_1_17' title='bbox 783 389 908 454; x_wconf 64' lang='lat' dir='ltr'>palatii,</span> <span class='ocrx_word' id='word_1_18' title='bbox 920 391 975 442; x_wconf 87' lang='lat' dir='ltr'>sive</span> <span class='ocrx_word' id='word_1_19' title='bbox 989 389 1078 442; x_wconf 80' lang='lat' dir='ltr'>laevo·</span> 
     </span>
     <span class='ocr_line' id='line_1_4' title="bbox 79 453 1076 526; baseline 0.007 -21"><span class='ocrx_word' id='word_1_20' title='bbox 79 453 123 516; x_wconf 86' lang='lat' dir='ltr'>iioi,</span> <span class='ocrx_word' id='word_1_21' title='bbox 139 457 181 520; x_wconf 90' lang='lat' dir='ltr'>qni</span> <span class='ocrx_word' id='word_1_22' title='bbox 194 459 354 510; x_wconf 79' lang='lat' dir='ltr'>subtilitates</span> <span class='ocrx_word' id='word_1_23' title='bbox 368 459 470 520; x_wconf 89' lang='lat' dir='ltr'>civiles,</span> <span class='ocrx_word' id='word_1_24' title='bbox 493 459 581 523; x_wconf 88' lang='lat' dir='ltr'>potius</span> <span class='ocrx_word' id='word_1_25' title='bbox 595 473 677 524; x_wconf 88' lang='lat' dir='ltr'>quem</span> <span class='ocrx_word' id='word_1_26' title='bbox 695 460 850 526; x_wconf 81' lang='lat' dir='ltr'>aequitetem</span> <span class='ocrx_word' id='word_1_27' title='bbox 864 461 1020 512; x_wconf 85' lang='lat' dir='ltr'>canonicam</span> <span class='ocrx_word' id='word_1_28' title='bbox 1033 475 1076 512; x_wconf 89' lang='lat' dir='ltr'>re·</span> 
     </span>
     <span class='ocr_line' id='line_1_5' title="bbox 78 525 1077 594; baseline 0.01 -20"><span class='ocrx_word' id='word_1_29' title='bbox 78 525 224 590; x_wconf 74' lang='lat' dir='ltr'>spiciunt-</span> <span class='ocrx_word' id='word_1_30' title='bbox 235 529 271 593; x_wconf 80' lang='lat' dir='ltr'>(t)</span> <span class='ocrx_word' id='word_1_31' title='bbox 288 527 403 580; x_wconf 90' lang='lat' dir='ltr'>Romani</span> <span class='ocrx_word' id='word_1_32' title='bbox 413 530 549 582; x_wconf 90' lang='lat' dir='ltr'>habebant</span> <span class='ocrx_word' id='word_1_33' title='bbox 560 529 674 581; x_wconf 88' lang='lat' dir='ltr'>ulterius</span> <span class='ocrx_word' id='word_1_34' title='bbox 688 535 841 583; x_wconf 87' lang='lat' dir='ltr'>contractus</span> <span class='ocrx_word' id='word_1_35' title='bbox 855 531 980 594; x_wconf 84' lang='lat' dir='ltr'>verbalcs,</span> <span class='ocrx_word' id='word_1_36' title='bbox 994 537 1022 583; x_wconf 87' lang='lat' dir='ltr'>et</span> <span class='ocrx_word' id='word_1_37' title='bbox 1033 531 1077 584; x_wconf 79' lang='lat' dir='ltr'>tit·</span> 
     </span>
     <span class='ocr_line' id='line_1_6' title="bbox 78 597 1075 666; baseline 0.008 -20"><span class='ocrx_word' id='word_1_38' title='bbox 78 597 161 648; x_wconf 77' lang='lat' dir='ltr'>tocies.</span> <span class='ocrx_word' id='word_1_39' title='bbox 176 598 216 649; x_wconf 81' lang='lat' dir='ltr'>Avl</span> <span class='ocrx_word' id='word_1_40' title='bbox 227 600 353 651; x_wconf 89' lang='lat' dir='ltr'>verbales</span> <span class='ocrx_word' id='word_1_41' title='bbox 370 601 536 652; x_wconf 81' lang='lat' dir='ltr'>referebatur</span> <span class='ocrx_word' id='word_1_42' title='bbox 560 601 709 666; x_wconf 76' lang='lat' dir='ltr'>stipulatio,</span> <span class='ocrx_word' id='word_1_43' title='bbox 724 616 785 666; x_wconf 82' lang='lat' dir='ltr'>quae</span> <span class='ocrx_word' id='word_1_44' title='bbox 799 603 912 654; x_wconf 81' lang='lat' dir='ltr'>solemni</span> <span class='ocrx_word' id='word_1_45' title='bbox 931 603 1075 654; x_wconf 83' lang='lat' dir='ltr'>verborum</span> 
     </span>
     <span class='ocr_line' id='line_1_7' title="bbox 78 667 1076 739; baseline 0.008 -23"><span class='ocrx_word' id='word_1_46' title='bbox 78 667 148 718; x_wconf 87' lang='lat' dir='ltr'>torma</span> <span class='ocrx_word' id='word_1_47' title='bbox 170 670 414 736; x_wconf 60' lang='lat' dir='ltr'>paulicianorum</span> <span class='ocrx_word' id='word_1_48' title='bbox 436 685 477 737; x_wconf 79' lang='lat' dir='ltr'>gr.</span> <span class='ocrx_word' id='word_1_49' title='bbox 500 669 619 737; x_wconf 75' lang='lat' dir='ltr'>Spondeo</span> <span class='ocrx_word' id='word_1_50' title='bbox 631 671 700 724; x_wconf 81' lang='lat' dir='ltr'>mibi</span> <span class='ocrx_word' id='word_1_51' title='bbox 722 673 789 724; x_wconf 80' lang='lat' dir='ltr'>darc</span> <span class='ocrx_word' id='word_1_52' title='bbox 804 675 932 726; x_wconf 78' lang='lat' dir='ltr'>contum?</span> <span class='ocrx_word' id='word_1_53' title='bbox 946 669 1076 739; x_wconf 80' lang='lat' dir='ltr'>Spondeo.</span> 
     </span>
     <span class='ocr_line' id='line_1_8' title="bbox 76 737 1076 810; baseline 0.008 -22"><span class='ocrx_word' id='word_1_54' title='bbox 76 737 110 788; x_wconf 82' lang='lat' dir='ltr'>tn</span> <span class='ocrx_word' id='word_1_55' title='bbox 122 738 243 793; x_wconf 85' lang='lat' dir='ltr'>litterales</span> <span class='ocrx_word' id='word_1_56' title='bbox 256 742 443 794; x_wconf 80' lang='lat' dir='ltr'>reserebantur</span> <span class='ocrx_word' id='word_1_57' title='bbox 458 743 497 794; x_wconf 85' lang='lat' dir='ltr'>iili</span> <span class='ocrx_word' id='word_1_58' title='bbox 518 747 681 806; x_wconf 85' lang='lat' dir='ltr'>contractus,</span> <span class='ocrx_word' id='word_1_59' title='bbox 695 745 742 810; x_wconf 79' lang='lat' dir='ltr'>quvi</span> <span class='ocrx_word' id='word_1_60' title='bbox 756 745 915 808; x_wconf 87' lang='lat' dir='ltr'>scripturam</span> <span class='ocrx_word' id='word_1_61' title='bbox 929 746 963 796; x_wconf 88' lang='lat' dir='ltr'>ad</span> <span class='ocrx_word' id='word_1_62' title='bbox 982 758 1076 797; x_wconf 88' lang='lat' dir='ltr'>eorum</span> 
     </span>
     <span class='ocr_line' id='line_1_9' title="bbox 74 810 1073 881; baseline 0.007 -22"><span class='ocrx_word' id='word_1_63' title='bbox 74 810 231 864; x_wconf 83' lang='lat' dir='ltr'>substantiam</span> <span class='ocrx_word' id='word_1_64' title='bbox 241 814 433 878; x_wconf 79' lang='lat' dir='ltr'>requirebant:</span> <span class='ocrx_word' id='word_1_65' title='bbox 450 815 585 880; x_wconf 87' lang='lat' dir='ltr'>scriptura</span> <span class='ocrx_word' id='word_1_66' title='bbox 595 817 676 867; x_wconf 87' lang='lat' dir='ltr'>etiam</span> <span class='ocrx_word' id='word_1_67' title='bbox 688 827 760 866; x_wconf 89' lang='lat' dir='ltr'>nune</span> <span class='ocrx_word' id='word_1_68' title='bbox 774 829 806 866; x_wconf 85' lang='lat' dir='ltr'>ex</span> <span class='ocrx_word' id='word_1_69' title='bbox 812 817 875 880; x_wconf 88' lang='lat' dir='ltr'>jure</span> <span class='ocrx_word' id='word_1_70' title='bbox 889 816 960 866; x_wconf 89' lang='lat' dir='ltr'>civili</span> <span class='ocrx_word' id='word_1_71' title='bbox 974 816 1003 866; x_wconf 90' lang='lat' dir='ltr'>in</span> <span class='ocrx_word' id='word_1_72' title='bbox 1013 814 1073 881; x_wconf 91' lang='lat' dir='ltr'>plu-</span> 
     </span>
     <span class='ocr_line' id='line_1_10' title="bbox 73 879 1075 950; baseline 0.006 -20"><span class='ocrx_word' id='word_1_73' title='bbox 73 879 134 931; x_wconf 88' lang='lat' dir='ltr'>ribus</span> <span class='ocrx_word' id='word_1_74' title='bbox 146 883 250 934; x_wconf 86' lang='lat' dir='ltr'>casibus</span> <span class='ocrx_word' id='word_1_75' title='bbox 261 884 297 934; x_wconf 87' lang='lat' dir='ltr'>ad</span> <span class='ocrx_word' id='word_1_76' title='bbox 312 884 491 936; x_wconf 87' lang='lat' dir='ltr'>substantium</span> <span class='ocrx_word' id='word_1_77' title='bbox 514 889 669 937; x_wconf 87' lang='lat' dir='ltr'>contractus</span> <span class='ocrx_word' id='word_1_78' title='bbox 683 889 724 937; x_wconf 85' lang='lat' dir='ltr'>est</span> <span class='ocrx_word' id='word_1_79' title='bbox 745 887 899 936; x_wconf 87' lang='lat' dir='ltr'>necessaria</span> <span class='ocrx_word' id='word_1_80' title='bbox 910 903 916 944; x_wconf 87' lang='grc'>;</span> <span class='ocrx_word' id='word_1_81' title='bbox 929 888 990 950; x_wconf 85' lang='lat' dir='ltr'>jure</span> <span class='ocrx_word' id='word_1_82' title='bbox 1011 899 1075 936; x_wconf 90' lang='lat' dir='ltr'>vero</span> 
     </span>
     <span class='ocr_line' id='line_1_11' title="bbox 75 953 1077 1020; baseline 0.007 -20"><span class='ocrx_word' id='word_1_83' title='bbox 75 953 183 1004; x_wconf 75' lang='lat' dir='ltr'>mnonico</span> <span class='ocrx_word' id='word_1_84' title='bbox 197 968 252 1006; x_wconf 89' lang='lat' dir='ltr'>non</span> <span class='ocrx_word' id='word_1_85' title='bbox 264 955 413 1020; x_wconf 81' lang='lat' dir='ltr'>requiritur</span> <span class='ocrx_word' id='word_1_86' title='bbox 425 955 585 1019; x_wconf 79' lang='lat' dir='ltr'>regulariter</span> <span class='ocrx_word' id='word_1_87' title='bbox 599 957 634 1007; x_wconf 84' lang='lat' dir='ltr'>ad</span> <span class='ocrx_word' id='word_1_88' title='bbox 655 956 835 1008; x_wconf 85' lang='lat' dir='ltr'>substantiam</span> <span class='ocrx_word' id='word_1_89' title='bbox 849 960 1013 1018; x_wconf 85' lang='lat' dir='ltr'>contractus,</span> <span class='ocrx_word' id='word_1_90' title='bbox 1028 956 1077 1007; x_wconf 89' lang='lat' dir='ltr'>sed</span> 
     </span>
     <span class='ocr_line' id='line_1_12' title="bbox 8 1023 1079 1092; baseline 0.007 -19"><span class='ocrx_word' id='word_1_91' title='bbox 8 1035 9 1038; x_wconf 69' lang='grc'>’</span> <span class='ocrx_word' id='word_1_92' title='bbox 75 1023 157 1076; x_wconf 67' lang='lat' dir='ltr'>nomn</span> <span class='ocrx_word' id='word_1_93' title='bbox 170 1025 203 1076; x_wconf 78' lang='lat' dir='ltr'>acl</span> <span class='ocrx_word' id='word_1_94' title='bbox 217 1027 413 1092; x_wconf 80' lang='lat' dir='ltr'>probationem,</span> <span class='ocrx_word' id='word_1_95' title='bbox 429 1026 492 1078; x_wconf 86' lang='lat' dir='ltr'>lieet</span> <span class='ocrx_word' id='word_1_96' title='bbox 516 1027 544 1078; x_wconf 90' lang='lat' dir='ltr'>in</span> <span class='ocrx_word' id='word_1_97' title='bbox 561 1041 590 1078; x_wconf 92' lang='lat' dir='ltr'>re</span> <span class='ocrx_word' id='word_1_98' title='bbox 614 1028 705 1092; x_wconf 80' lang='lat' dir='ltr'>gravis</span> <span class='ocrx_word' id='word_1_99' title='bbox 726 1027 853 1079; x_wconf 86' lang='lat' dir='ltr'>momenti</span> <span class='ocrx_word' id='word_1_100' title='bbox 867 1028 949 1078; x_wconf 84' lang='lat' dir='ltr'>etiem</span> <span class='ocrx_word' id='word_1_101' title='bbox 970 1027 1004 1080; x_wconf 86' lang='lat' dir='ltr'>ab</span> <span class='ocrx_word' id='word_1_102' title='bbox 1027 1027 1079 1080; x_wconf 89' lang='lat' dir='ltr'>hoo</span> 
     </span>
     <span class='ocr_line' id='line_1_13' title="bbox 72 1092 724 1164; baseline 0.006 -18"><span class='ocrx_word' id='word_1_103' title='bbox 72 1092 122 1158; x_wconf 84' lang='lat' dir='ltr'>jure</span> <span class='ocrx_word' id='word_1_104' title='bbox 133 1097 265 1162; x_wconf 83' lang='lat' dir='ltr'>scriptura</span> <span class='ocrx_word' id='word_1_105' title='bbox 280 1101 431 1164; x_wconf 81' lang='lat' dir='ltr'>exoptetur·</span> <span class='ocrx_word' id='word_1_106' title='bbox 446 1097 512 1150; x_wconf 87' lang='lat' dir='ltr'>Gan.</span> <span class='ocrx_word' id='word_1_107' title='bbox 526 1098 550 1157; x_wconf 79' lang='lat'>2,</span> <span class='ocrx_word' id='word_1_108' title='bbox 565 1111 589 1149; x_wconf 92' lang='lat' dir='ltr'>c.</span> <span class='ocrx_word' id='word_1_109' title='bbox 606 1098 643 1158; x_wconf 84' lang='lat'>1⁰,</span> <span class='ocrx_word' id='word_1_110' title='bbox 658 1113 683 1164; x_wconf 89' lang='lat' dir='ltr'>q.</span> <span class='ocrx_word' id='word_1_111' title='bbox 699 1098 724 1150; x_wconf 78' lang='lat'>2.</span> 
     </span>
    </p>
   </div>
   <div class='ocr_carea' id='block_1_3' title="bbox 7 1299 1085 2350">
    <p class='ocr_par' dir='ltr' id='par_1_3' title="bbox 7 1299 1085 2350">
     <span class='ocr_line' id='line_1_14' title="bbox 7 1299 1080 1376; baseline 0.003 -20"><span class='ocrx_word' id='word_1_112' title='bbox 7 1311 8 1332; x_wconf 40' lang='lat' dir='ltr'>i</span> <span class='ocrx_word' id='word_1_113' title='bbox 98 1300 154 1360; x_wconf 80' lang='lat' dir='ltr'>ota.</span> <span class='ocrx_word' id='word_1_114' title='bbox 173 1303 205 1360; x_wconf 92' lang='lat' dir='ltr'>ln</span> <span class='ocrx_word' id='word_1_115' title='bbox 218 1301 316 1376; x_wconf 89' lang='lat' dir='ltr'>pactis</span> <span class='ocrx_word' id='word_1_116' title='bbox 328 1305 358 1361; x_wconf 90' lang='lat' dir='ltr'>et</span> <span class='ocrx_word' id='word_1_117' title='bbox 371 1301 572 1362; x_wconf 87' lang='lat' dir='ltr'>contractibus</span> <span class='ocrx_word' id='word_1_118' title='bbox 584 1301 649 1360; x_wconf 88' lang='lat' dir='ltr'>haec</span> <span class='ocrx_word' id='word_1_119' title='bbox 663 1300 878 1361; x_wconf 86' lang='lat' dir='ltr'>consideranda</span> <span class='ocrx_word' id='word_1_120' title='bbox 894 1304 974 1372; x_wconf 87' lang='lat' dir='ltr'>sunt,</span> <span class='ocrx_word' id='word_1_121' title='bbox 991 1299 1080 1360; x_wconf 88' lang='lat' dir='ltr'>nimi-</span> 
     </span>
     <span class='ocr_line' id='line_1_15' title="bbox 73 1389 1082 1463; baseline 0 -15"><span class='ocrx_word' id='word_1_122' title='bbox 73 1402 128 1448; x_wconf 86' lang='lat' dir='ltr'>unn</span> <span class='ocrx_word' id='word_1_123' title='bbox 142 1407 148 1448; x_wconf 93' lang='lat'>:</span> <span class='ocrx_word' id='word_1_124' title='bbox 163 1389 384 1460; x_wconf 77' lang='lat' dir='ltr'>substantialia,</span> <span class='ocrx_word' id='word_1_125' title='bbox 404 1390 571 1463; x_wconf 76' lang='lat' dir='ltr'>carmelio,</span> <span class='ocrx_word' id='word_1_126' title='bbox 587 1390 780 1450; x_wconf 64' lang='lat' dir='ltr'>ooowcotolio</span> <span class='ocrx_word' id='word_1_127' title='bbox 792 1397 822 1450; x_wconf 92' lang='lat' dir='ltr'>et</span> <span class='ocrx_word' id='word_1_128' title='bbox 835 1389 989 1450; x_wconf 82' lang='lat' dir='ltr'>solemnio.</span> <span class='ocrx_word' id='word_1_129' title='bbox 1006 1391 1082 1450; x_wconf 85' lang='lat' dir='ltr'>Sub-</span> 
     </span>
     <span class='ocr_line' id='line_1_16' title="bbox 72 1477 1080 1555; baseline 0.003 -20.818"><span class='ocrx_word' id='word_1_130' title='bbox 72 1477 203 1538; x_wconf 85' lang='lat' dir='ltr'>stantialia</span> <span class='ocrx_word' id='word_1_131' title='bbox 216 1495 254 1538; x_wconf 89' lang='lat' dir='ltr'>ea</span> <span class='ocrx_word' id='word_1_132' title='bbox 266 1478 416 1552; x_wconf 86' lang='lat' dir='ltr'>dicuntur,</span> <span class='ocrx_word' id='word_1_133' title='bbox 432 1497 499 1555; x_wconf 88' lang='lat' dir='ltr'>quae</span> <span class='ocrx_word' id='word_1_134' title='bbox 515 1480 555 1538; x_wconf 87' lang='lat' dir='ltr'>ita</span> <span class='ocrx_word' id='word_1_135' title='bbox 569 1480 607 1538; x_wconf 85' lang='lat' dir='ltr'>ad</span> <span class='ocrx_word' id='word_1_136' title='bbox 621 1495 727 1539; x_wconf 88' lang='lat' dir='ltr'>eorum</span> <span class='ocrx_word' id='word_1_137' title='bbox 747 1477 908 1540; x_wconf 83' lang='lat' dir='ltr'>essentiam</span> <span class='ocrx_word' id='word_1_138' title='bbox 921 1478 1080 1554; x_wconf 84' lang='lat' dir='ltr'>pertinent,</span> 
     </span>
     <span class='ocr_line' id='line_1_17' title="bbox 72 1566 1082 1643; baseline 0.005 -21.702"><span class='ocrx_word' id='word_1_139' title='bbox 72 1569 107 1636; x_wconf 89' lang='lat' dir='ltr'>nt,</span> <span class='ocrx_word' id='word_1_140' title='bbox 122 1568 201 1626; x_wconf 92' lang='lat' dir='ltr'>salvo</span> <span class='ocrx_word' id='word_1_141' title='bbox 225 1573 394 1640; x_wconf 85' lang='lat' dir='ltr'>corrtreotu,</span> <span class='ocrx_word' id='word_1_142' title='bbox 418 1567 589 1643; x_wconf 81' lang='lat' dir='ltr'>apartibus</span> <span class='ocrx_word' id='word_1_143' title='bbox 611 1566 729 1640; x_wconf 84' lang='lat' dir='ltr'>mutavi,</span> <span class='ocrx_word' id='word_1_144' title='bbox 750 1573 800 1627; x_wconf 89' lang='lat' dir='ltr'>aut</span> <span class='ocrx_word' id='word_1_145' title='bbox 818 1567 912 1628; x_wconf 89' lang='lat' dir='ltr'>omitti</span> <span class='ocrx_word' id='word_1_146' title='bbox 933 1583 993 1626; x_wconf 89' lang='lat' dir='ltr'>uon</span> <span class='ocrx_word' id='word_1_147' title='bbox 1010 1583 1082 1642; x_wconf 87' lang='lat' dir='ltr'>pos·</span> 
     </span>
     <span class='ocr_line' id='line_1_18' title="bbox 8 1652 1081 1732; baseline -0.004 -14"><span class='ocrx_word' id='word_1_148' title='bbox 8 1673 10 1718; x_wconf 73' lang='lat' dir='ltr'><em>f</em></span> <span class='ocrx_word' id='word_1_149' title='bbox 72 1652 120 1714; x_wconf 84' lang='lat' dir='ltr'>sint</span> <span class='ocrx_word' id='word_1_150' title='bbox 137 1659 186 1729; x_wconf 88' lang='lat' dir='ltr'>(l).</span> <span class='ocrx_word' id='word_1_151' title='bbox 205 1655 359 1716; x_wconf 82' lang='lat' dir='ltr'>Naturalia</span> <span class='ocrx_word' id='word_1_152' title='bbox 377 1673 413 1716; x_wconf 88' lang='lat' dir='ltr'>ea</span> <span class='ocrx_word' id='word_1_153' title='bbox 430 1656 628 1732; x_wconf 86' lang='lat' dir='ltr'>appellantur,</span> <span class='ocrx_word' id='word_1_154' title='bbox 644 1672 711 1732; x_wconf 85' lang='lat' dir='ltr'>qnae</span> <span class='ocrx_word' id='word_1_155' title='bbox 725 1663 823 1732; x_wconf 90' lang='lat' dir='ltr'>paeto,</span> <span class='ocrx_word' id='word_1_156' title='bbox 838 1656 886 1715; x_wconf 87' lang='lat' dir='ltr'>vel</span> <span class='ocrx_word' id='word_1_157' title='bbox 905 1655 1081 1728; x_wconf 86' lang='lat' dir='ltr'>contractui,</span> 
     </span>
     <span class='ocr_line' id='line_1_19' title="bbox 70 1740 1083 1820; baseline 0.001 -19"><span class='ocrx_word' id='word_1_158' title='bbox 70 1740 128 1802; x_wconf 84' lang='lat' dir='ltr'>licet</span> <span class='ocrx_word' id='word_1_159' title='bbox 140 1761 200 1804; x_wconf 90' lang='lat' dir='ltr'>non</span> <span class='ocrx_word' id='word_1_160' title='bbox 214 1744 430 1820; x_wconf 83' lang='lat' dir='ltr'>exprimantur,</span> <span class='ocrx_word' id='word_1_161' title='bbox 442 1743 552 1816; x_wconf 87' lang='lat' dir='ltr'>insunt,</span> <span class='ocrx_word' id='word_1_162' title='bbox 569 1760 695 1820; x_wconf 84' lang='lat' dir='ltr'>quaeque</span> <span class='ocrx_word' id='word_1_163' title='bbox 707 1749 816 1816; x_wconf 70' lang='lat' dir='ltr'>umen,</span> <span class='ocrx_word' id='word_1_164' title='bbox 832 1742 914 1802; x_wconf 87' lang='lat' dir='ltr'>salvo</span> <span class='ocrx_word' id='word_1_165' title='bbox 928 1749 1083 1802; x_wconf 85' lang='lat' dir='ltr'>contrecto</span> 
     </span>
     <span class='ocr_line' id='line_1_20' title="bbox 71 1830 1084 1908; baseline -0.002 -16"><span class='ocrx_word' id='word_1_166' title='bbox 71 1833 230 1906; x_wconf 82' lang='lat' dir='ltr'>apartibus</span> <span class='ocrx_word' id='word_1_167' title='bbox 249 1849 304 1908; x_wconf 88' lang='lat' dir='ltr'>per</span> <span class='ocrx_word' id='word_1_168' title='bbox 317 1838 440 1908; x_wconf 85' lang='lat' dir='ltr'>pactum</span> <span class='ocrx_word' id='word_1_169' title='bbox 458 1831 577 1906; x_wconf 89' lang='lat' dir='ltr'>mutari,</span> <span class='ocrx_word' id='word_1_170' title='bbox 599 1838 650 1893; x_wconf 90' lang='lat' dir='ltr'>aut</span> <span class='ocrx_word' id='word_1_171' title='bbox 671 1831 789 1892; x_wconf 79' lang='lat' dir='ltr'>excludi</span> <span class='ocrx_word' id='word_1_172' title='bbox 809 1837 954 1907; x_wconf 89' lang='lat' dir='ltr'>possunt:</span> <span class='ocrx_word' id='word_1_173' title='bbox 975 1831 1019 1890; x_wconf 89' lang='lat' dir='ltr'>sio</span> <span class='ocrx_word' id='word_1_174' title='bbox 1032 1830 1084 1907; x_wconf 89' lang='lat' dir='ltr'>qui</span> 
     </span>
     <span class='ocr_line' id='line_1_21' title="bbox 7 1920 1083 1997; baseline 0.003 -21"><span class='ocrx_word' id='word_1_175' title='bbox 7 1959 8 1964; x_wconf 19' lang='grc' dir='ltr'>η</span> <span class='ocrx_word' id='word_1_176' title='bbox 69 1921 159 1982; x_wconf 86' lang='lat' dir='ltr'>vendit</span> <span class='ocrx_word' id='word_1_177' title='bbox 173 1928 296 1984; x_wconf 89' lang='lat' dir='ltr'>tenetur</span> <span class='ocrx_word' id='word_1_178' title='bbox 313 1920 351 1980; x_wconf 92' lang='lat' dir='ltr'>de</span> <span class='ocrx_word' id='word_1_179' title='bbox 371 1920 536 1992; x_wconf 77' lang='lat' dir='ltr'>evictione3</span> <span class='ocrx_word' id='word_1_180' title='bbox 553 1921 605 1980; x_wconf 91' lang='lat' dir='ltr'>sed</span> <span class='ocrx_word' id='word_1_181' title='bbox 623 1939 663 1980; x_wconf 84' lang='lat' dir='ltr'>ex</span> <span class='ocrx_word' id='word_1_182' title='bbox 679 1926 768 1997; x_wconf 90' lang='lat' dir='ltr'>paeto</span> <span class='ocrx_word' id='word_1_183' title='bbox 782 1921 847 1980; x_wconf 90' lang='lat' dir='ltr'>iteri</span> <span class='ocrx_word' id='word_1_184' title='bbox 860 1926 968 1996; x_wconf 89' lang='lat' dir='ltr'>petest,</span> <span class='ocrx_word' id='word_1_185' title='bbox 984 1937 1021 1979; x_wconf 90' lang='lat' dir='ltr'>ne</span> <span class='ocrx_word' id='word_1_186' title='bbox 1038 1926 1083 1979; x_wconf 88' lang='lat' dir='ltr'>te-</span> 
     </span>
     <span class='ocr_line' id='line_1_22' title="bbox 70 2007 1084 2086; baseline 0.001 -19"><span class='ocrx_word' id='word_1_187' title='bbox 70 2015 164 2071; x_wconf 86' lang='lat' dir='ltr'>neetnr</span> <span class='ocrx_word' id='word_1_188' title='bbox 184 2016 239 2084; x_wconf 71' lang='lat'>(2).</span> <span class='ocrx_word' id='word_1_189' title='bbox 261 2009 461 2070; x_wconf 75' lang='lat' dir='ltr'>accidentalia</span> <span class='ocrx_word' id='word_1_190' title='bbox 489 2016 568 2082; x_wconf 88' lang='lat' dir='ltr'>eant,</span> <span class='ocrx_word' id='word_1_191' title='bbox 595 2025 661 2086; x_wconf 84' lang='lat' dir='ltr'>quae</span> <span class='ocrx_word' id='word_1_192' title='bbox 686 2009 800 2086; x_wconf 76' lang='lat' dir='ltr'>pactiS,</span> <span class='ocrx_word' id='word_1_193' title='bbox 823 2016 854 2068; x_wconf 92' lang='lat' dir='ltr'>et</span> <span class='ocrx_word' id='word_1_194' title='bbox 872 2007 1084 2070; x_wconf 77' lang='lat' dir='ltr'>contractibus</span> 
     </span>
     <span class='ocr_line' id='line_1_23' title="bbox 68 2096 1084 2174; baseline 0.002 -21"><span class='ocrx_word' id='word_1_195' title='bbox 68 2103 162 2158; x_wconf 86' lang='lat' dir='ltr'>natura</span> <span class='ocrx_word' id='word_1_196' title='bbox 184 2115 243 2159; x_wconf 88' lang='lat' dir='ltr'>sua</span> <span class='ocrx_word' id='word_1_197' title='bbox 263 2113 325 2158; x_wconf 89' lang='lat' dir='ltr'>non</span> <span class='ocrx_word' id='word_1_198' title='bbox 346 2097 457 2172; x_wconf 83' lang='lat' dir='ltr'>ineunt,</span> <span class='ocrx_word' id='word_1_199' title='bbox 472 2099 525 2158; x_wconf 88' lang='lat' dir='ltr'>sed</span> <span class='ocrx_word' id='word_1_200' title='bbox 540 2116 558 2157; x_wconf 89' lang='lat' dir='ltr'>a</span> <span class='ocrx_word' id='word_1_201' title='bbox 571 2098 701 2174; x_wconf 84' lang='lat' dir='ltr'>partium</span> <span class='ocrx_word' id='word_1_202' title='bbox 719 2099 872 2157; x_wconf 87' lang='lat' dir='ltr'>voluntate</span> <span class='ocrx_word' id='word_1_203' title='bbox 891 2103 1017 2172; x_wconf 84' lang='lat' dir='ltr'>possunt</span> <span class='ocrx_word' id='word_1_204' title='bbox 1030 2096 1084 2155; x_wconf 90' lang='lat' dir='ltr'>ad·</span> 
     </span>
     <span class='ocr_line' id='line_1_24' title="bbox 67 2184 1085 2264; baseline 0 -20"><span class='ocrx_word' id='word_1_205' title='bbox 67 2184 138 2263; x_wconf 76' lang='lat' dir='ltr'>iungi</span> <span class='ocrx_word' id='word_1_206' title='bbox 154 2208 161 2248; x_wconf 91' lang='lat'>:</span> <span class='ocrx_word' id='word_1_207' title='bbox 175 2189 224 2248; x_wconf 88' lang='lat' dir='ltr'>sic</span> <span class='ocrx_word' id='word_1_208' title='bbox 239 2186 290 2264; x_wconf 88' lang='lat' dir='ltr'>qui</span> <span class='ocrx_word' id='word_1_209' title='bbox 302 2186 404 2246; x_wconf 89' lang='lat' dir='ltr'>vendit</span> <span class='ocrx_word' id='word_1_210' title='bbox 418 2193 517 2263; x_wconf 89' lang='lat' dir='ltr'>potest</span> <span class='ocrx_word' id='word_1_211' title='bbox 529 2186 651 2262; x_wconf 88' lang='lat' dir='ltr'>pacisci,</span> <span class='ocrx_word' id='word_1_212' title='bbox 665 2192 699 2245; x_wconf 87' lang='lat' dir='ltr'>ut</span> <span class='ocrx_word' id='word_1_213' title='bbox 712 2185 753 2246; x_wconf 90' lang='lat' dir='ltr'>rei</span> <span class='ocrx_word' id='word_1_214' title='bbox 775 2185 904 2261; x_wconf 90' lang='lat' dir='ltr'>pretium</span> <span class='ocrx_word' id='word_1_215' title='bbox 916 2185 946 2243; x_wconf 92' lang='lat' dir='ltr'>in</span> <span class='ocrx_word' id='word_1_216' title='bbox 960 2185 1010 2244; x_wconf 86' lang='lat' dir='ltr'>teli</span> <span class='ocrx_word' id='word_1_217' title='bbox 1022 2201 1085 2244; x_wconf 87' lang='lat' dir='ltr'>mo·</span> 
     </span>
     <span class='ocr_line' id='line_1_25' title="bbox 68 2269 1085 2350; baseline 0.001 -19"><span class='ocrx_word' id='word_1_218' title='bbox 68 2282 128 2334; x_wconf 86' lang='lat' dir='ltr'>neta</span> <span class='ocrx_word' id='word_1_219' title='bbox 139 2293 245 2350; x_wconf 86' lang='lat' dir='ltr'>aurea,</span> <span class='ocrx_word' id='word_1_220' title='bbox 255 2275 300 2334; x_wconf 89' lang='lat' dir='ltr'>vel</span> <span class='ocrx_word' id='word_1_221' title='bbox 313 2281 457 2350; x_wconf 82' lang='lat' dir='ltr'>argentee</span> <span class='ocrx_word' id='word_1_222' title='bbox 468 2276 600 2335; x_wconf 85' lang='lat' dir='ltr'>solvetur</span> <span class='ocrx_word' id='word_1_223' title='bbox 612 2279 663 2347; x_wconf 86' lang='lat'>(3).</span> <span class='ocrx_word' id='word_1_224' title='bbox 679 2277 802 2334; x_wconf 77' lang='lat' dir='ltr'>nemum</span> <span class='ocrx_word' id='word_1_225' title='bbox 817 2269 960 2333; x_wconf 78' lang='lat' dir='ltr'>s‘olemnio</span> <span class='ocrx_word' id='word_1_226' title='bbox 972 2273 1085 2334; x_wconf 88' lang='lat' dir='ltr'>heben-</span> 
     </span>
    </p>
   </div>
   <div class='ocr_carea' id='block_1_4' title="bbox 8 2362 1084 2634">
    <p class='ocr_par' dir='ltr' id='par_1_4' title="bbox 8 2362 1084 2634">
     <span class='ocr_line' id='line_1_26' title="bbox 65 2362 1084 2442; baseline -0.002 -20"><span class='ocrx_word' id='word_1_227' title='bbox 65 2367 114 2438; x_wconf 88' lang='lat' dir='ltr'>tur,</span> <span class='ocrx_word' id='word_1_228' title='bbox 127 2383 195 2442; x_wconf 82' lang='lat' dir='ltr'>quae</span> <span class='ocrx_word' id='word_1_229' title='bbox 209 2366 250 2424; x_wconf 86' lang='lat' dir='ltr'>de</span> <span class='ocrx_word' id='word_1_230' title='bbox 264 2365 332 2439; x_wconf 88' lang='lat' dir='ltr'>jnre</span> <span class='ocrx_word' id='word_1_231' title='bbox 357 2363 525 2440; x_wconf 77' lang='lat' dir='ltr'>specialiter</span> <span class='ocrx_word' id='word_1_232' title='bbox 538 2363 741 2439; x_wconf 87' lang='lat' dir='ltr'>requiruntur,</span> <span class='ocrx_word' id='word_1_233' title='bbox 755 2369 788 2422; x_wconf 86' lang='lat' dir='ltr'>ut</span> <span class='ocrx_word' id='word_1_234' title='bbox 802 2367 974 2421; x_wconf 85' lang='lat' dir='ltr'>contractus</span> <span class='ocrx_word' id='word_1_235' title='bbox 987 2362 1025 2422; x_wconf 87' lang='lat' dir='ltr'>eit</span> <span class='ocrx_word' id='word_1_236' title='bbox 1040 2363 1084 2421; x_wconf 85' lang='lat' dir='ltr'>le·</span> 
     </span>
     <span class='ocr_line' id='line_1_27' title="bbox 69 2448 1083 2532; baseline -0.005 -18"><span class='ocrx_word' id='word_1_237' title='bbox 69 2449 193 2528; x_wconf 78' lang='lat' dir='ltr'>gitimus,</span> <span class='ocrx_word' id='word_1_238' title='bbox 215 2451 385 2528; x_wconf 79' lang='lat' dir='ltr'>qu‘usmodi</span> <span class='ocrx_word' id='word_1_239' title='bbox 405 2457 452 2511; x_wconf 86' lang='lat' dir='ltr'>eet</span> <span class='ocrx_word' id='word_1_240' title='bbox 472 2467 637 2510; x_wconf 88' lang='lat' dir='ltr'>consensus</span> <span class='ocrx_word' id='word_1_241' title='bbox 651 2449 783 2526; x_wconf 80' lang='lat' dir='ltr'>Capituli,</span> <span class='ocrx_word' id='word_1_242' title='bbox 803 2454 854 2509; x_wconf 89' lang='lat' dir='ltr'>ant</span> <span class='ocrx_word' id='word_1_243' title='bbox 876 2448 1037 2532; x_wconf 83' lang='lat' dir='ltr'>superioris</span> <span class='ocrx_word' id='word_1_244' title='bbox 1054 2448 1083 2509; x_wconf 91' lang='lat' dir='ltr'>in</span> 
     </span>
     <span class='ocr_line' id='line_1_28' title="bbox 8 2538 664 2634; baseline 0.005 -37"><span class='ocrx_word' id='word_1_245' title='bbox 8 2557 13 2568; x_wconf 56' lang='lat'><em>⁶</em></span> <span class='ocrx_word' id='word_1_246' title='bbox 68 2553 159 2603; x_wconf 78' lang='lat' dir='ltr'>rerann</span> <span class='ocrx_word' id='word_1_247' title='bbox 173 2538 448 2604; x_wconf 85' lang='lat' dir='ltr'>ecclesiasticarum</span> <span class='ocrx_word' id='word_1_248' title='bbox 462 2539 648 2600; x_wconf 89' lang='lat' dir='ltr'>alienatione.</span> <span class='ocrx_word' id='word_1_249' title='bbox 662 2629 664 2634; x_wconf 23' lang='grc' dir='ltr'>Ι</span> 
     </span>
    </p>
   </div>
   <div class='ocr_carea' id='block_1_5' title="bbox 7 2691 1090 3118">
    <p class='ocr_par' dir='ltr' id='par_1_5' title="bbox 89 2691 1090 2761">
     <span class='ocr_line' id='line_1_29' title="bbox 89 2691 1090 2761; baseline -0.001 -16"><span class='ocrx_word' id='word_1_250' title='bbox 89 2693 120 2760; x_wconf 90' lang='grc'>(1)</span> <span class='ocrx_word' id='word_1_251' title='bbox 133 2695 292 2748; x_wconf 81' lang='lat' dir='ltr'>consensus</span> <span class='ocrx_word' id='word_1_252' title='bbox 304 2697 331 2746; x_wconf 86' lang='lat' dir='ltr'>et</span> <span class='ocrx_word' id='word_1_253' title='bbox 345 2709 389 2748; x_wconf 89' lang='lat' dir='ltr'>res</span> <span class='ocrx_word' id='word_1_254' title='bbox 410 2695 438 2746; x_wconf 90' lang='lat' dir='ltr'>in</span> <span class='ocrx_word' id='word_1_255' title='bbox 453 2696 587 2755; x_wconf 86' lang='lat' dir='ltr'>omnibus,</span> <span class='ocrx_word' id='word_1_256' title='bbox 603 2694 700 2761; x_wconf 88' lang='lat' dir='ltr'>pactis,</span> <span class='ocrx_word' id='word_1_257' title='bbox 717 2693 744 2744; x_wconf 87' lang='lat' dir='ltr'>et</span> <span class='ocrx_word' id='word_1_258' title='bbox 758 2691 939 2746; x_wconf 88' lang='lat' dir='ltr'>contractibus</span> <span class='ocrx_word' id='word_1_259' title='bbox 962 2691 997 2744; x_wconf 87' lang='lat' dir='ltr'>ad</span> <span class='ocrx_word' id='word_1_260' title='bbox 1018 2691 1090 2750; x_wconf 51' lang='lat' dir='ltr'>subs</span> 
     </span>
    </p>

    <p class='ocr_par' dir='ltr' id='par_1_6' title="bbox 7 2763 1086 3046">
     <span class='ocr_line' id='line_1_30' title="bbox 7 2763 1085 2833; baseline 0.001 -19"><span class='ocrx_word' id='word_1_261' title='bbox 7 2803 9 2808; x_wconf 69' lang='lat'>,</span> <span class='ocrx_word' id='word_1_262' title='bbox 66 2767 196 2818; x_wconf 79' lang='lat' dir='ltr'>stantialis</span> <span class='ocrx_word' id='word_1_263' title='bbox 211 2769 342 2833; x_wconf 88' lang='lat' dir='ltr'>spectant.</span> <span class='ocrx_word' id='word_1_264' title='bbox 353 2767 426 2832; x_wconf 79' lang='lat' dir='ltr'>-(i)</span> <span class='ocrx_word' id='word_1_265' title='bbox 440 2767 543 2819; x_wconf 84' lang='lat' dir='ltr'>Evictio</span> <span class='ocrx_word' id='word_1_266' title='bbox 557 2770 599 2818; x_wconf 86' lang='lat' dir='ltr'>esi</span> <span class='ocrx_word' id='word_1_267' title='bbox 606 2769 653 2830; x_wconf 86' lang='lat' dir='ltr'>jus</span> <span class='ocrx_word' id='word_1_268' title='bbox 668 2779 701 2816; x_wconf 80' lang='lat' dir='ltr'>ex</span> <span class='ocrx_word' id='word_1_269' title='bbox 713 2763 864 2816; x_wconf 90' lang='lat' dir='ltr'>venditione</span> <span class='ocrx_word' id='word_1_270' title='bbox 873 2763 1023 2822; x_wconf 86' lang='lat' dir='ltr'>dimanans,</span> <span class='ocrx_word' id='word_1_271' title='bbox 1034 2777 1085 2829; x_wconf 88' lang='lat' dir='ltr'>per</span> 
     </span>
     <span class='ocr_line' id='line_1_31' title="bbox 7 2833 1085 2904; baseline -0.003 -15"><span class='ocrx_word' id='word_1_272' title='bbox 7 2835 9 2856; x_wconf 81' lang='lat'>³</span> <span class='ocrx_word' id='word_1_273' title='bbox 66 2838 129 2902; x_wconf 83' lang='lat' dir='ltr'>quod</span> <span class='ocrx_word' id='word_1_274' title='bbox 138 2852 245 2902; x_wconf 90' lang='lat' dir='ltr'>emens,</span> <span class='ocrx_word' id='word_1_275' title='bbox 259 2838 282 2888; x_wconf 90' lang='lat' dir='ltr'>si</span> <span class='ocrx_word' id='word_1_276' title='bbox 295 2851 338 2890; x_wconf 88' lang='lat' dir='ltr'>res</span> <span class='ocrx_word' id='word_1_277' title='bbox 352 2843 441 2904; x_wconf 89' lang='lat' dir='ltr'>empta</span> <span class='ocrx_word' id='word_1_278' title='bbox 455 2853 470 2890; x_wconf 89' lang='lat' dir='ltr'>a</span> <span class='ocrx_word' id='word_1_279' title='bbox 491 2838 570 2891; x_wconf 86' lang='lat' dir='ltr'>tertio</span> <span class='ocrx_word' id='word_1_280' title='bbox 585 2837 745 2898; x_wconf 79' lang='lat' dir='ltr'>vindicetur,</span> <span class='ocrx_word' id='word_1_281' title='bbox 760 2839 848 2900; x_wconf 90' lang='lat' dir='ltr'>potest</span> <span class='ocrx_word' id='word_1_282' title='bbox 867 2833 901 2886; x_wconf 88' lang='lat' dir='ltr'>ed</span> <span class='ocrx_word' id='word_1_283' title='bbox 919 2834 1085 2888; x_wconf 89' lang='lat' dir='ltr'>venditorem</span> 
     </span>
     <span class='ocr_line' id='line_1_32' title="bbox 12 2906 1086 2974; baseline -0.001 -16"><span class='ocrx_word' id='word_1_284' title='bbox 12 2919 13 2922; x_wconf 71' lang='grc'>’</span> <span class='ocrx_word' id='word_1_285' title='bbox 66 2912 252 2974; x_wconf 62' lang='lat' dir='ltr'>mouri-eraut</span> <span class='ocrx_word' id='word_1_286' title='bbox 265 2909 306 2960; x_wconf 88' lang='lat' dir='ltr'>rei</span> <span class='ocrx_word' id='word_1_287' title='bbox 321 2911 436 2974; x_wconf 89' lang='lat' dir='ltr'>pretium</span> <span class='ocrx_word' id='word_1_288' title='bbox 452 2911 584 2971; x_wconf 86' lang='lat' dir='ltr'>restituat,</span> <span class='ocrx_word' id='word_1_289' title='bbox 599 2913 626 2962; x_wconf 89' lang='lat' dir='ltr'>et</span> <span class='ocrx_word' id='word_1_290' title='bbox 636 2909 764 2960; x_wconf 91' lang='lat' dir='ltr'>damnum</span> <span class='ocrx_word' id='word_1_291' title='bbox 772 2911 887 2973; x_wconf 89' lang='lat' dir='ltr'>reparet.</span> <span class='ocrx_word' id='word_1_292' title='bbox 896 2906 1086 2972; x_wconf 79' lang='lat' dir='ltr'>Hoejusviget</span> 
     </span>
     <span class='ocr_line' id='line_1_33' title="bbox 67 2977 1083 3046; baseline -0.002 -18"><span class='ocrx_word' id='word_1_293' title='bbox 67 2979 139 3030; x_wconf 88' lang='lat' dir='ltr'>otiam</span> <span class='ocrx_word' id='word_1_294' title='bbox 156 2981 186 3031; x_wconf 92' lang='lat' dir='ltr'>in</span> <span class='ocrx_word' id='word_1_295' title='bbox 212 2981 433 3046; x_wconf 86' lang='lat' dir='ltr'>mutuo‚aliisque</span> <span class='ocrx_word' id='word_1_296' title='bbox 454 2981 637 3032; x_wconf 86' lang='lat' dir='ltr'>contractibus</span> <span class='ocrx_word' id='word_1_297' title='bbox 660 2978 788 3030; x_wconf 87' lang='lat' dir='ltr'>onerosis.</span> <span class='ocrx_word' id='word_1_298' title='bbox 819 3005 847 3014; x_wconf 99' lang='lat'>-</span> <span class='ocrx_word' id='word_1_299' title='bbox 870 2977 905 3040; x_wconf 78' lang='lat'>(3)</span> <span class='ocrx_word' id='word_1_300' title='bbox 925 2977 991 3030; x_wconf 87' lang='lat' dir='ltr'>llaeo</span> <span class='ocrx_word' id='word_1_301' title='bbox 1014 2978 1083 3029; x_wconf 89' lang='lat' dir='ltr'>acci·</span> 
     </span>
    </p>

    <p class='ocr_par' dir='ltr' id='par_1_7' title="bbox 7 3049 1086 3118">
     <span class='ocr_line' id='line_1_34' title="bbox 7 3049 1086 3118; baseline 0 -17"><span class='ocrx_word' id='word_1_302' title='bbox 7 3063 15 3075; x_wconf 55' lang='lat'><em>²</em></span> <span class='ocrx_word' id='word_1_303' title='bbox 65 3049 179 3103; x_wconf 77' lang='lat' dir='ltr'>deontia</span> <span class='ocrx_word' id='word_1_304' title='bbox 193 3052 222 3103; x_wconf 88' lang='lat' dir='ltr'>in</span> <span class='ocrx_word' id='word_1_305' title='bbox 237 3051 324 3116; x_wconf 85' lang='lat' dir='ltr'>legem</span> <span class='ocrx_word' id='word_1_306' title='bbox 338 3057 491 3103; x_wconf 89' lang='lat' dir='ltr'>contractus</span> <span class='ocrx_word' id='word_1_307' title='bbox 505 3055 709 3118; x_wconf 87' lang='lat' dir='ltr'>pertranseunt,</span> <span class='ocrx_word' id='word_1_308' title='bbox 723 3051 787 3115; x_wconf 90' lang='lat' dir='ltr'>quia</span> <span class='ocrx_word' id='word_1_309' title='bbox 799 3053 952 3103; x_wconf 79' lang='lat' dir='ltr'>contractas</span> <span class='ocrx_word' id='word_1_310' title='bbox 977 3063 1009 3102; x_wconf 81' lang='lat' dir='ltr'>ea</span> <span class='ocrx_word' id='word_1_311' title='bbox 1025 3061 1086 3101; x_wconf 81' lang='lat' dir='ltr'>eon·</span> 
     </span>
    </p>
   </div>
   <div class='ocr_carea' id='block_1_6' title="bbox 7 3121 882 3199">
    <p class='ocr_par' dir='ltr' id='par_1_8' title="bbox 7 3121 882 3199">
     <span class='ocr_line' id='line_1_35' title="bbox 7 3121 882 3199; baseline 0 -27"><span class='ocrx_word' id='word_1_312' title='bbox 7 3157 16 3199; x_wconf 49' lang='lat'><em>4</em></span> <span class='ocrx_word' id='word_1_313' title='bbox 64 3123 185 3176; x_wconf 74' lang='lat' dir='ltr'>ventione</span> <span class='ocrx_word' id='word_1_314' title='bbox 199 3123 282 3189; x_wconf 79' lang='lat' dir='ltr'>tcpcm</span> <span class='ocrx_word' id='word_1_315' title='bbox 300 3122 446 3198; x_wconf 71' lang='lat' dir='ltr'>accipiunt</span> <span class='ocrx_word' id='word_1_316' title='bbox 470 3123 536 3189; x_wconf 88' lang='lat' dir='ltr'>Cap.</span> <span class='ocrx_word' id='word_1_317' title='bbox 558 3123 598 3186; x_wconf 86' lang='lat'>85,</span> <span class='ocrx_word' id='word_1_318' title='bbox 621 3123 655 3174; x_wconf 87' lang='lat' dir='ltr'>de</span> <span class='ocrx_word' id='word_1_319' title='bbox 679 3135 734 3186; x_wconf 79' lang='lat' dir='ltr'>reg.</span> <span class='ocrx_word' id='word_1_320' title='bbox 748 3123 805 3187; x_wconf 87' lang='lat' dir='ltr'>jur.</span> <span class='ocrx_word' id='word_1_321' title='bbox 820 3121 848 3172; x_wconf 89' lang='lat' dir='ltr'>in</span> <span class='ocrx_word' id='word_1_322' title='bbox 859 3121 882 3172; x_wconf 81' lang='lat' dir='ltr'>t.</span> 
     </span>
    </p>
   </div>
   <div class='ocr_carea' id='block_1_7' title="bbox 7 3303 1087 3650">
    <p class='ocr_par' dir='ltr' id='par_1_9' title="bbox 7 3303 1087 3650">
     <span class='ocr_line' id='line_1_36' title="bbox 11 3303 1087 3382; baseline -0.011 -9"><span class='ocrx_word' id='word_1_323' title='bbox 11 3370 12 3374; x_wconf 75' lang='grc'>,</span> <span class='ocrx_word' id='word_1_324' title='bbox 96 3311 161 3369; x_wconf 79' lang='lat' dir='ltr'>ill.</span> <span class='ocrx_word' id='word_1_325' title='bbox 180 3305 314 3368; x_wconf 84' lang='lat' dir='ltr'>Primam</span> <span class='ocrx_word' id='word_1_326' title='bbox 329 3305 522 3366; x_wconf 84' lang='lat' dir='ltr'>substantiale</span> <span class='ocrx_word' id='word_1_327' title='bbox 536 3303 749 3382; x_wconf 80' lang='lat' dir='ltr'>cujuscumque</span> <span class='ocrx_word' id='word_1_328' title='bbox 768 3305 858 3382; x_wconf 86' lang='lat' dir='ltr'>pacti,</span> <span class='ocrx_word' id='word_1_329' title='bbox 872 3310 902 3366; x_wconf 90' lang='lat' dir='ltr'>et</span> <span class='ocrx_word' id='word_1_330' title='bbox 914 3307 1087 3363; x_wconf 85' lang='lat' dir='ltr'>contractus</span> 
     </span>
     <span class='ocr_line' id='line_1_37' title="bbox 66 3391 1087 3476; baseline -0.005 -19"><span class='ocrx_word' id='word_1_331' title='bbox 66 3401 108 3457; x_wconf 78' lang='lat' dir='ltr'>eet</span> <span class='ocrx_word' id='word_1_332' title='bbox 124 3413 312 3476; x_wconf 57' lang='lat' dir='ltr'>consensus„</span> <span class='ocrx_word' id='word_1_333' title='bbox 325 3401 485 3471; x_wconf 84' lang='lat' dir='ltr'>Propterea</span> <span class='ocrx_word' id='word_1_334' title='bbox 505 3393 556 3470; x_wconf 85' lang='lat' dir='ltr'>qui</span> <span class='ocrx_word' id='word_1_335' title='bbox 579 3410 640 3454; x_wconf 90' lang='lat' dir='ltr'>noa</span> <span class='ocrx_word' id='word_1_336' title='bbox 662 3400 788 3470; x_wconf 83' lang='lat' dir='ltr'>pessunt</span> <span class='ocrx_word' id='word_1_337' title='bbox 806 3391 974 3455; x_wconf 87' lang='lat' dir='ltr'>consentire</span> <span class='ocrx_word' id='word_1_338' title='bbox 988 3407 1087 3467; x_wconf 86' lang='lat' dir='ltr'>neque</span> 
     </span>
     <span class='ocr_line' id='line_1_38' title="bbox 7 3479 1087 3563; baseline -0.007 -15"><span class='ocrx_word' id='word_1_339' title='bbox 7 3534 19 3559; x_wconf 65' lang='lat'><em>„</em></span> <span class='ocrx_word' id='word_1_340' title='bbox 66 3492 193 3563; x_wconf 79' lang='lat' dir='ltr'>possunt</span> <span class='ocrx_word' id='word_1_341' title='bbox 214 3484 345 3562; x_wconf 86' lang='lat' dir='ltr'>pecisoi;</span> <span class='ocrx_word' id='word_1_342' title='bbox 362 3484 416 3544; x_wconf 87' lang='lat' dir='ltr'>aed</span> <span class='ocrx_word' id='word_1_343' title='bbox 430 3483 579 3544; x_wconf 89' lang='lat' dir='ltr'>interdum</span> <span class='ocrx_word' id='word_1_344' title='bbox 592 3481 700 3554; x_wconf 89' lang='lat' dir='ltr'>evenit,</span> <span class='ocrx_word' id='word_1_345' title='bbox 713 3488 748 3542; x_wconf 85' lang='lat' dir='ltr'>ut</span> <span class='ocrx_word' id='word_1_346' title='bbox 767 3480 818 3559; x_wconf 89' lang='lat' dir='ltr'>qui</span> <span class='ocrx_word' id='word_1_347' title='bbox 830 3479 1003 3542; x_wconf 87' lang='lat' dir='ltr'>naturaliter</span> <span class='ocrx_word' id='word_1_348' title='bbox 1015 3495 1087 3555; x_wconf 91' lang='lat' dir='ltr'>pos-</span> 
     </span>
     <span class='ocr_line' id='line_1_39' title="bbox 66 3566 1087 3650; baseline -0.008 -14"><span class='ocrx_word' id='word_1_349' title='bbox 66 3580 130 3636; x_wconf 81' lang='lat' dir='ltr'>sent</span> <span class='ocrx_word' id='word_1_350' title='bbox 141 3574 326 3650; x_wconf 85' lang='lat' dir='ltr'>consentire,</span> <span class='ocrx_word' id='word_1_351' title='bbox 342 3591 403 3635; x_wconf 91' lang='lat' dir='ltr'>oon</span> <span class='ocrx_word' id='word_1_352' title='bbox 419 3580 504 3635; x_wconf 89' lang='lat' dir='ltr'>reete</span> <span class='ocrx_word' id='word_1_353' title='bbox 519 3571 705 3634; x_wconf 86' lang='lat' dir='ltr'>consentient</span> <span class='ocrx_word' id='word_1_354' title='bbox 718 3578 842 3648; x_wconf 86' lang='lat' dir='ltr'>propter</span> <span class='ocrx_word' id='word_1_355' title='bbox 855 3583 988 3630; x_wconf 86' lang='lat' dir='ltr'>errorem</span> <span class='ocrx_word' id='word_1_356' title='bbox 1000 3566 1087 3630; x_wconf 89' lang='lat' dir='ltr'>inrei</span> 
     </span>
    </p>
   </div>
   <div class='ocr_carea' id='block_1_8' title="bbox 0 0 1220 4078">
    <p class='ocr_par' dir='ltr' id='par_1_10' title="bbox 0 0 1220 4078">
     <span class='ocr_line' id='line_1_40' title="bbox 0 0 1220 4078; baseline 0 5"><span class='ocrx_word' id='word_1_357' title='bbox 0 0 1220 4078; x_wconf 95' lang='lat' dir='ltr'> </span> 
     </span>
    </p>
   </div>
  </div>
 </body>
</html>
