<?xml version="1.0" encoding="UTF-8"?>
<!DOCTYPE html PUBLIC "-//W3C//DTD XHTML 1.0 Transitional//EN"
    "http://www.w3.org/TR/xhtml1/DTD/xhtml1-transitional.dtd">
<html xmlns="http://www.w3.org/1999/xhtml" xml:lang="en" lang="en">
 <head>
  <title>
</title>
<meta http-equiv="Content-Type" content="text/html;charset=utf-8" />
  <meta name='ocr-system' content='tesseract 3.04.00' />
  <meta name='ocr-capabilities' content='ocr_page ocr_carea ocr_par ocr_line ocrx_word'/>
</head>
<body>
  <div class='ocr_page' id='page_1' title='image "./summainstitutio01ferrgoog_0032.png"; bbox 0 0 2494 4062; ppageno 0'>
   <div class='ocr_carea' id='block_1_1' title="bbox 493 127 635 187">
    <p class='ocr_par' dir='ltr' id='par_1_1' title="bbox 493 127 635 187">
     <span class='ocr_line' id='line_1_1' title="bbox 493 127 635 187; baseline 0.014 -19"><span class='ocrx_word' id='word_1_1' title='bbox 493 127 635 187; x_wconf 74' lang='lat' dir='ltr'><strong>-2p..</strong></span> 
     </span>
    </p>
   </div>
   <div class='ocr_carea' id='block_1_2' title="bbox 66 247 1074 1394">
    <p class='ocr_par' dir='ltr' id='par_1_2' title="bbox 66 247 1074 1394">
     <span class='ocr_line' id='line_1_2' title="bbox 79 247 1073 328; baseline 0.003 -21"><span class='ocrx_word' id='word_1_2' title='bbox 79 261 129 308; x_wconf 88' lang='lat' dir='ltr'><strong>neu</strong></span> <span class='ocrx_word' id='word_1_3' title='bbox 142 247 327 324; x_wconf 74' lang='lat' dir='ltr'>eleemosyna</span> <span class='ocrx_word' id='word_1_4' title='bbox 344 249 435 310; x_wconf 90' lang='lat' dir='ltr'><strong>datur</strong></span> <span class='ocrx_word' id='word_1_5' title='bbox 452 261 515 310; x_wconf 92' lang='lat' dir='ltr'><strong>unu</strong></span> <span class='ocrx_word' id='word_1_6' title='bbox 532 250 563 310; x_wconf 92' lang='lat' dir='ltr'><strong>iu</strong></span> <span class='ocrx_word' id='word_1_7' title='bbox 576 249 706 328; x_wconf 91' lang='lat' dir='ltr'><strong>pretium</strong></span> <span class='ocrx_word' id='word_1_8' title='bbox 719 247 961 324; x_wconf 64' lang='lat' dir='ltr'><strong>enumerationis,</strong></span> <span class='ocrx_word' id='word_1_9' title='bbox 975 249 1073 311; x_wconf 89' lang='lat' dir='ltr'><strong>sedin</strong></span> 
     </span>
     <span class='ocr_line' id='line_1_3' title="bbox 75 336 1073 416; baseline 0.006 -22"><span class='ocrx_word' id='word_1_10' title='bbox 75 336 226 411; x_wconf 78' lang='lat' dir='ltr'><strong>stipendium</strong></span> <span class='ocrx_word' id='word_1_11' title='bbox 248 337 503 413; x_wconf 87' lang='lat' dir='ltr'><strong>substentatinuis,</strong></span> <span class='ocrx_word' id='word_1_12' title='bbox 524 355 593 399; x_wconf 92' lang='lat' dir='ltr'><strong>num</strong></span> <span class='ocrx_word' id='word_1_13' title='bbox 616 339 667 416; x_wconf 92' lang='lat' dir='ltr'><strong>qui</strong></span> <span class='ocrx_word' id='word_1_14' title='bbox 688 338 780 400; x_wconf 81' lang='lat' dir='ltr'><strong>servit</strong></span> <span class='ocrx_word' id='word_1_15' title='bbox 804 339 899 414; x_wconf 87' lang='lat' dir='ltr'><strong>altari,</strong></span> <span class='ocrx_word' id='word_1_16' title='bbox 921 339 959 400; x_wconf 89' lang='lat' dir='ltr'><strong>de</strong></span> <span class='ocrx_word' id='word_1_17' title='bbox 980 339 1073 400; x_wconf 88' lang='lat' dir='ltr'><strong>altare</strong></span> 
     </span>
     <span class='ocr_line' id='line_1_4' title="bbox 72 424 1072 488; baseline 0.002 -5"><span class='ocrx_word' id='word_1_18' title='bbox 72 424 151 484; x_wconf 87' lang='lat' dir='ltr'><strong>vivere</strong></span> <span class='ocrx_word' id='word_1_19' title='bbox 170 425 287 484; x_wconf 90' lang='lat' dir='ltr'><strong>debeat.</strong></span> <span class='ocrx_word' id='word_1_20' title='bbox 314 425 387 486; x_wconf 90' lang='lat' dir='ltr'><strong>Olim</strong></span> <span class='ocrx_word' id='word_1_21' title='bbox 408 427 512 487; x_wconf 78' lang='lat' dir='ltr'><strong>fideles</strong></span> <span class='ocrx_word' id='word_1_22' title='bbox 532 427 562 486; x_wconf 92' lang='lat' dir='ltr'><strong>iu</strong></span> <span class='ocrx_word' id='word_1_23' title='bbox 582 426 669 487; x_wconf 89' lang='lat' dir='ltr'><strong>blissa</strong></span> <span class='ocrx_word' id='word_1_24' title='bbox 692 427 856 488; x_wconf 89' lang='lat' dir='ltr'><strong>oblationes</strong></span> <span class='ocrx_word' id='word_1_25' title='bbox 874 427 1021 488; x_wconf 88' lang='lat' dir='ltr'><strong>iaciebant</strong></span> <span class='ocrx_word' id='word_1_26' title='bbox 1041 425 1072 486; x_wconf 93' lang='lat' dir='ltr'><strong>iu</strong></span> 
     </span>
     <span class='ocr_line' id='line_1_5' title="bbox 72 513 1071 594; baseline 0.003 -21"><span class='ocrx_word' id='word_1_27' title='bbox 72 530 139 588; x_wconf 90' lang='lat' dir='ltr'><strong>pane,</strong></span> <span class='ocrx_word' id='word_1_28' title='bbox 153 520 180 574; x_wconf 91' lang='lat' dir='ltr'><strong>et</strong></span> <span class='ocrx_word' id='word_1_29' title='bbox 191 513 273 588; x_wconf 91' lang='lat' dir='ltr'><strong>viuo,</strong></span> <span class='ocrx_word' id='word_1_30' title='bbox 290 513 412 592; x_wconf 90' lang='lat' dir='ltr'><strong>aliisque</strong></span> <span class='ocrx_word' id='word_1_31' title='bbox 425 515 581 591; x_wconf 86' lang='lat' dir='ltr'><strong>similibus,</strong></span> <span class='ocrx_word' id='word_1_32' title='bbox 597 533 664 594; x_wconf 83' lang='lat' dir='ltr'><strong>qnae</strong></span> <span class='ocrx_word' id='word_1_33' title='bbox 682 517 713 575; x_wconf 92' lang='lat' dir='ltr'><strong>iu</strong></span> <span class='ocrx_word' id='word_1_34' title='bbox 734 517 1000 578; x_wconf 82' lang='lat' dir='ltr'><strong>substentationem</strong></span> <span class='ocrx_word' id='word_1_35' title='bbox 1023 531 1071 576; x_wconf 91' lang='lat' dir='ltr'><strong>ne·</strong></span> 
     </span>
     <span class='ocr_line' id='line_1_6' title="bbox 72 601 1073 682; baseline 0.004 -23"><span class='ocrx_word' id='word_1_36' title='bbox 72 601 157 662; x_wconf 84' lang='lat' dir='ltr'><strong>debant</strong></span> <span class='ocrx_word' id='word_1_37' title='bbox 169 603 363 664; x_wconf 84' lang='lat' dir='ltr'><strong>sacerdotum</strong></span> <span class='ocrx_word' id='word_1_38' title='bbox 377 621 385 677; x_wconf 87' lang='grc'>;</span> <span class='ocrx_word' id='word_1_39' title='bbox 406 605 513 665; x_wconf 87' lang='lat' dir='ltr'><strong>deiude</strong></span> <span class='ocrx_word' id='word_1_40' title='bbox 533 607 641 666; x_wconf 82' lang='lat' dir='ltr'><strong>offerre</strong></span> <span class='ocrx_word' id='word_1_41' title='bbox 655 611 812 682; x_wconf 89' lang='lat' dir='ltr'><strong>eoeperuut</strong></span> <span class='ocrx_word' id='word_1_42' title='bbox 825 605 992 682; x_wconf 83' lang='lat' dir='ltr'><strong>pecuniam,</strong></span> <span class='ocrx_word' id='word_1_43' title='bbox 1005 621 1073 681; x_wconf 87' lang='lat' dir='ltr'><strong>quae</strong></span> 
     </span>
     <span class='ocr_line' id='line_1_7' title="bbox 74 690 1072 769; baseline 0.002 -19"><span class='ocrx_word' id='word_1_44' title='bbox 74 690 288 752; x_wconf 86' lang='lat' dir='ltr'><strong>mbstentntiouis</strong></span> <span class='ocrx_word' id='word_1_45' title='bbox 303 694 452 769; x_wconf 87' lang='lat' dir='ltr'><strong>praeberet</strong></span> <span class='ocrx_word' id='word_1_46' title='bbox 465 693 640 768; x_wconf 81' lang='lat' dir='ltr'><strong>subsidium,</strong></span> <span class='ocrx_word' id='word_1_47' title='bbox 654 699 689 753; x_wconf 92' lang='lat' dir='ltr'><strong>ut</strong></span> <span class='ocrx_word' id='word_1_48' title='bbox 701 710 782 754; x_wconf 89' lang='lat' dir='ltr'><strong>nuuc</strong></span> <span class='ocrx_word' id='word_1_49' title='bbox 795 693 837 753; x_wconf 91' lang='lat' dir='ltr'><strong>tit.</strong></span> <span class='ocrx_word' id='word_1_50' title='bbox 851 693 959 755; x_wconf 89' lang='lat' dir='ltr'><strong>Sedulo</strong></span> <span class='ocrx_word' id='word_1_51' title='bbox 973 699 1072 753; x_wconf 87' lang='lat' dir='ltr'><strong>tamen</strong></span> 
     </span>
     <span class='ocr_line' id='line_1_8' title="bbox 74 781 1072 860; baseline 0.004 -22"><span class='ocrx_word' id='word_1_52' title='bbox 74 781 218 854; x_wconf 79' lang='lat' dir='ltr'><strong>emendum,</strong></span> <span class='ocrx_word' id='word_1_53' title='bbox 233 799 274 841; x_wconf 93' lang='lat' dir='ltr'><strong>ue</strong></span> <span class='ocrx_word' id='word_1_54' title='bbox 291 781 324 840; x_wconf 92' lang='lat' dir='ltr'><strong>iu</strong></span> <span class='ocrx_word' id='word_1_55' title='bbox 338 784 596 859; x_wconf 90' lang='lat' dir='ltr'><strong>eleemosynarum</strong></span> <span class='ocrx_word' id='word_1_56' title='bbox 607 781 781 858; x_wconf 87' lang='lat' dir='ltr'><strong>acceptioue</strong></span> <span class='ocrx_word' id='word_1_57' title='bbox 794 781 899 860; x_wconf 88' lang='lat' dir='ltr'><strong>aliquis</strong></span> <span class='ocrx_word' id='word_1_58' title='bbox 912 781 950 843; x_wconf 89' lang='lat' dir='ltr'><strong>sit</strong></span> <span class='ocrx_word' id='word_1_59' title='bbox 965 798 1072 843; x_wconf 89' lang='lat' dir='ltr'><strong>exces-</strong></span> 
     </span>
     <span class='ocr_line' id='line_1_9' title="bbox 71 869 1074 948; baseline 0.006 -22"><span class='ocrx_word' id='word_1_60' title='bbox 71 883 116 941; x_wconf 89' lang='lat' dir='ltr'><strong>sus,</strong></span> <span class='ocrx_word' id='word_1_61' title='bbox 128 875 172 929; x_wconf 91' lang='lat' dir='ltr'><strong>aut</strong></span> <span class='ocrx_word' id='word_1_62' title='bbox 184 869 323 944; x_wconf 91' lang='lat' dir='ltr'><strong>intentio,</strong></span> <span class='ocrx_word' id='word_1_63' title='bbox 339 873 388 931; x_wconf 92' lang='lat' dir='ltr'><strong>vel</strong></span> <span class='ocrx_word' id='word_1_64' title='bbox 403 878 525 948; x_wconf 90' lang='lat' dir='ltr'><strong>paetum</strong></span> <span class='ocrx_word' id='word_1_65' title='bbox 538 871 745 948; x_wconf 88' lang='lat' dir='ltr'><strong>simoniacum,</strong></span> <span class='ocrx_word' id='word_1_66' title='bbox 764 871 845 948; x_wconf 87' lang='lat' dir='ltr'><strong>quod</strong></span> <span class='ocrx_word' id='word_1_67' title='bbox 865 887 954 932; x_wconf 91' lang='lat' dir='ltr'><strong>nemo</strong></span> <span class='ocrx_word' id='word_1_68' title='bbox 974 877 1074 948; x_wconf 87' lang='lat' dir='ltr'><strong>potest</strong></span> 
     </span>
     <span class='ocr_line' id='line_1_10' title="bbox 69 957 1073 1039; baseline 0.006 -25"><span class='ocrx_word' id='word_1_69' title='bbox 69 957 226 1020; x_wconf 75' lang='lat' dir='ltr'><strong>attendisse</strong></span> <span class='ocrx_word' id='word_1_70' title='bbox 240 963 296 1033; x_wconf 86' lang='lat' dir='ltr'><strong>(l).</strong></span> <span class='ocrx_word' id='word_1_71' title='bbox 312 965 395 1020; x_wconf 87' lang='lat' dir='ltr'><strong>lusia</strong></span> <span class='ocrx_word' id='word_1_72' title='bbox 409 961 563 1022; x_wconf 87' lang='lat' dir='ltr'><strong>llissarum</strong></span> <span class='ocrx_word' id='word_1_73' title='bbox 580 963 782 1039; x_wconf 88' lang='lat' dir='ltr'><strong>eleemosyna,</strong></span> <span class='ocrx_word' id='word_1_74' title='bbox 794 963 844 1022; x_wconf 90' lang='lat' dir='ltr'><strong>vel</strong></span> <span class='ocrx_word' id='word_1_75' title='bbox 861 967 906 1022; x_wconf 89' lang='lat' dir='ltr'><strong>est</strong></span> <span class='ocrx_word' id='word_1_76' title='bbox 919 967 1021 1021; x_wconf 80' lang='lat' dir='ltr'><strong>taxata</strong></span> <span class='ocrx_word' id='word_1_77' title='bbox 1034 959 1073 1020; x_wconf 90' lang='lat' dir='ltr'><strong>ab</strong></span> 
     </span>
     <span class='ocr_line' id='line_1_11' title="bbox 69 1045 1074 1126; baseline 0.004 -22"><span class='ocrx_word' id='word_1_78' title='bbox 69 1045 200 1124; x_wconf 77' lang='lat' dir='ltr'><strong>Episcopo,</strong></span> <span class='ocrx_word' id='word_1_79' title='bbox 214 1065 275 1126; x_wconf 91' lang='lat' dir='ltr'><strong>pro</strong></span> <span class='ocrx_word' id='word_1_80' title='bbox 290 1048 390 1109; x_wconf 88' lang='lat' dir='ltr'><strong>missis</strong></span> <span class='ocrx_word' id='word_1_81' title='bbox 404 1045 576 1126; x_wconf 74' lang='lat' dir='ltr'><strong>¹prasertim</strong></span> <span class='ocrx_word' id='word_1_82' title='bbox 598 1049 776 1123; x_wconf 79' lang='lat' dir='ltr'><strong>adventitiis,</strong></span> <span class='ocrx_word' id='word_1_83' title='bbox 791 1050 873 1126; x_wconf 90' lang='lat' dir='ltr'><strong>quod</strong></span> <span class='ocrx_word' id='word_1_84' title='bbox 884 1050 983 1110; x_wconf 89' lang='lat' dir='ltr'><strong>lacere</strong></span> <span class='ocrx_word' id='word_1_85' title='bbox 997 1049 1074 1109; x_wconf 91' lang='lat' dir='ltr'><strong>solet</strong></span> 
     </span>
     <span class='ocr_line' id='line_1_12' title="bbox 67 1132 1074 1216; baseline 0.001 -21"><span class='ocrx_word' id='word_1_86' title='bbox 67 1132 218 1212; x_wconf 76' lang='lat' dir='ltr'><strong>iutynodn,</strong></span> <span class='ocrx_word' id='word_1_87' title='bbox 233 1143 265 1198; x_wconf 88' lang='lat' dir='ltr'><strong>et</strong></span> <span class='ocrx_word' id='word_1_88' title='bbox 278 1139 408 1215; x_wconf 89' lang='lat' dir='ltr'><strong>proinde</strong></span> <span class='ocrx_word' id='word_1_89' title='bbox 420 1139 527 1199; x_wconf 88' lang='lat' dir='ltr'><strong>dieitur</strong></span> <span class='ocrx_word' id='word_1_90' title='bbox 541 1146 612 1199; x_wconf 86' lang='lat' dir='ltr'><strong>taxa</strong></span> <span class='ocrx_word' id='word_1_91' title='bbox 625 1139 776 1216; x_wconf 64' lang='lat' dir='ltr'><strong>mendatis</strong></span> <span class='ocrx_word' id='word_1_92' title='bbox 794 1143 846 1212; x_wconf 77' lang='lat'><strong>(2),</strong></span> <span class='ocrx_word' id='word_1_93' title='bbox 855 1139 904 1199; x_wconf 90' lang='lat' dir='ltr'><strong>vel</strong></span> <span class='ocrx_word' id='word_1_94' title='bbox 917 1143 963 1198; x_wconf 87' lang='lat' dir='ltr'><strong>est</strong></span> <span class='ocrx_word' id='word_1_95' title='bbox 973 1142 1074 1198; x_wconf 82' lang='lat' dir='ltr'><strong>taxata</strong></span> 
     </span>
     <span class='ocr_line' id='line_1_13' title="bbox 67 1223 1074 1305; baseline 0.002 -23"><span class='ocrx_word' id='word_1_96' title='bbox 67 1223 243 1301; x_wconf 72' lang='lat' dir='ltr'><strong>absumente,</strong></span> <span class='ocrx_word' id='word_1_97' title='bbox 255 1234 288 1288; x_wconf 92' lang='lat' dir='ltr'><strong>et</strong></span> <span class='ocrx_word' id='word_1_98' title='bbox 297 1229 489 1290; x_wconf 84' lang='lat' dir='ltr'><strong>benefactore</strong></span> <span class='ocrx_word' id='word_1_99' title='bbox 501 1229 532 1288; x_wconf 90' lang='lat' dir='ltr'><strong>iu</strong></span> <span class='ocrx_word' id='word_1_100' title='bbox 545 1228 644 1288; x_wconf 91' lang='lat' dir='ltr'><strong>missis</strong></span> <span class='ocrx_word' id='word_1_101' title='bbox 656 1227 821 1305; x_wconf 86' lang='lat' dir='ltr'><strong>praesertim</strong></span> <span class='ocrx_word' id='word_1_102' title='bbox 833 1227 1074 1305; x_wconf 65' lang='lat' dir='ltr'><strong>perpetuisque</strong></span> 
     </span>
     <span class='ocr_line' id='line_1_14' title="bbox 66 1313 1071 1394; baseline 0 -20"><span class='ocrx_word' id='word_1_103' title='bbox 66 1315 216 1388; x_wconf 77' lang='lat' dir='ltr'><strong>regulariter</strong></span> <span class='ocrx_word' id='word_1_104' title='bbox 234 1317 392 1393; x_wconf 90' lang='lat' dir='ltr'><strong>loquendo</strong></span> <span class='ocrx_word' id='word_1_105' title='bbox 405 1333 466 1378; x_wconf 91' lang='lat' dir='ltr'><strong>unu</strong></span> <span class='ocrx_word' id='word_1_106' title='bbox 482 1317 571 1378; x_wconf 88' lang='lat' dir='ltr'><strong>debet</strong></span> <span class='ocrx_word' id='word_1_107' title='bbox 585 1334 651 1379; x_wconf 89' lang='lat' dir='ltr'><strong>esse</strong></span> <span class='ocrx_word' id='word_1_108' title='bbox 670 1324 741 1378; x_wconf 87' lang='lat' dir='ltr'><strong>taxa</strong></span> <span class='ocrx_word' id='word_1_109' title='bbox 754 1315 891 1394; x_wconf 90' lang='lat' dir='ltr'><strong>synodali</strong></span> <span class='ocrx_word' id='word_1_110' title='bbox 903 1313 1002 1376; x_wconf 87' lang='lat' dir='ltr'><strong>minor</strong></span> <span class='ocrx_word' id='word_1_111' title='bbox 1020 1317 1071 1390; x_wconf 85' lang='grc'>(3).</span> 
     </span>
    </p>
   </div>
   <div class='ocr_carea' id='block_1_3' title="bbox 8 1451 1074 2876">
    <p class='ocr_par' dir='ltr' id='par_1_3' title="bbox 8 1451 1074 2096">
     <span class='ocr_line' id='line_1_15' title="bbox 89 1451 1074 1523; baseline 0.003 -20"><span class='ocrx_word' id='word_1_112' title='bbox 89 1451 118 1517; x_wconf 92' lang='lat' dir='ltr'><strong>(l)</strong></span> <span class='ocrx_word' id='word_1_113' title='bbox 129 1453 203 1508; x_wconf 87' lang='lat' dir='ltr'><strong>Unde</strong></span> <span class='ocrx_word' id='word_1_114' title='bbox 216 1456 411 1509; x_wconf 85' lang='lat' dir='ltr'><strong>Tridentinnm</strong></span> <span class='ocrx_word' id='word_1_115' title='bbox 425 1457 559 1523; x_wconf 86' lang='lat' dir='ltr'><strong>episcopis</strong></span> <span class='ocrx_word' id='word_1_116' title='bbox 580 1456 701 1520; x_wconf 87' lang='lat' dir='ltr'><strong>mandat,</strong></span> <span class='ocrx_word' id='word_1_117' title='bbox 720 1458 759 1516; x_wconf 86' lang='lat' dir='ltr'><strong>ut,</strong></span> <span class='ocrx_word' id='word_1_118' title='bbox 779 1455 850 1522; x_wconf 79' lang='lat' dir='ltr'><strong>qnod</strong></span> <span class='ocrx_word' id='word_1_119' title='bbox 867 1452 904 1508; x_wconf 85' lang='lat' dir='ltr'><strong>nd</strong></span> <span class='ocrx_word' id='word_1_120' title='bbox 923 1452 1074 1508; x_wconf 58' lang='lat' dir='ltr'><strong>ouantium</strong></span> 
     </span>
     <span class='ocr_line' id='line_1_16' title="bbox 64 1523 1074 1594; baseline 0.001 -19"><span class='ocrx_word' id='word_1_121' title='bbox 64 1525 169 1590; x_wconf 76' lang='lat' dir='ltr'><strong>pertinet,</strong></span> <span class='ocrx_word' id='word_1_122' title='bbox 180 1527 304 1594; x_wconf 71' lang='lat' dir='ltr'><strong>cuiusuis</strong></span> <span class='ocrx_word' id='word_1_123' title='bbox 312 1541 442 1594; x_wconf 76' lang='lat' dir='ltr'><strong>pennum</strong></span> <span class='ocrx_word' id='word_1_124' title='bbox 454 1527 608 1582; x_wconf 81' lang='lat' dir='ltr'><strong>mercedum</strong></span> <span class='ocrx_word' id='word_1_125' title='bbox 622 1527 794 1590; x_wconf 82' lang='lat' dir='ltr'><strong>conditiones,</strong></span> <span class='ocrx_word' id='word_1_126' title='bbox 804 1529 894 1592; x_wconf 87' lang='lat' dir='ltr'><strong>pecte,</strong></span> <span class='ocrx_word' id='word_1_127' title='bbox 905 1528 930 1579; x_wconf 89' lang='lat' dir='ltr'><strong>et</strong></span> <span class='ocrx_word' id='word_1_128' title='bbox 940 1523 1074 1592; x_wconf 81' lang='lat' dir='ltr'><strong>quidquid</strong></span> 
     </span>
     <span class='ocr_line' id='line_1_17' title="bbox 63 1594 1071 1664; baseline -0.002 -16"><span class='ocrx_word' id='word_1_129' title='bbox 63 1607 100 1658; x_wconf 76' lang='lat' dir='ltr'><strong>ern</strong></span> <span class='ocrx_word' id='word_1_130' title='bbox 110 1597 190 1650; x_wconf 77' lang='lat' dir='ltr'><strong>nisu</strong></span> <span class='ocrx_word' id='word_1_131' title='bbox 206 1600 287 1652; x_wconf 83' lang='lat' dir='ltr'><strong>nonis</strong></span> <span class='ocrx_word' id='word_1_132' title='bbox 309 1599 473 1652; x_wconf 81' lang='lat' dir='ltr'><strong>celebrandis</strong></span> <span class='ocrx_word' id='word_1_133' title='bbox 485 1598 579 1658; x_wconf 81' lang='lat' dir='ltr'><strong>detur,</strong></span> <span class='ocrx_word' id='word_1_134' title='bbox 594 1613 642 1652; x_wconf 92' lang='lat' dir='ltr'><strong>nec</strong></span> <span class='ocrx_word' id='word_1_135' title='bbox 659 1613 714 1652; x_wconf 90' lang='lat' dir='ltr'><strong>nnn</strong></span> <span class='ocrx_word' id='word_1_136' title='bbox 726 1598 904 1664; x_wconf 85' lang='lat' dir='ltr'><strong>importunas,</strong></span> <span class='ocrx_word' id='word_1_137' title='bbox 919 1601 999 1664; x_wconf 78' lang='lat' dir='ltr'><strong>elene</strong></span> <span class='ocrx_word' id='word_1_138' title='bbox 1014 1594 1071 1647; x_wconf 83' lang='lat' dir='ltr'><strong>iiii-</strong></span> 
     </span>
     <span class='ocr_line' id='line_1_18' title="bbox 64 1663 1073 1738; baseline 0.003 -21"><span class='ocrx_word' id='word_1_139' title='bbox 64 1663 145 1720; x_wconf 84' lang='lat' dir='ltr'><strong>leruies</strong></span> <span class='ocrx_word' id='word_1_140' title='bbox 157 1670 388 1738; x_wconf 75' lang='lat' dir='ltr'><strong>eleemosynarum</strong></span> <span class='ocrx_word' id='word_1_141' title='bbox 402 1671 552 1724; x_wconf 76' lang='lat' dir='ltr'><strong>erectiones</strong></span> <span class='ocrx_word' id='word_1_142' title='bbox 559 1670 649 1737; x_wconf 86' lang='lat' dir='ltr'><strong>potius</strong></span> <span class='ocrx_word' id='word_1_143' title='bbox 659 1683 742 1736; x_wconf 84' lang='lat' dir='ltr'><strong>quem</strong></span> <span class='ocrx_word' id='word_1_144' title='bbox 755 1668 954 1735; x_wconf 80' lang='lat' dir='ltr'><strong>postulationes,</strong></span> <span class='ocrx_word' id='word_1_145' title='bbox 965 1667 1073 1733; x_wconf 81' lang='lat' dir='ltr'><strong>elinque</strong></span> 
     </span>
     <span class='ocr_line' id='line_1_19' title="bbox 64 1733 1074 1810; baseline -0.002 -18"><span class='ocrx_word' id='word_1_146' title='bbox 64 1733 205 1804; x_wconf 76' lang='lat' dir='ltr'><strong>itiusmodi,</strong></span> <span class='ocrx_word' id='word_1_147' title='bbox 219 1756 279 1810; x_wconf 71' lang='lat' dir='ltr'><strong>qna</strong></span> <span class='ocrx_word' id='word_1_148' title='bbox 290 1755 308 1794; x_wconf 90' lang='lat' dir='ltr'><strong>n</strong></span> <span class='ocrx_word' id='word_1_149' title='bbox 321 1741 472 1794; x_wconf 83' lang='lat' dir='ltr'><strong>simoniaca</strong></span> <span class='ocrx_word' id='word_1_150' title='bbox 486 1741 552 1805; x_wconf 83' lang='lat' dir='ltr'><strong>labe,</strong></span> <span class='ocrx_word' id='word_1_151' title='bbox 562 1741 604 1794; x_wconf 87' lang='lat' dir='ltr'><strong>vel</strong></span> <span class='ocrx_word' id='word_1_152' title='bbox 616 1746 686 1794; x_wconf 83' lang='lat' dir='ltr'><strong>certe</strong></span> <span class='ocrx_word' id='word_1_153' title='bbox 699 1756 717 1794; x_wconf 89' lang='lat' dir='ltr'><strong>n</strong></span> <span class='ocrx_word' id='word_1_154' title='bbox 731 1739 807 1808; x_wconf 77' lang='lat' dir='ltr'><strong>turpi</strong></span> <span class='ocrx_word' id='word_1_155' title='bbox 820 1743 919 1806; x_wconf 79' lang='lat' dir='ltr'><strong>questu</strong></span> <span class='ocrx_word' id='word_1_156' title='bbox 929 1752 984 1791; x_wconf 90' lang='lat' dir='ltr'><strong>nnn</strong></span> <span class='ocrx_word' id='word_1_157' title='bbox 997 1739 1074 1804; x_wconf 78' lang='lat' dir='ltr'><strong>innpe</strong></span> 
     </span>
     <span class='ocr_line' id='line_1_20' title="bbox 63 1807 1073 1880; baseline -0.003 -17"><span class='ocrx_word' id='word_1_158' title='bbox 63 1807 149 1872; x_wconf 73' lang='grc'>11111111,</span> <span class='ocrx_word' id='word_1_159' title='bbox 162 1815 273 1866; x_wconf 85' lang='lat' dir='ltr'><strong>omnino</strong></span> <span class='ocrx_word' id='word_1_160' title='bbox 288 1813 457 1880; x_wconf 78' lang='lat' dir='ltr'><strong>prohibeant.</strong></span> <span class='ocrx_word' id='word_1_161' title='bbox 472 1812 543 1865; x_wconf 82' lang='lat' dir='ltr'><strong>Sese.</strong></span> <span class='ocrx_word' id='word_1_162' title='bbox 559 1815 599 1878; x_wconf 76' lang='grc'>21,</span> <span class='ocrx_word' id='word_1_163' title='bbox 615 1814 643 1864; x_wconf 90' lang='lat' dir='ltr'><strong>iu</strong></span> <span class='ocrx_word' id='word_1_164' title='bbox 664 1813 738 1864; x_wconf 89' lang='lat' dir='ltr'><strong>decr.</strong></span> <span class='ocrx_word' id='word_1_165' title='bbox 753 1813 787 1864; x_wconf 91' lang='lat' dir='ltr'><strong>de</strong></span> <span class='ocrx_word' id='word_1_166' title='bbox 808 1813 914 1864; x_wconf 85' lang='lat' dir='ltr'><strong>observ.</strong></span> <span class='ocrx_word' id='word_1_167' title='bbox 931 1815 958 1862; x_wconf 91' lang='lat' dir='ltr'><strong>et</strong></span> <span class='ocrx_word' id='word_1_168' title='bbox 975 1811 1023 1861; x_wconf 90' lang='lat' dir='ltr'><strong>vit.</strong></span> <span class='ocrx_word' id='word_1_169' title='bbox 1043 1809 1073 1860; x_wconf 91' lang='lat' dir='ltr'><strong>iu</strong></span> 
     </span>
     <span class='ocr_line' id='line_1_21' title="bbox 64 1881 1071 1952; baseline 0.004 -24"><span class='ocrx_word' id='word_1_170' title='bbox 64 1881 102 1930; x_wconf 89' lang='lat' dir='ltr'><strong>cel.</strong></span> <span class='ocrx_word' id='word_1_171' title='bbox 114 1883 181 1936; x_wconf 86' lang='lat' dir='ltr'><strong>bliss.</strong></span> <span class='ocrx_word' id='word_1_172' title='bbox 195 1913 226 1922; x_wconf 99' lang='lat'>-</span> <span class='ocrx_word' id='word_1_173' title='bbox 238 1887 277 1952; x_wconf 75' lang='lat'><strong>(2)</strong></span> <span class='ocrx_word' id='word_1_174' title='bbox 294 1885 360 1937; x_wconf 82' lang='lat' dir='ltr'><strong>Haec</strong></span> <span class='ocrx_word' id='word_1_175' title='bbox 380 1885 479 1936; x_wconf 84' lang='lat' dir='ltr'><strong>taxatio</strong></span> <span class='ocrx_word' id='word_1_176' title='bbox 505 1885 673 1936; x_wconf 86' lang='lat' dir='ltr'><strong>observanda</strong></span> <span class='ocrx_word' id='word_1_177' title='bbox 693 1889 734 1936; x_wconf 86' lang='lat' dir='ltr'><strong>est</strong></span> <span class='ocrx_word' id='word_1_178' title='bbox 749 1884 829 1936; x_wconf 88' lang='lat' dir='ltr'><strong>etiam</strong></span> <span class='ocrx_word' id='word_1_179' title='bbox 843 1897 859 1934; x_wconf 89' lang='lat' dir='ltr'><strong>s</strong></span> <span class='ocrx_word' id='word_1_180' title='bbox 872 1882 1071 1948; x_wconf 76' lang='lat' dir='ltr'><strong>Regularibus3</strong></span> 
     </span>
     <span class='ocr_line' id='line_1_22' title="bbox 8 1952 1071 2022; baseline 0.002 -21"><span class='ocrx_word' id='word_1_181' title='bbox 8 2013 9 2022; x_wconf 9' lang='grc' dir='ltr'>ἵ</span> <span class='ocrx_word' id='word_1_182' title='bbox 62 1961 112 2001; x_wconf 87' lang='lat' dir='ltr'><strong>nam</strong></span> <span class='ocrx_word' id='word_1_183' title='bbox 121 1953 144 2004; x_wconf 87' lang='lat' dir='ltr'><strong>S.</strong></span> <span class='ocrx_word' id='word_1_184' title='bbox 159 1955 339 2022; x_wconf 81' lang='lat' dir='ltr'><strong>congregatio</strong></span> <span class='ocrx_word' id='word_1_185' title='bbox 354 1957 459 2007; x_wconf 89' lang='lat' dir='ltr'><strong>concilii</strong></span> <span class='ocrx_word' id='word_1_186' title='bbox 473 1956 516 2008; x_wconf 90' lang='lat' dir='ltr'><strong>die</strong></span> <span class='ocrx_word' id='word_1_187' title='bbox 539 1957 566 2006; x_wconf 86' lang='lat'><strong>15</strong></span> <span class='ocrx_word' id='word_1_188' title='bbox 583 1958 690 2021; x_wconf 88' lang='lat' dir='ltr'><strong>januar.</strong></span> <span class='ocrx_word' id='word_1_189' title='bbox 707 1955 767 2006; x_wconf 87' lang='grc'>1639</span> <span class='ocrx_word' id='word_1_190' title='bbox 787 1955 948 2011; x_wconf 79' lang='lat' dir='ltr'><strong>declaravit,</strong></span> <span class='ocrx_word' id='word_1_191' title='bbox 963 1952 1071 2005; x_wconf 82' lang='lat' dir='ltr'><strong>eleemo-</strong></span> 
     </span>
     <span class='ocr_line' id='line_1_23' title="bbox 8 2021 1071 2096; baseline 0 -22"><span class='ocrx_word' id='word_1_192' title='bbox 8 2077 9 2096; x_wconf 49' lang='lat'><strong>,</strong></span> <span class='ocrx_word' id='word_1_193' title='bbox 63 2033 142 2086; x_wconf 82' lang='lat' dir='ltr'><strong>rynem</strong></span> <span class='ocrx_word' id='word_1_194' title='bbox 152 2041 198 2092; x_wconf 87' lang='lat' dir='ltr'><strong>pre</strong></span> <span class='ocrx_word' id='word_1_195' title='bbox 212 2027 335 2094; x_wconf 83' lang='lat' dir='ltr'><strong>qualibet</strong></span> <span class='ocrx_word' id='word_1_196' title='bbox 351 2027 435 2079; x_wconf 88' lang='lat' dir='ltr'><strong>missu</strong></span> <span class='ocrx_word' id='word_1_197' title='bbox 450 2040 499 2094; x_wconf 79' lang='lat' dir='ltr'><strong>pen</strong></span> <span class='ocrx_word' id='word_1_198' title='bbox 512 2025 653 2093; x_wconf 77' lang='lat' dir='ltr'><strong>repeteres</strong></span> <span class='ocrx_word' id='word_1_199' title='bbox 669 2025 827 2078; x_wconf 83' lang='lat' dir='ltr'><strong>celebrando</strong></span> <span class='ocrx_word' id='word_1_200' title='bbox 840 2025 871 2078; x_wconf 84' lang='lat' dir='ltr'><strong>tn</strong></span> <span class='ocrx_word' id='word_1_201' title='bbox 885 2037 977 2076; x_wconf 81' lang='lat' dir='ltr'><strong>eornm</strong></span> <span class='ocrx_word' id='word_1_202' title='bbox 991 2021 1071 2076; x_wconf 88' lang='lat' dir='ltr'><strong>eccle-</strong></span> 
     </span>
    </p>

    <p class='ocr_par' dir='ltr' id='par_1_4' title="bbox 63 2092 1073 2876">
     <span class='ocr_line' id='line_1_24' title="bbox 63 2092 1071 2163; baseline -0.003 -15"><span class='ocrx_word' id='word_1_203' title='bbox 63 2092 99 2144; x_wconf 81' lang='lat' dir='ltr'><strong>u&#39;t&#39;s</strong></span> <span class='ocrx_word' id='word_1_204' title='bbox 112 2098 328 2152; x_wconf 72' lang='lat' dir='ltr'><strong>mainsendem</strong></span> <span class='ocrx_word' id='word_1_205' title='bbox 342 2098 457 2152; x_wconf 77' lang='lat' dir='ltr'><strong>arbitrio</strong></span> <span class='ocrx_word' id='word_1_206' title='bbox 474 2096 617 2152; x_wconf 78' lang='lat' dir='ltr'><strong>ordinarii</strong></span> <span class='ocrx_word' id='word_1_207' title='bbox 625 2099 709 2163; x_wconf 80' lang='lat' dir='ltr'><strong>jueta</strong></span> <span class='ocrx_word' id='word_1_208' title='bbox 725 2111 827 2150; x_wconf 85' lang='lat' dir='ltr'><strong>morem</strong></span> <span class='ocrx_word' id='word_1_209' title='bbox 843 2096 969 2162; x_wconf 84' lang='lat' dir='ltr'><strong>repinnis.</strong></span> <span class='ocrx_word' id='word_1_210' title='bbox 985 2095 1071 2146; x_wconf 87' lang='lat' dir='ltr'><strong>Bena-</strong></span> 
     </span>
     <span class='ocr_line' id='line_1_25' title="bbox 64 2161 1071 2236; baseline 0.001 -21"><span class='ocrx_word' id='word_1_211' title='bbox 64 2161 134 2217; x_wconf 88' lang='lat' dir='ltr'><strong>diclns</strong></span> <span class='ocrx_word' id='word_1_212' title='bbox 144 2168 215 2236; x_wconf 83' lang='lat' dir='ltr'><strong>xlv,</strong></span> <span class='ocrx_word' id='word_1_213' title='bbox 230 2171 302 2222; x_wconf 87' lang='lat' dir='ltr'><strong>lust.</strong></span> <span class='ocrx_word' id='word_1_214' title='bbox 323 2171 364 2234; x_wconf 84' lang='grc'><strong>36,</strong></span> <span class='ocrx_word' id='word_1_215' title='bbox 385 2183 410 2220; x_wconf 94' lang='lat' dir='ltr'><strong>u.</strong></span> <span class='ocrx_word' id='word_1_216' title='bbox 429 2170 466 2221; x_wconf 90' lang='lat'><strong>10.</strong></span> <span class='ocrx_word' id='word_1_217' title='bbox 482 2169 557 2234; x_wconf 84' lang='lat'>-(3)</span> <span class='ocrx_word' id='word_1_218' title='bbox 572 2169 653 2220; x_wconf 88' lang='lat' dir='ltr'><strong>Ultra</strong></span> <span class='ocrx_word' id='word_1_219' title='bbox 669 2169 868 2234; x_wconf 89' lang='lat' dir='ltr'><strong>eleemosynam</strong></span> <span class='ocrx_word' id='word_1_220' title='bbox 885 2169 1004 2218; x_wconf 77' lang='grc'>1111111111</span> <span class='ocrx_word' id='word_1_221' title='bbox 1021 2178 1071 2216; x_wconf 90' lang='lat' dir='ltr'><strong>ne·</strong></span> 
     </span>
     <span class='ocr_line' id='line_1_26' title="bbox 64 2236 1070 2306; baseline -0.001 -19"><span class='ocrx_word' id='word_1_222' title='bbox 64 2243 146 2298; x_wconf 81' lang='lat' dir='ltr'><strong>queunt</strong></span> <span class='ocrx_word' id='word_1_223' title='bbox 160 2240 322 2293; x_wconf 86' lang='lat' dir='ltr'><strong>Sacerdotes</strong></span> <span class='ocrx_word' id='word_1_224' title='bbox 338 2254 388 2306; x_wconf 93' lang='lat' dir='ltr'><strong>pro</strong></span> <span class='ocrx_word' id='word_1_225' title='bbox 403 2240 583 2292; x_wconf 87' lang='lat' dir='ltr'><strong>celebratione</strong></span> <span class='ocrx_word' id='word_1_226' title='bbox 596 2245 699 2306; x_wconf 87' lang='lat' dir='ltr'><strong>petere.</strong></span> <span class='ocrx_word' id='word_1_227' title='bbox 722 2237 904 2291; x_wconf 85' lang='lat' dir='ltr'><strong>Nihilominus</strong></span> <span class='ocrx_word' id='word_1_228' title='bbox 920 2241 1008 2304; x_wconf 88' lang='lat' dir='ltr'><strong>potest</strong></span> <span class='ocrx_word' id='word_1_229' title='bbox 1029 2236 1070 2287; x_wconf 87' lang='lat' dir='ltr'><strong>al-</strong></span> 
     </span>
     <span class='ocr_line' id='line_1_27' title="bbox 65 2304 1073 2376; baseline 0.006 -24"><span class='ocrx_word' id='word_1_230' title='bbox 65 2304 135 2360; x_wconf 90' lang='lat' dir='ltr'><strong>lereus</strong></span> <span class='ocrx_word' id='word_1_231' title='bbox 145 2311 318 2376; x_wconf 81' lang='lat' dir='ltr'><strong>eleemosyna</strong></span> <span class='ocrx_word' id='word_1_232' title='bbox 336 2315 430 2362; x_wconf 85' lang='lat' dir='ltr'><strong>taxata</strong></span> <span class='ocrx_word' id='word_1_233' title='bbox 446 2313 577 2376; x_wconf 83' lang='lat' dir='ltr'><strong>majorem</strong></span> <span class='ocrx_word' id='word_1_234' title='bbox 592 2311 667 2370; x_wconf 87' lang='lat' dir='ltr'><strong>dare,</strong></span> <span class='ocrx_word' id='word_1_235' title='bbox 686 2323 746 2376; x_wconf 82' lang='lat' dir='ltr'><strong>quae</strong></span> <span class='ocrx_word' id='word_1_236' title='bbox 761 2324 814 2361; x_wconf 93' lang='lat' dir='ltr'><strong>unu</strong></span> <span class='ocrx_word' id='word_1_237' title='bbox 828 2309 982 2376; x_wconf 89' lang='lat' dir='ltr'><strong>prohibitur</strong></span> <span class='ocrx_word' id='word_1_238' title='bbox 995 2321 1073 2359; x_wconf 85' lang='lat' dir='ltr'><strong>sece-</strong></span> 
     </span>
     <span class='ocr_line' id='line_1_28' title="bbox 64 2379 1072 2447; baseline -0.005 -13"><span class='ocrx_word' id='word_1_239' title='bbox 64 2379 118 2438; x_wconf 72' lang='lat' dir='ltr'><strong>ltnr&#39;r</strong></span> <span class='ocrx_word' id='word_1_240' title='bbox 129 2399 135 2442; x_wconf 87' lang='lat'>;</span> <span class='ocrx_word' id='word_1_241' title='bbox 147 2386 172 2433; x_wconf 90' lang='lat' dir='ltr'><strong>et</strong></span> <span class='ocrx_word' id='word_1_242' title='bbox 182 2398 216 2434; x_wconf 81' lang='lat' dir='ltr'><strong>as</strong></span> <span class='ocrx_word' id='word_1_243' title='bbox 231 2383 348 2434; x_wconf 81' lang='lat' dir='ltr'><strong>adverso</strong></span> <span class='ocrx_word' id='word_1_244' title='bbox 363 2385 450 2447; x_wconf 88' lang='lat' dir='ltr'><strong>petest</strong></span> <span class='ocrx_word' id='word_1_245' title='bbox 472 2381 599 2433; x_wconf 86' lang='lat' dir='ltr'><strong>sacerdos</strong></span> <span class='ocrx_word' id='word_1_246' title='bbox 615 2380 814 2446; x_wconf 89' lang='lat' dir='ltr'><strong>eleemosynam</strong></span> <span class='ocrx_word' id='word_1_247' title='bbox 834 2384 924 2432; x_wconf 72' lang='lat' dir='ltr'><strong>taxum</strong></span> <span class='ocrx_word' id='word_1_248' title='bbox 938 2383 1072 2430; x_wconf 90' lang='lat' dir='ltr'><strong>minorem</strong></span> 
     </span>
     <span class='ocr_line' id='line_1_29' title="bbox 64 2449 1071 2518; baseline 0 -18"><span class='ocrx_word' id='word_1_249' title='bbox 64 2455 187 2515; x_wconf 75' lang='lat' dir='ltr'><strong>uespere,</strong></span> <span class='ocrx_word' id='word_1_250' title='bbox 202 2454 286 2506; x_wconf 92' lang='lat' dir='ltr'><strong>modo</strong></span> <span class='ocrx_word' id='word_1_251' title='bbox 300 2453 328 2504; x_wconf 90' lang='lat' dir='ltr'><strong>id</strong></span> <span class='ocrx_word' id='word_1_252' title='bbox 337 2454 372 2505; x_wconf 87' lang='lat' dir='ltr'><strong>ab</strong></span> <span class='ocrx_word' id='word_1_253' title='bbox 388 2455 513 2518; x_wconf 90' lang='lat' dir='ltr'><strong>episeopo</strong></span> <span class='ocrx_word' id='word_1_254' title='bbox 527 2465 581 2504; x_wconf 92' lang='lat' dir='ltr'><strong>unu</strong></span> <span class='ocrx_word' id='word_1_255' title='bbox 594 2452 780 2517; x_wconf 86' lang='lat' dir='ltr'><strong>prohibeatur,</strong></span> <span class='ocrx_word' id='word_1_256' title='bbox 791 2465 825 2503; x_wconf 90' lang='lat' dir='ltr'><strong>ue</strong></span> <span class='ocrx_word' id='word_1_257' title='bbox 839 2449 1004 2503; x_wconf 74' lang='lat' dir='ltr'><strong>cousuetudo</strong></span> <span class='ocrx_word' id='word_1_258' title='bbox 1020 2449 1071 2500; x_wconf 89' lang='lat' dir='ltr'><strong>mi·</strong></span> 
     </span>
     <span class='ocr_line' id='line_1_30' title="bbox 64 2521 1072 2590; baseline 0.002 -18"><span class='ocrx_word' id='word_1_259' title='bbox 64 2530 102 2570; x_wconf 82' lang='lat' dir='ltr'><strong>uus</strong></span> <span class='ocrx_word' id='word_1_260' title='bbox 116 2525 260 2590; x_wconf 85' lang='lat' dir='ltr'><strong>accipiendi</strong></span> <span class='ocrx_word' id='word_1_261' title='bbox 277 2525 305 2575; x_wconf 91' lang='lat' dir='ltr'><strong>iu</strong></span> <span class='ocrx_word' id='word_1_262' title='bbox 319 2525 434 2576; x_wconf 87' lang='lat' dir='ltr'><strong>eliorum</strong></span> <span class='ocrx_word' id='word_1_263' title='bbox 444 2523 603 2590; x_wconf 82' lang='lat' dir='ltr'><strong>praejudicin</strong></span> <span class='ocrx_word' id='word_1_264' title='bbox 618 2522 815 2575; x_wconf 84' lang='lat' dir='ltr'><strong>introducatur.</strong></span> <span class='ocrx_word' id='word_1_265' title='bbox 827 2522 989 2574; x_wconf 86' lang='lat' dir='ltr'><strong>Benedictus</strong></span> <span class='ocrx_word' id='word_1_266' title='bbox 1005 2521 1072 2574; x_wconf 85' lang='lat' dir='ltr'><strong>XIV</strong></span> 
     </span>
     <span class='ocr_line' id='line_1_31' title="bbox 65 2587 1072 2658; baseline 0.001 -15"><span class='ocrx_word' id='word_1_267' title='bbox 65 2587 90 2641; x_wconf 84' lang='lat' dir='ltr'><strong>de</strong></span> <span class='ocrx_word' id='word_1_268' title='bbox 100 2591 186 2658; x_wconf 82' lang='lat' dir='ltr'><strong>Syund.</strong></span> <span class='ocrx_word' id='word_1_269' title='bbox 202 2595 258 2657; x_wconf 79' lang='grc'>15,</span> <span class='ocrx_word' id='word_1_270' title='bbox 275 2609 298 2648; x_wconf 90' lang='lat' dir='ltr'><strong>n.</strong></span> <span class='ocrx_word' id='word_1_271' title='bbox 310 2597 334 2646; x_wconf 87' lang='lat'><strong>8.</strong></span> <span class='ocrx_word' id='word_1_272' title='bbox 349 2595 450 2647; x_wconf 89' lang='lat' dir='ltr'><strong>Nnrmn</strong></span> <span class='ocrx_word' id='word_1_273' title='bbox 463 2608 526 2646; x_wconf 90' lang='lat' dir='ltr'><strong>vern</strong></span> <span class='ocrx_word' id='word_1_274' title='bbox 541 2594 651 2646; x_wconf 85' lang='lat' dir='ltr'><strong>taxandi</strong></span> <span class='ocrx_word' id='word_1_275' title='bbox 666 2594 784 2646; x_wconf 89' lang='lat' dir='ltr'><strong>sumitur</strong></span> <span class='ocrx_word' id='word_1_276' title='bbox 801 2592 1033 2655; x_wconf 87' lang='lat' dir='ltr'><strong>acnusuetudiue,</strong></span> <span class='ocrx_word' id='word_1_277' title='bbox 1045 2594 1072 2644; x_wconf 84' lang='lat' dir='ltr'><strong>et</strong></span> 
     </span>
     <span class='ocr_line' id='line_1_32' title="bbox 65 2663 1071 2731; baseline 0.003 -20"><span class='ocrx_word' id='word_1_278' title='bbox 65 2667 252 2730; x_wconf 65' lang='lat' dir='ltr'><strong>abscessibus,</strong></span> <span class='ocrx_word' id='word_1_279' title='bbox 280 2680 344 2718; x_wconf 86' lang='lat' dir='ltr'><strong>nam</strong></span> <span class='ocrx_word' id='word_1_280' title='bbox 363 2669 395 2717; x_wconf 88' lang='lat' dir='ltr'><strong>ut</strong></span> <span class='ocrx_word' id='word_1_281' title='bbox 413 2667 523 2717; x_wconf 89' lang='lat' dir='ltr'><strong>tradunt</strong></span> <span class='ocrx_word' id='word_1_282' title='bbox 547 2666 684 2730; x_wconf 75' lang='lat' dir='ltr'><strong>Debborae,</strong></span> <span class='ocrx_word' id='word_1_283' title='bbox 699 2665 791 2717; x_wconf 76' lang='lat' dir='ltr'><strong>Missae</strong></span> <span class='ocrx_word' id='word_1_284' title='bbox 806 2664 977 2731; x_wconf 82' lang='lat' dir='ltr'><strong>eleemosyna</strong></span> <span class='ocrx_word' id='word_1_285' title='bbox 990 2663 1071 2715; x_wconf 86' lang='lat' dir='ltr'><strong>datur</strong></span> 
     </span>
     <span class='ocr_line' id='line_1_33' title="bbox 64 2731 1072 2791; baseline 0.002 -5"><span class='ocrx_word' id='word_1_286' title='bbox 64 2731 89 2781; x_wconf 79' lang='lat' dir='ltr'><strong>ud</strong></span> <span class='ocrx_word' id='word_1_287' title='bbox 100 2735 243 2791; x_wconf 75' lang='lat' dir='ltr'><strong>Sacerdotis</strong></span> <span class='ocrx_word' id='word_1_288' title='bbox 259 2739 513 2790; x_wconf 88' lang='lat' dir='ltr'><strong>substentationem.</strong></span> <span class='ocrx_word' id='word_1_289' title='bbox 528 2737 560 2788; x_wconf 94' lang='lat' dir='ltr'><strong>lu</strong></span> <span class='ocrx_word' id='word_1_290' title='bbox 575 2737 761 2789; x_wconf 82' lang='lat' dir='ltr'><strong>archidioecesi</strong></span> <span class='ocrx_word' id='word_1_291' title='bbox 776 2737 913 2789; x_wconf 87' lang='lat' dir='ltr'><strong>Genuensi</strong></span> <span class='ocrx_word' id='word_1_292' title='bbox 932 2735 991 2787; x_wconf 77' lang='lat' dir='ltr'><strong>hene</strong></span> <span class='ocrx_word' id='word_1_293' title='bbox 1009 2740 1072 2788; x_wconf 76' lang='lat' dir='ltr'><strong>turn</strong></span> 
     </span>
     <span class='ocr_line' id='line_1_34' title="bbox 66 2806 749 2876; baseline -0.01 -9"><span class='ocrx_word' id='word_1_294' title='bbox 66 2806 177 2867; x_wconf 72' lang='lat' dir='ltr'><strong>emmaus</strong></span> <span class='ocrx_word' id='word_1_295' title='bbox 191 2815 233 2863; x_wconf 88' lang='lat' dir='ltr'><strong>est</strong></span> <span class='ocrx_word' id='word_1_296' title='bbox 245 2811 330 2862; x_wconf 89' lang='lat' dir='ltr'><strong>unius</strong></span> <span class='ocrx_word' id='word_1_297' title='bbox 344 2808 444 2861; x_wconf 86' lang='lat' dir='ltr'><strong>libellae</strong></span> <span class='ocrx_word' id='word_1_298' title='bbox 458 2823 507 2876; x_wconf 90' lang='lat' dir='ltr'><strong>pro</strong></span> <span class='ocrx_word' id='word_1_299' title='bbox 522 2808 644 2875; x_wconf 87' lang='lat' dir='ltr'><strong>qualibet</strong></span> <span class='ocrx_word' id='word_1_300' title='bbox 655 2809 749 2861; x_wconf 87' lang='lat' dir='ltr'><strong>missa.</strong></span> 
     </span>
    </p>
   </div>
   <div class='ocr_carea' id='block_1_4' title="bbox 65 2983 1069 3600">
    <p class='ocr_par' dir='ltr' id='par_1_5' title="bbox 65 2983 1069 3600">
     <span class='ocr_line' id='line_1_35' title="bbox 91 2983 1068 3061; baseline 0.006 -19"><span class='ocrx_word' id='word_1_301' title='bbox 91 2983 143 3045; x_wconf 80' lang='lat' dir='ltr'><strong>iti.</strong></span> <span class='ocrx_word' id='word_1_302' title='bbox 159 2987 296 3048; x_wconf 82' lang='lat' dir='ltr'><strong>Urbanus</strong></span> <span class='ocrx_word' id='word_1_303' title='bbox 310 2991 369 3049; x_wconf 82' lang='lat' dir='ltr'><strong>viii</strong></span> <span class='ocrx_word' id='word_1_304' title='bbox 384 2991 424 3061; x_wconf 87' lang='lat' dir='ltr'><strong>(l)</strong></span> <span class='ocrx_word' id='word_1_305' title='bbox 445 2993 475 3048; x_wconf 92' lang='lat' dir='ltr'><strong>et</strong></span> <span class='ocrx_word' id='word_1_306' title='bbox 495 2985 686 3047; x_wconf 88' lang='lat' dir='ltr'><strong>innocentius</strong></span> <span class='ocrx_word' id='word_1_307' title='bbox 702 2989 751 3047; x_wconf 89' lang='lat' dir='ltr'><strong>llll</strong></span> <span class='ocrx_word' id='word_1_308' title='bbox 770 2989 823 3060; x_wconf 73' lang='lat'><strong>(2),</strong></span> <span class='ocrx_word' id='word_1_309' title='bbox 841 2985 927 3061; x_wconf 88' lang='lat' dir='ltr'><strong>plura</strong></span> <span class='ocrx_word' id='word_1_310' title='bbox 958 2984 1068 3048; x_wconf 79' lang='lat' dir='ltr'><strong>nontin·</strong></span> 
     </span>
     <span class='ocr_line' id='line_1_36' title="bbox 65 3074 1069 3154; baseline 0.006 -23"><span class='ocrx_word' id='word_1_311' title='bbox 65 3074 153 3136; x_wconf 84' lang='lat' dir='ltr'><strong>maudo</strong></span> <span class='ocrx_word' id='word_1_312' title='bbox 166 3082 193 3138; x_wconf 90' lang='lat' dir='ltr'><strong>s.</strong></span> <span class='ocrx_word' id='word_1_313' title='bbox 209 3075 455 3154; x_wconf 80' lang='lat' dir='ltr'><strong>congregationis</strong></span> <span class='ocrx_word' id='word_1_314' title='bbox 473 3075 593 3136; x_wconf 80' lang='lat' dir='ltr'><strong>Consilii</strong></span> <span class='ocrx_word' id='word_1_315' title='bbox 606 3075 737 3150; x_wconf 89' lang='lat' dir='ltr'><strong>decreta,</strong></span> <span class='ocrx_word' id='word_1_316' title='bbox 757 3075 835 3134; x_wconf 90' lang='lat' dir='ltr'><strong>iuter</strong></span> <span class='ocrx_word' id='word_1_317' title='bbox 848 3075 914 3148; x_wconf 89' lang='lat' dir='ltr'><strong>alia,</strong></span> <span class='ocrx_word' id='word_1_318' title='bbox 931 3091 998 3151; x_wconf 81' lang='lat' dir='ltr'><strong>quae</strong></span> <span class='ocrx_word' id='word_1_319' title='bbox 1020 3092 1069 3137; x_wconf 90' lang='lat' dir='ltr'><strong>re·</strong></span> 
     </span>
     <span class='ocr_line' id='line_1_37' title="bbox 66 3160 1066 3242; baseline 0.007 -25"><span class='ocrx_word' id='word_1_320' title='bbox 66 3160 170 3234; x_wconf 85' lang='lat' dir='ltr'><strong>spiciunt</strong></span> <span class='ocrx_word' id='word_1_321' title='bbox 191 3169 330 3228; x_wconf 89' lang='lat' dir='ltr'><strong>locorum</strong></span> <span class='ocrx_word' id='word_1_322' title='bbox 355 3165 473 3242; x_wconf 89' lang='lat' dir='ltr'><strong>piorum</strong></span> <span class='ocrx_word' id='word_1_323' title='bbox 496 3165 704 3239; x_wconf 84' lang='lat' dir='ltr'><strong>visitationem,</strong></span> <span class='ocrx_word' id='word_1_324' title='bbox 724 3171 754 3225; x_wconf 92' lang='lat' dir='ltr'><strong>et</strong></span> <span class='ocrx_word' id='word_1_325' title='bbox 772 3162 1066 3239; x_wconf 88' lang='lat' dir='ltr'><strong>administrationem,</strong></span> 
     </span>
     <span class='ocr_line' id='line_1_38' title="bbox 68 3253 1067 3333; baseline 0.003 -21"><span class='ocrx_word' id='word_1_326' title='bbox 68 3255 194 3324; x_wconf 74' lang='lat' dir='ltr'><strong>squerda</strong></span> <span class='ocrx_word' id='word_1_327' title='bbox 205 3255 375 3333; x_wconf 88' lang='lat' dir='ltr'><strong>praesertim</strong></span> <span class='ocrx_word' id='word_1_328' title='bbox 389 3255 445 3315; x_wconf 89' lang='lat' dir='ltr'><strong>snb</strong></span> <span class='ocrx_word' id='word_1_329' title='bbox 459 3253 599 3331; x_wconf 79' lang='lat' dir='ltr'><strong>gravibus</strong></span> <span class='ocrx_word' id='word_1_330' title='bbox 611 3254 710 3330; x_wconf 89' lang='lat' dir='ltr'><strong>poeuis</strong></span> <span class='ocrx_word' id='word_1_331' title='bbox 723 3253 754 3318; x_wconf 92' lang='lat' dir='ltr'><strong>iu</strong></span> <span class='ocrx_word' id='word_1_332' title='bbox 763 3253 951 3314; x_wconf 89' lang='lat' dir='ltr'><strong>haemaieria</strong></span> <span class='ocrx_word' id='word_1_333' title='bbox 963 3254 1067 3316; x_wconf 89' lang='lat' dir='ltr'><strong>deere-</strong></span> 
     </span>
     <span class='ocr_line' id='line_1_39' title="bbox 67 3343 1068 3420; baseline 0.005 -21"><span class='ocrx_word' id='word_1_334' title='bbox 67 3349 167 3414; x_wconf 61' lang='lat' dir='ltr'><strong>lemni:</strong></span> <span class='ocrx_word' id='word_1_335' title='bbox 183 3345 349 3407; x_wconf 70' lang='lat' dir='ltr'><strong>rotundam</strong></span> <span class='ocrx_word' id='word_1_336' title='bbox 362 3361 430 3405; x_wconf 90' lang='lat' dir='ltr'><strong>esse</strong></span> <span class='ocrx_word' id='word_1_337' title='bbox 449 3345 567 3420; x_wconf 88' lang='lat' dir='ltr'><strong>precise</strong></span> <span class='ocrx_word' id='word_1_338' title='bbox 577 3343 678 3405; x_wconf 82' lang='lat' dir='ltr'><strong>Missas</strong></span> <span class='ocrx_word' id='word_1_339' title='bbox 693 3343 897 3418; x_wconf 89' lang='lat' dir='ltr'><strong>celebrandas,</strong></span> <span class='ocrx_word' id='word_1_340' title='bbox 912 3351 984 3420; x_wconf 92' lang='lat' dir='ltr'><strong>quot</strong></span> <span class='ocrx_word' id='word_1_341' title='bbox 998 3349 1068 3405; x_wconf 91' lang='lat' dir='ltr'><strong>suut</strong></span> 
     </span>
     <span class='ocr_line' id='line_1_40' title="bbox 69 3423 1068 3518; baseline 0.001 -28"><span class='ocrx_word' id='word_1_342' title='bbox 69 3423 241 3509; x_wconf 64' lang='lat' dir='ltr'><strong>eleemosynae</strong></span> <span class='ocrx_word' id='word_1_343' title='bbox 260 3439 410 3510; x_wconf 85' lang='lat' dir='ltr'><strong>aeceptae,</strong></span> <span class='ocrx_word' id='word_1_344' title='bbox 429 3432 499 3494; x_wconf 89' lang='lat' dir='ltr'><strong>linet</strong></span> <span class='ocrx_word' id='word_1_345' title='bbox 525 3432 584 3493; x_wconf 88' lang='lat' dir='ltr'><strong>sint</strong></span> <span class='ocrx_word' id='word_1_346' title='bbox 603 3433 719 3508; x_wconf 77' lang='lat' dir='ltr'><strong>exiguae</strong></span> <span class='ocrx_word' id='word_1_347' title='bbox 734 3436 798 3518; x_wconf 67' lang='lat'><strong>(3),</strong></span> <span class='ocrx_word' id='word_1_348' title='bbox 821 3437 852 3492; x_wconf 76' lang='lat'><strong>2⁰</strong></span> <span class='ocrx_word' id='word_1_349' title='bbox 875 3432 1068 3492; x_wconf 86' lang='lat' dir='ltr'><strong>Sacerdotem</strong></span> 
     </span>
     <span class='ocr_line' id='line_1_41' title="bbox 69 3517 1068 3600; baseline -0.006 -14"><span class='ocrx_word' id='word_1_350' title='bbox 69 3523 158 3586; x_wconf 66' lang='lat' dir='ltr'><strong>oerbut</strong></span> <span class='ocrx_word' id='word_1_351' title='bbox 167 3522 258 3586; x_wconf 87' lang='lat' dir='ltr'><strong>ltissee</strong></span> <span class='ocrx_word' id='word_1_352' title='bbox 269 3525 493 3599; x_wconf 86' lang='lat' dir='ltr'><strong>eleemosynam</strong></span> <span class='ocrx_word' id='word_1_353' title='bbox 505 3527 710 3600; x_wconf 87' lang='lat' dir='ltr'><strong>acceptantem</strong></span> <span class='ocrx_word' id='word_1_354' title='bbox 723 3538 785 3585; x_wconf 92' lang='lat' dir='ltr'><strong>unu</strong></span> <span class='ocrx_word' id='word_1_355' title='bbox 798 3537 891 3599; x_wconf 89' lang='lat' dir='ltr'><strong>posse</strong></span> <span class='ocrx_word' id='word_1_356' title='bbox 903 3517 988 3581; x_wconf 87' lang='lat' dir='ltr'><strong>alteri</strong></span> <span class='ocrx_word' id='word_1_357' title='bbox 1001 3517 1068 3582; x_wconf 87' lang='lat' dir='ltr'><strong>llis·</strong></span> 
     </span>
    </p>
   </div>
   <div class='ocr_carea' id='block_1_5' title="bbox 0 0 1252 4062">
    <p class='ocr_par' dir='ltr' id='par_1_6' title="bbox 0 0 1252 4062">
     <span class='ocr_line' id='line_1_42' title="bbox 0 0 1252 4062; baseline 0 0"><span class='ocrx_word' id='word_1_358' title='bbox 0 0 1252 4062; x_wconf 95' lang='lat' dir='ltr'><strong> </strong></span> 
     </span>
    </p>
   </div>
  </div>
 </body>
</html>
