2410 4068
570 197 729 256 -lat-

133 322 196 386 rint,
211 321 334 374 instituto
348 334 432 388 snpra
441 335 553 388 unoque
565 323 706 382 scrutinio,
721 323 835 390 ejusque
848 320 946 377 ellectu
960 335 977 372 a
991 318 1162 374 macellaria
1187 351 1188 390 3

131 394 160 446 in
174 394 243 446 actis
256 392 374 446 redacto.
392 393 443 446 Git.
459 393 517 445 hul.
534 391 601 447 Cum
619 394 694 446 tund.
711 395 737 445 t⁰
749 393 857 446 demum
872 394 1018 465 episcopus
1033 392 1107 444 inter
1120 391 1161 443 di·
1187 459 1188 468 ἵ

132 478 200 530 gnos
218 464 379 529 regulariter
401 464 486 529 eligit,
505 479 585 530 quem
604 465 756 530 digniorem
777 464 813 517 ed
833 465 989 530 parochiam
1013 460 1161 528 regendam

129 535 243 602 judicet,
259 549 375 601 eumque
389 537 416 586 ln
437 537 567 602 parochia
586 537 711 595 instituit,
725 537 804 588 modo
817 551 872 588 non
886 537 920 586 sit
933 535 1099 586 beneficium
1119 549 1158 585 re-

132 609 280 668 servatum,
292 608 336 658 vol
352 607 387 658 ad
401 607 486 660 elium
501 607 608 658 collatio
622 621 674 658 non
690 609 833 672 pertineat.
847 608 971 658 Diximus
987 607 1158 670 regulariter,

132 678 197 744 quia
211 679 239 729 in
253 679 393 730 beneficiis
406 678 507 730 curatis
523 692 578 728 non
592 680 739 730 reservatis
752 679 900 746 Episcopus
914 678 993 742 eligit
1008 677 1159 742 digniorem

131 749 204 800 intra
218 749 321 815 primos
335 764 382 802 sex
398 763 505 801 menses
519 763 535 800 a
548 749 697 809 vacatione,
708 751 736 800 in
751 753 893 801 reservatis
908 749 1012 801 ratione
1025 747 1159 799 mensium

132 821 349 884 Apostolicorum
364 821 434 872 intra
447 821 549 886 primns
563 826 679 886 quatuor
693 835 813 880 menses,
826 823 886 886 post
900 821 950 872 hoc
963 825 1073 886 tempus
1088 818 1157 876 nero,

132 894 159 943 et
172 891 201 942 ln
215 893 318 943 curatis
336 893 476 944 beneficiis
490 893 544 943 alia
566 906 648 944 causa
665 894 810 948 reservatis
827 892 979 956 digniorem
994 893 1098 954 eligere
1111 903 1158 940 ne·

132 962 201 1027 quit,
214 961 263 1014 aad
276 963 403 1028 aliquem,
417 975 497 1028 quem
512 965 597 1016 credit
610 964 772 1028 digniorem,
787 964 905 1026 Deterio,
920 963 963 1014 vel
972 975 1082 1014 summo
1092 962 1158 1012 Pon-

133 1033 198 1084 tidci
210 1033 400 1086 commendere
419 1039 517 1100 potest.
532 1034 582 1086 dus
597 1035 815 1100 Apostolicorum
832 1035 1072 1095 constitutionum,
1090 1031 1158 1096 quod

133 1103 308 1169 saepeviolari
319 1111 448 1172 caeperat,
459 1105 487 1154 in
495 1105 641 1169 pristinum
653 1109 807 1158 revocatum
818 1107 868 1156 luit
877 1119 926 1170 per
941 1105 1071 1173 epistolas
1082 1103 1160 1156 Data·

134 1175 183 1226 riae
195 1175 356 1240 Apostolicee
370 1175 404 1226 ed
415 1175 574 1241 Episcopus,
586 1190 701 1240 querum
711 1189 791 1227 unam
803 1189 1043 1227 commemoramus
1054 1175 1088 1225 ed
1103 1171 1157 1236 epi·

135 1259 246 1309 scopum
257 1245 449 1298 Novariensem
462 1247 603 1308 directam,
614 1246 659 1296 die
669 1245 700 1296 29
716 1247 836 1310 januarii
850 1246 917 1304 1856.
936 1259 998 1311 quae
1015 1243 1159 1298 concordat

135 1330 196 1368 oum
205 1315 283 1367 Bulla
297 1317 378 1369 citata
394 1315 460 1370 Oom
473 1317 541 1369 illud
554 1316 693 1370 Benedicti
706 1317 780 1376 XIV,
794 1319 806 1380 Ξ
819 1317 850 1368 tc
860 1322 887 1368 et
900 1317 939 1368 at.

168 1506 231 1561 ltil.
255 1501 478 1562 Exantinetores
496 1508 557 1564 tres
575 1502 684 1561 debent
707 1519 784 1574 csse,
800 1519 964 1578 omnesque
976 1503 1154 1578 synodales:
1187 1495 1188 1498 ’

134 1589 226 1660 unde,
240 1589 266 1648 si
284 1595 346 1650 tres
372 1607 433 1650 non
456 1589 587 1662 sint,ch
607 1598 667 1650 tres
685 1590 815 1666 quidem,
832 1591 886 1650 sed
904 1591 965 1649 duo
988 1591 1156 1666 synodales,

135 1682 165 1736 et
179 1675 284 1734 tertius
297 1683 470 1749 extraneus,
484 1677 533 1736 vel
546 1676 571 1735 si
586 1685 694 1752 practer
709 1685 769 1738 tres
788 1678 949 1754 synodales
969 1683 1022 1752 (t),
1039 1685 1156 1756 quartus
1187 1689 1188 1740 ξ

134 1764 310 1824 adhibeatur
337 1782 398 1824 non
429 1765 591 1841 synodalis,
618 1767 754 1842 quamvis
775 1769 829 1828 iste
860 1768 1021 1844 specialem
1053 1768 1156 1826 haheat

136 1853 174 1912 ab
194 1852 342 1930 Episcopo
367 1854 599 1930 deputationem,
618 1856 717 1916 adhuc
744 1874 909 1918 concursus
927 1865 972 1917 est
993 1856 1156 1931 illegitimus
1187 1865 1188 1868 ’

136 1947 187 2016 (2),
213 1944 354 2020 nullaque
377 1943 504 2018 proinde
525 1943 569 2002 sie
584 1944 662 2002 facta
682 1946 832 2020 parochiae
849 1945 978 2019 collatio,
1002 1962 1070 2021 quae
1090 1963 1156 2021 pro·

97 2037 100 2048 '
136 2029 201 2090 vise
212 2048 311 2106 neque
336 2032 502 2090 coloratum
516 2030 689 2106 possidendi
703 2033 820 2094 titulum
839 2033 949 2094 tribuit.
969 2039 1066 2107 Quare
1076 2050 1156 2111 pero

136 2118 239 2178 clrialis
244 2119 355 2195 jugiter
363 2129 460 2193 vacat,
477 2127 507 2180 et
519 2119 548 2179 in
557 2122 791 2198 poenamlormae
806 2140 866 2204 non
881 2125 1047 2185 observatae
1060 2129 1155 2184 manet
1187 2167 1188 2170 ,

134 2213 324 2268 reservatas.
342 2207 429 2282 Sodi(
449 2214 471 2281 ).

51 2393 54 2402 ,
166 2355 201 2419 (l)
216 2355 310 2421 Neque
324 2322 449 2408 vicarius
466 2337 607 2410 Generalis
626 2361 716 2424 potest
733 2359 850 2412 officium
870 2361 1060 2414 examinatoris
1073 2359 1154 2412 adint-

136 2425 221 2492 plero.
237 2427 400 2480 Benedictus
413 2427 487 2492 XIV,
499 2429 533 2481 de
551 2431 650 2496 Synod,
665 2431 684 2482 l.
698 2433 722 2491 t,
738 2447 760 2484 e.
770 2433 798 2500 ¹7,
813 2447 841 2484 n.
854 2434 876 2486 t.
892 2461 922 2470 -
936 2434 972 2498 (t)
987 2433 1027 2484 ld.
1044 2431 1153 2485 Benedi-

137 2502 196 2550 ctus
207 2497 241 2550 de
255 2499 352 2564 Synod.
370 2500 387 2550 l.
402 2500 425 2564 t,
439 2514 462 2552 o.
478 2501 502 2560 8,
513 2515 540 2552 n.
557 2501 581 2554 2.
595 2529 626 2540 -
639 2503 675 2568 (d)
686 2503 745 2556 Bul.
758 2503 793 2560 ln
808 2504 978 2572 conserendis
993 2505 1019 2556 S.
1037 2505 1079 2556 Pii
1094 2505 1125 2556 V.

173 2689 236 2744 tae.
256 2685 481 2746 Examinatores
498 2687 656 2763 synodales
671 2695 751 2764 sunt,
767 2689 817 2766 qui
841 2691 878 2750 ad
900 2691 958 2750 hoc
981 2691 1110 2750 cilicium
1129 2690 1154 2748 in

141 2775 258 2847 synodo
269 2775 438 2836 dioecesana
451 2793 503 2835 sex
520 2779 634 2850 saltem,
646 2780 704 2851 vel,
716 2786 747 2839 ut
758 2781 833 2840 solet
846 2781 941 2841 multo
953 2781 1063 2855 plures,
1072 2779 1155 2838 modo

140 2877 200 2919 nou
221 2864 371 2922 excedant
390 2880 548 2924 numerum
562 2866 664 2942 viginti
679 2873 732 2941 (l),
749 2887 767 2927 a
782 2870 896 2944 majore
914 2876 1155 2944 congregatorum

139 2959 225 3024 parte
238 2966 292 3024 per
301 2959 371 3009 vota
384 2957 511 3024 secreta,
525 2955 572 3013 vel
587 2955 705 3030 publica
719 2955 878 3032 eliguntur,
892 2974 1020 3032 quorum
1034 2957 1155 3018 officium

138 3031 286 3108 usquead
307 3033 393 3092 aliam
408 3037 558 3110 synodum
578 3039 728 3114 perduret.
744 3046 779 3101 At
793 3041 817 3100 si
832 3043 1009 3110 intermedio
1029 3050 1154 3119 tempore

138 3127 183 3180 tot
197 3121 472 3200 emori-contigerit,
487 3133 520 3185 ut
534 3143 589 3186 sex
604 3129 732 3204 amplius
746 3147 807 3190 non
822 3131 891 3206 sint,
908 3139 1005 3208 potest
1016 3151 1108 3208 usque
1121 3135 1154 3194 ed

139 3211 219 3272 hunc
241 3227 399 3272 nnmerum
419 3213 492 3274 alios
512 3213 543 3274 in
563 3217 662 3276 locum
683 3219 892 3282 defunctorum
911 3222 1073 3300 Episcopus
1091 3241 1154 3284 cum

139 3317 289 3361 consensu
304 3300 426 3376 Capituli
440 3303 630 3379 substituere,
645 3307 696 3382 qui
711 3311 927 3385 prosynodales
941 3310 1086 3372 dicuntur.
1102 3315 1153 3373 td-

138 3391 276 3450 veniente
294 3407 367 3450 vero
387 3397 523 3468 tempore
546 3411 632 3453 novae
653 3395 790 3457 ineundae
813 3400 922 3476 synodi
939 3405 991 3474 (t),
1013 3403 1079 3463 lieet
1095 3404 1154 3464 haec

138 3494 199 3536 non
214 3479 391 3552 celebretur,
407 3497 468 3539 non
484 3487 582 3557 potest
596 3484 724 3559 amplius
738 3488 903 3564 Episcopus
918 3491 1059 3566 praedicto
1070 3493 1152 3552 modo

99 3633 101 3639 ,
141 3568 360 3630 examinatores
376 3569 572 3648 substituere3
588 3573 644 3634 sed
657 3575 791 3640 amatium
803 3578 934 3642 officium
948 3588 1054 3658 cesset,
1069 3583 1092 3645 si
1105 3601 1152 3644 sex
