2432 4078
388 738 593 821 TITULUS
617 739 731 819 XXX.

112 985 151 1032 bn
162 985 357 1040 scpulsmoltn
371 985 504 1034 bonosum
519 987 572 1032 PER
586 985 675 1032 tonus
688 984 800 1032 utrium
813 986 993 1035 VOLUNTXTIS.

43 1175 184 1230 summer!
195 1197 203 1228 e
216 1177 270 1230 668.
285 1177 344 1238 tluld
356 1177 386 1230 sit
398 1180 568 1242 testamentum,
589 1180 613 1230 st
634 1176 772 1244 quotuplex?
785 1205 816 1216 -
829 1177 884 1230 669.
897 1177 1069 1231 Testamentum

69 1249 99 1300 ad
110 1249 171 1314 piam
183 1262 275 1301 causam
288 1253 323 1301 est
334 1249 504 1316 prtrileptetum.
514 1277 544 1286 -
554 1248 610 1300 cto.
621 1249 656 1300 id
669 1250 719 1314 elus
729 1248 864 1300 validitatem
876 1249 984 1315 qnalibet
1001 1251 1070 1316 plena

70 1319 175 1386 probatio
189 1321 281 1372 sanct.
296 1349 328 1358 -
340 1321 396 1372 um.
406 1320 449 1381 Qui
463 1320 627 1386 prohibeantur
635 1319 731 1372 testari?
745 1349 776 1357 -
789 1319 843 1372 672.
856 1321 893 1372 bn
903 1321 978 1372 cleriei
989 1321 1069 1373 testari

69 1391 180 1456 possint?
194 1419 221 1428 -
237 1393 293 1444 6Ἱ3.
306 1391 350 1452 but
363 1392 523 1458 prohibeantur
546 1405 574 1442 ex
590 1395 727 1444 testamento
742 1391 903 1457 acciperet-
919 1391 973 1442 att.
987 1392 1069 1444 Teste·

69 1467 172 1514 mentum
182 1463 213 1516 ad
225 1477 309 1516 causas
321 1463 370 1528 ptos
384 1463 458 1516 valide
472 1475 584 1529 personas
597 1463 696 1514 inmotas
708 1467 784 1524 uocet,
797 1468 821 1514 et
832 1463 856 1514 in
869 1463 989 1516 arbitrium
1008 1465 1070 1516 tertii

69 1535 229 1586 committitur.
240 1563 271 1572 -
284 1535 340 1586 ets.
355 1535 406 1586 Non
418 1535 550 1600 prmiudioet
561 1534 667 1600 legitima
679 1535 779 1601 portioni
791 1534 919 1586 heredibus
933 1536 1069 1589 necesariis

70 1604 161 1657 debite.
176 1633 208 1644 -
227 1606 281 1658 ata.
299 1605 526 1672 nannetensium,
540 1609 563 1657 et
581 1605 697 1671 quomodo
710 1605 839 1658 dividatur?
855 1633 882 1644 -
902 1607 956 1658 stt.
972 1605 1068 1666 Quando

70 1677 171 1741 lepamn
184 1678 246 1744 pium
259 1677 290 1730 sit
300 1676 413 1729 reddum?
426 1705 458 1714 -
470 1677 526 1728 6⁵18.
541 1676 598 1737 Qua
611 1691 649 1729 res
663 1677 751 1742 possint
763 1676 851 1742 legari?
863 1706 894 1715 -
907 1678 962 1730 679.
974 1677 1069 1738 beando

68 1751 169 1815 legatum
182 1749 325 1816 relinquatur
344 1748 416 1815 pure?
430 1777 462 1786 -
475 1749 532 1800 680.
548 1747 644 1808 Quando
665 1749 694 1800 ad
715 1748 867 1813 dlem,etex
886 1748 990 1800 diei-
1011 1750 1066 1802 681.
1163 1805 1166 1811 ,

71 1821 168 1883 Quando
191 1820 235 1872 sub
253 1820 392 1882 conditione,
406 1823 462 1886 quot
476 1821 522 1872 sint
540 1818 695 1878 munitiones,
713 1834 836 1886 earumque
849 1820 953 1885 regula?
964 1848 995 1858 -
1012 1821 1068 1872 ssi.
1097 1853 1100 1860 ,

71 1892 170 1956 tiendo
181 1891 225 1944 sub
239 1891 442 1950 demonstratione,
457 1891 500 1942 sub
509 1904 586 1954 reuse,
596 1895 620 1942 et
632 1891 675 1944 sub
684 1891 773 1944 modo‘t
784 1919 815 1928 -
828 1891 914 1944 683.Α
927 1906 972 1958 quo
987 1890 1069 1944 dentur

70 1968 215 2027 executores,
227 1966 251 2014 et
265 1963 326 2028 quod
340 1963 371 2014 sit
382 1976 462 2014 eorum
473 1960 590 2014 otilclum‘l
603 1989 634 1999 -
653 1963 707 2014 684.
728 1961 772 2023 bui
784 1963 831 2014 slnt
843 1965 976 2014 executores
995 1961 1041 2014 deti
1055 1976 1070 2014 a

68 2035 185 2104 juret-
202 2035 259 2086 685.
276 2033 333 2094 tina
346 2035 376 2086 sit
396 2037 542 2087 executorem
561 2033 684 2086 sonoritas
704 2033 763 2086 eirea
783 2033 931 2088 mutationem
947 2033 1070 2088 voluntatts

69 2106 208 2162 testatoris?

76 2317 140 2374 668.
159 2311 282 2372 bechus
296 2307 464 2386 praesertim
473 2307 571 2368 modis
585 2307 716 2368 Ecclesia
722 2307 849 2384 acquirit
862 2323 917 2384 per
931 2313 1018 2369 actus
1027 2311 1071 2370 ul-

45 2403 121 2462 timae
130 2401 303 2474 voluntatis,
318 2399 450 2459 scilieet:
466 2415 520 2474 per
531 2404 750 2469 testamentum,
763 2404 794 2457 et
805 2413 859 2472 pcr
869 2396 1009 2474 tapetium,
1019 2399 1071 2475 qui

45 2491 102 2552 duo
115 2497 201 2552 actus
223 2487 365 2566 praeoipul
386 2493 456 2547 sunt
474 2485 584 2547 ultimae
606 2485 776 2546 voluntatis.
791 2489 1011 2546 testemonium
1027 2487 1072 2548 sio

44 2580 164 2654 dianam,
179 2579 265 2655 quasi
279 2578 392 2638 testatio
407 2577 523 2650 mentis,
538 2575 688 2648 delinitur,
701 2574 812 2635 ultimo
824 2574 963 2634 volumtas
978 2574 1071 2650 toptti-

45 2685 89 2728 me
106 2669 258 2729 melereto
271 2667 305 2726 de
320 2667 362 2736 co',
376 2665 454 2742 quod
467 2665 532 2740 quie
540 2671 608 2741 post
621 2671 748 2724 mortem
759 2680 849 2724 soom
863 2663 897 2723 de
910 2663 996 2723 rebeus
1008 2665 1072 2724 estis

45 2758 108 2832 ficri
124 2759 196 2818 vetit
209 2760 260 2828 (t).
276 2761 495 2816 Testamentum
509 2753 650 2814 dividitur
665 2753 694 2812 in
708 2753 847 2821 solemne,
864 2759 893 2812 et
904 2752 1072 2831 privttepio·

48 2853 118 2908 tom.
135 2847 274 2907 solemne
296 2845 403 2904 dieitur
425 2843 507 2915 illud,
529 2841 560 2901 in
578 2860 639 2919 quo
654 2858 759 2902 omnes
776 2842 852 2918 juris
870 2842 1073 2904 solemnitates

45 2935 154 2995 fuerint
166 2935 352 3006 observatae3
376 2931 591 3008 privilegiatum
616 2947 687 2990 vcro
705 2930 788 3003 illud,
810 2930 840 2989 in
855 2947 915 3006 quo
928 2947 968 2990 ex
981 2930 1072 3008 privi-

46 3023 123 3099 legio
137 3022 275 3100 quaedam
285 3021 360 3098 juris
373 3019 576 3080 solemnitates
589 3021 710 3078 luerunt
723 3018 850 3078 omissae.
866 3019 1073 3080 solemnitates

45 3119 144 3173 autem
155 3111 325 3172 testamenti
341 3111 406 3169 eliae
421 3115 490 3169 sunt
502 3109 636 3180 interna,
652 3125 719 3184 qnae
734 3107 902 3168 consistunt
917 3108 947 3167 in
963 3108 1071 3182 active,

50 3205 80 3258 ct
92 3200 210 3274 passiva
223 3198 392 3260 testamenti
411 3199 551 3271 tectione,
565 3196 651 3257 idest
664 3196 695 3256 in
710 3195 872 3273 capacitate
886 3196 1023 3268 testandi,
1043 3202 1074 3256 et

50 3288 208 3364 recipiendi
228 3305 267 3348 ex
282 3293 472 3360 testamentm
488 3297 518 3346 ct
535 3284 598 3344 aliae
612 3292 749 3359 caterba,
769 3303 836 3364 quae
855 3285 1022 3348 consistunt
1042 3284 1072 3343 in

48 3375 139 3436 modo
153 3377 289 3450 meandi,
309 3375 422 3436 scilicet
444 3374 474 3434 in
488 3373 645 3450 scriptura,
664 3373 891 3456 subscriptione,
916 3371 1072 3447 subsigna-

50 3461 141 3546 tione,
152 3467 183 3524 in
196 3464 364 3542 praesentia,
380 3481 517 3538 numero,
531 3469 561 3522 et
574 3461 724 3522 habilitate
736 3463 866 3536 testium,
886 3468 917 3521 et
929 3461 960 3519 in
975 3461 1073 3522 officio

53 3553 165 3631 nometi,
180 3556 230 3616 uel
241 3553 354 3633 publici
366 3553 511 3615 officialis.
532 3553 740 3614 solemnitates
759 3552 883 3614 interme
896 3549 1074 3612 accesserim
