2560 4080
478 27 492 70 Ι

465 162 681 238 *nm-

81 295 157 349 ltem
171 288 304 349 defensio
319 289 468 350 societatis
491 289 598 350 iisdem
614 289 800 367 Principibus
820 291 936 354 credita
953 309 989 353 ea
1007 299 1063 368 est,
1079 300 1113 356 ut

83 394 276 455 quocumque
286 377 377 438 modo
387 379 469 454 Justo
482 379 592 440 civium
602 380 671 456 jura
683 386 836 454 tacentum
853 381 906 441 sed
917 379 995 442 intra
1007 391 1112 444 eorum

80 467 238 544 potestatis
248 465 366 539 limites,
382 467 464 543 quod
477 467 647 528 enimultra
661 469 717 528 hos
730 467 839 530 limites
857 469 981 546 faciunt,
995 471 1112 532 deiectu

83 555 241 633 potestatis
255 562 306 616 aut
319 555 473 632 injustum,
486 562 538 616 aut
549 558 664 618 nullum
678 573 745 618 esse
759 558 849 618 debet
863 563 874 631 (
893 563 914 632 ).

115 730 150 796 (l)
164 729 223 781 Hoc
236 728 436 782 demonstretur
449 731 483 783 ab
500 734 610 783 81181818
622 731 703 784 Α1181.
717 734 773 798 jur.
786 735 858 798 pont.
875 732 903 785 iu
920 733 1111 800 8888818118-

82 802 210 856 cussiona
225 801 328 852 inserta
341 801 369 852 in
381 815 435 853 ser.
449 800 472 854 8.
489 829 520 840 -
532 803 568 868 (2)
586 803 647 854 Huc
662 806 769 868 spectat
783 803 901 855 celebris
916 803 965 855 illa
978 809 1112 870 protesta-

81 877 121 928 tiu
138 874 205 925 cleri
220 872 353 924 Gallicani
372 874 435 924 anni
461 873 519 924 1665
545 874 612 940 Regi
629 873 764 926 Ludovico
788 874 854 936 XIV
868 874 981 938 directa,
998 889 1052 942 qua
1065 877 1113 928 de·

83 947 205 999 claretur
217 958 301 995 novus
316 944 344 994 iu
358 944 446 996 Gallia
468 959 529 996 essa
543 945 739 1012 appellationes
752 947 786 997 ab
801 946 898 1005 abusu,
915 949 942 997 et
958 950 1023 999 tunc
1037 947 1112 1001 ince-

81 1017 160 1085 pisse
174 1029 236 1068 cum
252 1015 364 1068 haeresis
388 1017 539 1068 calviniana
563 1018 676 1082 erupit3
697 1030 749 1082 quo
765 1020 887 1082 tempore
906 1017 962 1070 fieti
988 1017 1114 1071 catholici

83 1101 148 1142 cum
172 1086 323 1139 manifestis
345 1087 481 1139 haereticis
498 1087 689 1154 conspirarunt
708 1087 742 1139 ad
765 1087 935 1141 avertendam
954 1089 1114 1155 Ecclesiam,

83 1158 304 1212 commendantes
318 1158 512 1226 appellationes
535 1159 570 1211 ab
594 1159 692 1223 abusu,
705 1161 737 1210 ut
759 1159 918 1224 doctrinam,
939 1162 965 1211 et
989 1159 1113 1227 discipli-

84 1244 151 1284 nam
166 1229 305 1290 Ecclesiae,
320 1231 431 1296 alnsque
445 1231 583 1284 ministros
595 1230 696 1299 judicio
710 1230 840 1283 laicorum
852 1231 1029 1282 tribunalium
1049 1233 1114 1284 sub·

83 1303 234 1354 mitterent.
248 1327 279 1338 -—
293 1301 329 1368 (3)
338 1301 438 1366 Syllab.
450 1315 527 1370 prop.
543 1302 582 1354 lt.
597 1329 628 1340 -
650 1303 686 1368 (4)
699 1301 778 1354 Unde
795 1303 894 1355 saeculo
911 1302 1016 1354 decimo
1030 1304 1114 1369 septi·

83 1388 131 1426 mo
145 1373 240 1426 doctus
254 1372 394 1425 altaserra
404 1372 616 1438 jurisconsultus
630 1375 780 1426 Tolosauus
805 1375 842 1424 ita
861 1373 952 1425 aiebat
973 1374 1116 1428 occasione

83 1449 186 1500 harum
199 1445 427 1511 appellationum:
439 1463 450 1492 a
467 1443 625 1496 Sanctorum
636 1459 735 1497 nomen
749 1445 945 1512 Episcoporum
963 1444 1074 1509 luditur,
1088 1448 1116 1498 at

87 1539 101 1566 ι
116 1514 278 1570 exsibilatur
291 1516 320 1566 iu
331 1515 409 1578 ior03
424 1516 497 1568 zelus
519 1516 671 1582 disciplinae
684 1516 769 1582 typhi,
783 1519 810 1568 et
825 1515 979 1582 tyrannidis
1003 1516 1116 1569 insimu-

84 1609 99 1639 ι
116 1589 205 1649 latur3
222 1584 366 1638 honesturn
378 1585 500 1638 studium
513 1587 622 1639 tuendae
635 1588 775 1653 dignitatis
791 1587 953 1655 episcopalis
967 1587 1054 1639 fastus
1068 1601 1115 1640 ac-

88 1667 248 1722 «cusatur3
263 1661 356 1724 sicque
379 1658 448 1710 falsa
466 1659 688 1724 interpretatione
706 1658 812 1724 Religio
829 1658 1012 1723 adulteratur,
1027 1659 1116 1712 forum

87 1751 100 1782 s
120 1731 152 1782 tlt
163 1730 321 1796 capitolium
341 1729 508 1794 impunitatis
522 1730 681 1782 clericorum
695 1729 927 1789 incontinentium,
940 1735 967 1782 et
980 1730 1114 1783 facinoro-

87 1824 100 1852 ι
115 1815 208 1854 sorum
222 1819 230 1864 ς
245 1800 407 1854 contumelia
417 1801 612 1869 Episcoporum
624 1804 736 1854 vocatur
748 1801 901 1867 disciplina,
910 1813 972 1867 quae
986 1802 1050 1855 olim
1065 1802 1117 1854 iuit

87 1873 229 1940 :querela
249 1873 366 1924 militum
379 1873 472 1937 (Tacit.
490 1875 512 1933 l,
529 1873 653 1939 Biston),
674 1871 751 1938 falsis
763 1871 918 1926 nominibus
932 1872 1073 1938 supplicia,
1091 1876 1116 1927 ct

85 1944 264 2000 contumelias
271 1943 445 2010 disciplinam
454 1943 599 2010 appellunt.
612 1963 626 1988 ›·
640 1943 783 2008 DeJ'urisd.
795 1943 812 1994 l.
824 1945 848 2004 8,
857 1957 879 1996 c.
893 1943 930 1995 10.
947 1971 975 1982 -
991 1945 1029 2009 (5)
1044 1943 1117 1996 Mala

86 2020 191 2078 autem,
206 2029 267 2082 quae
283 2029 316 2066 ex
328 2014 372 2066 his
395 2014 622 2080 appellationibus
643 2015 767 2066 oriuntur
790 2013 868 2079 longe
881 2013 1015 2066 excedunt
1026 2015 1114 2066 bene-

86 2089 181 2150 llpium
207 2088 402 2153 cujuscumque
418 2087 591 2154 protectionis
614 2087 749 2153 Principis
772 2084 928 2138 saecularis:
950 2098 1013 2136 nam
1028 2085 1114 2138 histo·

86 2159 131 2212 ria
144 2157 230 2222 docet,
247 2157 313 2224 quid
328 2157 448 2210 evenerit
461 2157 490 2209 in
501 2157 557 2210 illis
566 2157 733 2222 regionibus„
748 2156 777 2208 in
786 2156 888 2222 quibus
900 2155 1056 2222 hujusmodi
1069 2169 1118 2222 ap-

84 2229 249 2297 pellationes
263 2229 389 2281 admissae
405 2229 522 2282 fuerunt.
538 2229 583 2280 Ibi
597 2241 668 2280 sane
678 2228 807 2295 Episcopi
821 2227 858 2279 ud
870 2241 930 2280 eam
948 2226 1048 2279 redacti
1059 2227 1118 2280 lus·

87 2306 154 2356 runt
167 2299 355 2362 conditionem,
378 2304 409 2352 ut
431 2301 575 2366 nequirent
599 2299 773 2364 disciplinam
793 2297 1004 2351 ecclesiasticam
1023 2299 1117 2363 tueri3

86 2373 128 2425 ibi
142 2371 299 2424 clericorum
315 2370 425 2424 rebellio
440 2377 533 2424 contra
545 2371 695 2436 Episcopus
719 2369 883 2435 introducta,
898 2374 927 2422 et
939 2370 1118 2432 confirmatc;

88 2444 130 2497 ibi
144 2442 268 2494 Ecclesia
279 2442 430 2506 humiliata,
441 2446 468 2493 et
482 2443 618 2508 despecta,
633 2442 674 2493 uti
689 2441 805 2493 maximo
816 2440 899 2492 animi
913 2440 1005 2492 dolore
1020 2443 1119 2505 praerl-

89 2515 182 2577 debat,
195 2517 223 2565 et
235 2513 412 2566 multabatur
423 2513 511 2566 clerus
528 2513 684 2566 Gallicanus
695 2513 724 2565 in
733 2513 897 2578 supracitata
905 2512 1099 2578 protestatione
1111 2533 1119 2576 t

89 2587 131 2640 ibi
146 2585 263 2650 danique
281 2584 427 2637 seculares
441 2585 616 2650 magistratus
640 2584 759 2649 supremi
777 2582 866 2635 allecti
891 2583 1009 2635 ministri
1025 2584 1119 2651 sepul-

89 2656 572 2718 111188881881881188,88881181818,
587 2660 614 2707 at
630 2658 867 2719 sacramentorum,
884 2655 957 2722 quod
970 2655 1059 2709 188818
1065 2669 1120 2709 non

90 2733 157 2782 sunt
169 2727 264 2780 veritae
277 2727 361 2779 curiae
373 2726 529 2793 Gallicanas,
544 2731 611 2779 teste
622 2727 751 2793 Laqueus
768 2726 780 2790 ἕ
797 2726 848 2778 157.

128 2933 193 2990 871.
212 2927 350 2990 Similiter
369 2929 455 3005 juxte
476 2929 596 2990 allatam
613 2928 817 2990 definitionem
831 2928 993 3006 appellatio
1007 2945 1121 3008 propc-

93 3019 196 3081 nenda
208 3023 254 3078 est
268 3035 288 3078 a
300 3017 384 3090 81818,
403 3017 434 3077 id
448 3024 493 3078 est
507 3018 544 3077 ab
557 3035 605 3092 eo,
620 3025 725 3078 contra
739 3035 830 3095 quem
843 3018 967 3092 directe,
982 3019 1030 3079 vel
1044 3019 1120 3080 indi-

94 3115 179 3170 recte
192 3108 252 3167 lata
265 3106 480 3180 881888188118,
493 3108 542 3166 vel
555 3107 721 3180 decretum,
736 3114 765 3168 et
779 3113 878 3185 potest
891 3107 1020 3184 proponi
1032 3108 1122 3168 ctiam

95 3195 163 3258 vira
176 3213 252 3256 voce
264 3195 296 3254 in
312 3191 457 3255 sententia
470 3195 630 3270 definitiva,
653 3201 683 3256 et
702 3196 733 3255 in
755 3195 979 3258 interlocutoria
992 3195 1121 3256 habente

96 3287 159 3347 nm
173 3284 341 3358 definitiva,
356 3285 382 3344 si
399 3285 453 3344 flet
471 3285 666 3346 incontinenti
680 3302 783 3346 coram
793 3284 894 3361 jndice
910 3302 966 3361 pro
982 3284 1128 3350 tribunali¹

98 3376 232 3448 88118818,
248 3373 375 3434 dicendo
389 3391 437 3434 ex.
452 3391 497 3451 gr.
514 3373 637 3450 appello,
656 3375 705 3434 vel
722 3391 846 3450 provoco
868 3373 908 3434 ud
928 3373 1119 3450 8888181818,

98 3470 152 3525 881
164 3463 223 3524 8118
241 3463 331 3522 mode
345 3463 541 3539 aequivalenti.
557 3467 649 3524 Saeua
669 3470 738 3539 post
759 3463 947 3523 intervallum
961 3460 1122 3537 requiritur

100 3552 140 3614 ad
153 3553 293 3614 effecbrm
304 3549 509 3628 appellationis
521 3549 649 3626 libellus,
663 3550 713 3629 qui
735 3550 882 3626 exprimat
895 3566 1005 3610 nomen
1018 3551 1121 3628 appel-
