2426 4070
452 103 613 161 „109-

57 241 97 284 non
107 225 231 285 videntur
248 225 430 287 domicilium
447 226 571 302 originis
593 224 738 298 amittere,
753 219 809 284 etsi
833 221 932 285 animo
951 241 1039 288 num·

62 315 265 390 pamredeundi
279 316 422 376 abiissent
445 319 497 387 (l).
521 317 551 375 si
572 331 645 374 vero
665 313 769 389 sponsi
789 313 826 373 ad
846 313 977 376 diversas
992 334 1042 393 pa·

55 401 142 462 rachiae
153 405 325 479 pertineant,
340 403 512 464 alterutrius
525 403 640 480 proprii
660 402 783 479 parochi
805 404 965 478 praesentia
978 404 1040 464 sul·

54 491 103 564 licit,
115 491 175 568 quia
189 511 257 554 cum
276 485 500 554 matrimonium
522 491 704 553 individuam
721 508 843 552 eausam
855 492 973 570 haheat,
989 494 1040 556 uhi

53 581 109 640 valet
118 598 151 640 ex
162 599 232 656 uno,
245 600 283 644 ao
296 581 363 659 ipso
377 599 416 643 ex
426 589 555 659 utroque
568 581 661 642 latera
675 581 795 641 firmum
808 587 864 642 est.

78 724 101 788 (l)
110 724 243 790 Zallinger,
256 725 303 778 ait.
319 723 394 792 laed
408 723 447 776 at.

77 900 124 956 ltu.
141 897 324 960 homicilium
336 897 416 958 aliud
430 902 475 958 est
489 895 622 972 arpinas
636 893 716 956 aliud
729 895 928 958 habitationis.
944 900 1042 962 Domi-

53 982 128 1044 rhum
138 987 267 1062 originis,
288 987 352 1048 siva
372 987 506 1046 naturale
526 983 651 1060 quisque
671 985 761 1045 hahet
780 985 811 1044 ln
831 987 909 1066 loco,
931 989 962 1047 in
984 1008 1044 1066 quo

51 1081 115 1132 natis
126 1082 176 1149 est,
190 1076 215 1134 si
228 1083 316 1152 pater
337 1076 403 1152 ejus
425 1074 466 1134 ibi
488 1072 673 1133 habitaverit.
699 1079 761 1134 lloc
781 1074 964 1136 domicilium
984 1095 1045 1138 non

50 1160 264 1239 lacitparoehum
283 1161 441 1242 proprium
462 1163 500 1222 ad
523 1164 663 1223 effectum
683 1163 879 1224 contrahendi
893 1167 1044 1244 matrimo-

50 1251 120 1327 nium,
133 1254 226 1330 quoad
240 1271 306 1326 eos,
328 1253 380 1328 qui
400 1253 492 1312 alium
503 1251 534 1312 in
548 1253 648 1312 locum
662 1252 852 1312 habitationis
865 1253 1046 1316 domicilium

50 1339 151 1414 legitime
165 1344 380 1403 transtulemnt
403 1345 453 1413 (l).
479 1339 665 1400 domicilium
682 1356 755 1400 vero
769 1339 968 1413 habitationis,
983 1345 1047 1407 sive

50 1429 203 1492 accidentale
219 1431 349 1508 quisque
363 1429 452 1488 habet
474 1429 505 1489 in
519 1431 596 1500 loco,
620 1429 651 1488 in
665 1447 725 1505 quo
740 1429 853 1490 habitat
866 1448 936 1492 cum
947 1433 1047 1494 animo

50 1515 77 1574 ibi
88 1529 217 1595 perpetuo
232 1519 386 1580 manendi.
411 1523 536 1593 lnsupar
554 1517 634 1577 aliud
656 1527 702 1578 ast
721 1535 835 1592 veruto,
851 1520 930 1580 aliud
948 1525 1048 1598 ptati·

49 1605 211 1669 anutium
235 1615 346 1670 verum
366 1614 412 1667 est
435 1624 526 1682 supra
540 1607 722 1682 descriptum
736 1607 918 1670 domicilium
933 1611 1048 1672 hahita-

50 1694 124 1757 tionis.
146 1697 434 1772 Quasi-domicilium
447 1703 547 1756 autem
560 1703 616 1770 est,
632 1714 701 1756 amn
715 1698 782 1773 quis
796 1716 815 1757 a
828 1699 897 1758 loco
915 1701 979 1760 veri
994 1701 1048 1762 do-

49 1783 125 1846 micilii
137 1789 295 1849 discedens
309 1787 368 1846 alio
382 1803 415 1846 se
430 1786 569 1845 transfert
589 1801 658 1869 cum
679 1786 779 1846 animo
802 1786 842 1846 ihi
854 1788 995 1848 manendi
1009 1791 1049 1850 ad

49 1877 167 1950 majoram
180 1880 289 1938 saltem
303 1875 374 1935 anni
387 1882 502 1950 partem
515 1893 520 1932 :
533 1891 573 1933 ex
586 1890 646 1949 quo
660 1874 763 1951 liquet,
779 1893 868 1951 posse
879 1878 1051 1953 quempiam

49 1960 130 2024 huno
142 1968 207 2026 loco
221 1983 339 2038 verum,
347 1971 377 2024 et
388 1964 419 2022 in
431 1963 490 2022 alio
502 1963 785 2039 quasi-domicilium
796 1965 916 2025 habere.
932 1971 1050 2028 Utrum·

49 2067 92 2125 que
102 2061 193 2116 tamen
209 2053 403 2115 constituitur
422 2052 522 2111 animo
544 2057 574 2110 et
593 2053 693 2111 lacto:
720 2051 820 2112 animo
840 2053 953 2115 scilieet
966 2056 1050 2116 habi-

49 2143 118 2214 tandi,
132 2145 180 2220 qui
193 2140 396 2204 declarandus
409 2147 465 2214 est,
480 2156 550 2200 nam
568 2139 745 2215 regulariter
761 2157 822 2200 non
846 2144 1048 2220 praesumitur,

48 2227 89 2288 nisi
101 2239 162 2307 post
175 2231 357 2292 decennium
378 2227 568 2289 habitationis
593 2228 624 2288 in
643 2228 793 2288 domicilio
816 2246 903 2305 ver03
920 2239 950 2291 et
969 2233 1048 2293 facto

48 2310 221 2391 habitationis,
236 2316 268 2376 id
291 2322 337 2376 est
360 2331 430 2374 cum
453 2312 645 2372 translatione
669 2330 780 2387 rerum,
796 2320 828 2374 et
850 2315 1047 2393 fortunarum,

49 2416 153 2482 tumque
166 2405 365 2470 instructione
386 2401 493 2462 domus
506 2401 545 2461 ad
558 2401 747 2461 habitationis
760 2402 861 2466 sedem
876 2403 907 2464 in
922 2405 1046 2485 domici-

49 2490 166 2569 liovar03
182 2512 253 2556 cum
266 2494 409 2566 adventu,
422 2497 452 2551 et
464 2491 669 2567 permanentia
687 2490 717 2549 in
736 2490 994 2566 quasi-domicilio.
1015 2503 1051 2558 At

50 2580 262 2644 eubecaram
275 2581 386 2654 animo,
401 2598 438 2640 ac
459 2579 557 2655 posito
572 2581 662 2653 lacto,
677 2579 870 2653 domicilium,
885 2587 935 2641 aut
949 2585 1047 2659 quasi·
1066 2606 1069 2612 ·

50 2666 205 2733 domicilium
217 2678 290 2750 post
303 2687 438 2731 mensem
451 2668 614 2745 acquiritur
623 2673 674 2741 (l).
683 2673 779 2740 Quare
793 2669 972 2731 domicilium
988 2675 1049 2736 ele·

51 2762 112 2818 ttmn
123 2763 157 2820 ad
170 2763 300 2822 formam
312 2761 413 2834 legum
427 2756 565 2830 civilium,
587 2756 618 2816 in
640 2775 700 2833 quo
714 2756 799 2817 adest
812 2757 903 2818 animi
916 2759 1049 2825 declara-

50 2843 87 2918 tio,
96 2851 143 2910 sed
153 2851 239 2912 deest
252 2851 365 2909 lactum
378 2844 628 2927 habitationisad
638 2845 861 2908 matrimonium
874 2851 1050 2915 contrahen-

7 2969 8 2992 ;
50 2930 104 2996 dum
117 2955 172 2998 non
185 2938 318 3016 prodest.

72 3077 100 3142 (l)
110 3080 267 3133 Benedictus
275 3077 350 3132 XIV.
363 3077 431 3129 lust.
441 3076 480 3128 33.
489 3091 517 3128 n.
526 3076 587 3128 6.-
596 3075 629 3142 (t)
641 3077 683 3128 Ita
693 3075 855 3132 Benedictus
864 3081 939 3148 XIV,
948 3085 977 3138 in
986 3087 1043 3139 bul.

53 3143 129 3202 lanas
143 3152 250 3214 abhinc,
262 3153 289 3202 et
298 3151 324 3202 S.
336 3148 515 3214 Congregatlo
525 3147 637 3200 concilii
648 3150 728 3199 citata
737 3163 753 3200 a
763 3149 870 3203 Ricthar
884 3154 918 3205 ad
928 3169 994 3208 sess.
1006 3159 1046 3222 at,

52 3228 72 3266 n.
85 3220 116 3273 tl.
129 3223 181 3275 Sed
194 3238 249 3275 non
263 3223 370 3284 desunt,
386 3219 432 3285 qui
446 3223 480 3270 ad
496 3219 523 3270 id
537 3218 660 3271 sulficere
674 3223 770 3284 nutant
783 3219 976 3279 habitationem
989 3229 1049 3280 bre-

53 3289 177 3357 deremet
185 3296 267 3348 ctiam
280 3293 361 3344 unius
370 3291 424 3343 diei
434 3303 496 3341 cuni
506 3291 595 3341 animo
603 3295 756 3341 constanter
765 3291 1046 3362 inlocopermanendi,
1147 3355 1149 3360 ,

55 3361 89 3422 qni
121 3378 135 3416 a
149 3367 175 3416 id
188 3365 347 3418 confirmant
361 3377 394 3414 ex
417 3363 471 3414 alia
489 3361 516 3412 s.
538 3361 758 3426 Congregationis
771 3362 916 3416 decisione.
930 3367 1048 3420 Reiffan·

54 3377 251 3489 suffiae-uana.
267 3435 393 3500 despons.
404 3446 432 3482 n.
444 3432 484 3484 dt).
499 3432 557 3483 Hae
570 3443 652 3496 super
661 3446 690 3484 ra
701 3446 823 3484 normam
836 3437 960 3498 praehara
976 3439 1049 3490 vide·

53 3501 86 3550 tur
97 3519 142 3568 pro
153 3509 237 3571 prima
245 3505 378 3558 sententia
393 3503 539 3556 novissima
552 3502 690 3566 responsio
703 3503 731 3554 S.
746 3504 967 3568 Congregationis
977 3509 1042 3560 Con·

158 3595 191 3646 11.
925 3591 941 3643 'l
