2494 4062
396 187 399 194 ,
477 125 666 197 ,-sr-

100 247 255 323 ordinarius,
271 254 305 310 ut
318 253 403 308 extre
416 246 599 308 necessitatis
613 252 752 308 eventum
766 247 837 310 nulli
851 249 894 310 fes
908 247 947 310 sit
959 251 1100 314 sacerdo·

98 345 148 398 tum
159 341 269 415 absque
284 337 407 412 parochi
421 336 538 396 licentia
550 338 608 396 hoc
627 345 845 398 sacramentum
865 339 1034 402 ministrare
1046 347 1098 416 (l).

125 429 290 505 subjectum
304 425 617 487 Extremae-Unctionis
634 433 679 486 est
693 427 873 488 Christianus
893 437 1032 504 aegrotus,
1049 429 1099 508 qui

94 516 142 576 rite
155 501 345 593 periclitatur,
361 523 391 576 et
415 523 535 592 peccate
557 514 739 574 commisisse
758 516 956 592 presumitur,
972 535 1100 594 quorum

95 606 207 666 sinthoc
220 611 409 666 sacramento
430 603 585 682 expiandoe
606 603 745 680 reliquiae.
771 605 826 664 Sed
847 604 1015 682 'periculum
1039 625 1100 670 non

95 695 236 770 requiritur
249 703 428 769 extremum,
442 692 473 752 in
487 711 547 769 quo
562 693 658 752 anime
679 693 709 752 iu
725 692 905 768 primoribus
919 695 1002 754 labiis
1016 697 1099 757 labo-

97 789 142 854 ret;
156 783 248 858 aliter,
263 791 299 842 ut
322 783 408 843 nobis
434 783 569 858 objurgat
587 782 694 858 impius
718 781 862 856 calvinus,
884 800 944 843 non
964 783 1100 848 infirmos

95 887 262 946 curaremus,
289 857 342 932 s'ed
364 871 555 930 semimortua
578 871 733 943 cadevera,
759 871 839 946 quod
857 871 930 932 texit
950 877 1036 946 Dens,
1060 891 1099 935 ne

93 975 205 1034 uuquam
220 961 384 1036 continget.
402 961 473 1019 lilud
488 977 559 1018 sane
569 959 733 1036 periculum
747 957 865 1032 sufficit,
878 961 917 1018 ob
929 961 1009 1038 quod
1024 963 1099 1023 adeo

93 1047 291 1124 quisaegrotat,
306 1048 382 1107 utin
405 1047 488 1124 gravi
506 1049 574 1106 vitae
597 1046 764 1107 discrimine
785 1047 962 1108 constitutus
975 1067 1041 1110 esse
1054 1049 1097 1110 vi·

92 1135 188 1196 destun
205 1142 305 1209 Quare
318 1139 377 1197 hoc
391 1143 608 1196 sacramentum
625 1153 685 1195 non
708 1143 753 1195 est
773 1137 986 1196 conferendum
1003 1138 1099 1215 capite

91 1223 230 1298 damnetis,
245 1243 345 1302 neque
359 1225 538 1286 irruentibus
559 1225 589 1284 in
613 1225 733 1295 bellurn,
761 1225 830 1284 licet
849 1231 941 1299 certo,
958 1233 1009 1286 eut
1029 1243 1098 1303 gre-

90 1311 196 1376 rissimo
210 1313 349 1390 periculo
364 1331 396 1373 so
411 1320 562 1390 exponent
579 1313 645 1374 vite
659 1314 838 1387 amittendae,
851 1313 988 1390 quianon
1002 1332 1097 1391 aegro·

90 1404 154 1474 tsnt3
173 1419 274 1478 neque
288 1402 449 1462 infantibus
462 1403 594 1461 nondum
608 1402 668 1463 doli
686 1402 843 1478 capacibus
855 1419 862 1476 3
879 1420 976 1479 neque
990 1421 1097 1481 perpe·

89 1493 131 1556 tuo
142 1492 321 1568 ementibus,
333 1497 384 1550 eut
394 1489 522 1566 furiosis,
533 1489 583 1568 qui
596 1492 691 1568 culpae
700 1498 784 1552 reatu
799 1497 903 1552 carent
915 1491 1098 1554 sacrementi

88 1575 183 1639 virtute
197 1580 328 1642 delendo
340 1584 392 1654 (2).

110 1725 141 1791 (l)
155 1725 210 1778 Cet.
223 1727 302 1778 Rom.
317 1725 350 1778 de
366 1725 426 1778 Sec.
441 1725 515 1778 Extr.
530 1725 610 1779 Unct.
626 1741 655 1780 n.
671 1725 710 1781 13.
724 1753 755 1766 -
768 1725 803 1793 (2)
813 1727 951 1795 Eugenius
962 1729 1001 1784 IV
1010 1728 1039 1782 in
1049 1729 1096 1784 de·

87 1799 140 1848 eret.
156 1799 189 1850 od
204 1800 318 1852 Armen.

114 1999 170 2060 338.
187 2000 269 2060 Ordo
281 1999 389 2059 deinde
402 1997 558 2075 dupliciter
572 1997 602 2058 in
617 1998 746 2061 Ecclesia
762 1999 898 2076 sumitur,
911 2000 1024 2062 scilicet
1037 2021 1043 2062 :
1057 2001 1095 2064 ed

86 2083 290 2162 designandum
304 2093 420 2147 eertum
431 2087 584 2148 hominum
599 2095 720 2163 coetum,
734 2105 794 2164 quo
808 2105 897 2148 sensu
907 2089 1032 2150 dicimus
1047 2107 1097 2150 or-

86 2171 171 2235 dinem
184 2176 431 2248 ecclesissticum,
441 2175 577 2236 ordinem
586 2177 753 2252 regularem
766 2181 790 2236 N
793 2219 812 2249 .‚
821 2183 854 2237 ut
868 2193 921 2238 eos
930 2173 1095 2238 indicemus

85 2260 217 2339 homines,
233 2264 285 2341 qui
298 2263 436 2324 Ecclesiae
450 2263 622 2340 ministerio,
638 2266 686 2325 vel
700 2271 789 2325 certes
803 2264 945 2340 Religioni
958 2273 1028 2326 sunt
1041 2267 1095 2326 sd·
1111 2339 1115 2350 ,

86 2349 157 2424 deti,
174 2361 205 2412 et
222 2353 263 2413 ed
287 2352 512 2428 significandum
531 2369 624 2412 unum
637 2369 676 2412 ex
696 2363 812 2429 septem
834 2351 974 2428 Ecclesiae
994 2370 1094 2413 ssere-

85 2441 187 2502 mentis.
204 2442 286 2502 ordo
299 2443 357 2500 hoc
371 2440 472 2500 ultimo
496 2447 634 2516 respectu
656 2449 797 2517 acceptus
810 2448 852 2500 est
873 2449 1094 2502 sacromentum

85 2541 151 2587 nme
163 2531 243 2607 Lapis
261 2549 280 2590 u
296 2530 410 2590 Christo
424 2529 605 2603 institutum,
622 2547 678 2606 pue
700 2530 831 2589 truditur
849 2529 985 2589 ordinato
1005 2531 1094 2606 spiri-

86 2616 162 2677 tualis
171 2627 302 2695 potestus
317 2626 395 2678 certo
408 2619 540 2695 quedam
553 2620 660 2678 munia
675 2634 710 2678 en
723 2617 812 2694 officio
827 2617 978 2678 coercendi
991 2619 1024 2678 ic
1039 2617 1094 2678 Ec-

84 2701 166 2767 clesia.
182 2709 263 2768 Ordo
277 2707 376 2783 itaque
391 2707 530 2768 convenii
545 2724 613 2768 cum
635 2707 709 2782 ipse,
725 2724 792 2782 quae
806 2707 989 2782 conceditur,
1005 2713 1091 2784 pote-

84 2798 156 2869 state,
169 2796 243 2855 dum
257 2793 403 2856 ordinatio
427 2801 473 2854 est
495 2801 590 2869 actus,
609 2795 671 2854 sive
695 2795 882 2868 caeremonie,
908 2812 967 2871 qus
986 2797 1093 2858 eadem

85 2888 204 2954 potestas
213 2875 374 2944 confertur.
384 2887 455 2944 Cum
464 2901 536 2942 vero
546 2888 707 2958 potestates
717 2883 776 2942 sint
786 2885 897 2959 plures,
910 2885 1010 2958 plures
1021 2901 1095 2962 quo·

86 2982 132 3042 que
144 2979 214 3032 sunt
234 2971 364 3043 ordines,
387 2977 416 3031 et
434 2977 549 3049 septem
567 2969 682 3046 precise
702 2976 905 3046 numerantur,
925 2989 1001 3047 quos
1023 2989 1092 3036 cum

84 3059 200 3134 propriis
222 3058 460 3121 attributionihus
479 3063 541 3135 jam
561 3059 754 3134 exposuimus
775 3063 826 3133 (1).
851 3060 967 3119 Ordinis
991 3072 1091 3122 sacm-

85 3155 206 3208 meutum
218 3147 360 3223 imprimit
373 3147 590 3220 characterem
606 3145 732 3223 ideoque
746 3147 880 3208 reiterari
897 3165 958 3208 non
980 3158 1090 3226 potest,

84 3232 131 3292 uisi
146 3236 216 3296 setis
233 3236 323 3297 dubis
339 3235 377 3296 sit
400 3236 465 3312 ejus
484 3235 617 3310 colleti03
634 3253 693 3312 quo
708 3253 780 3296 casu
797 3235 892 3312 repeti
913 3239 970 3297 sub
984 3239 1088 3300 condi·

87 3321 155 3384 tione
167 3325 264 3386 debet.

114 3411 237 3474 llinister
250 3410 417 3472 ordinarius
437 3411 614 3476 sacrementi
634 3411 751 3473 Ordinis
773 3419 818 3472 est
832 3413 913 3474 solus
930 3431 1089 3474 ,consecro-

60 3573 65 3587 ,
87 3504 127 3559 tos
138 3501 307 3579 Episcopus,
321 3501 446 3578 quinon
460 3519 575 3577 omnes,
589 3501 643 3562 sed
652 3518 722 3561 suos
735 3507 852 3560 tantum
864 3501 998 3560 subditos
1011 3501 1091 3562 licite

53 3591 62 3618 .
181 3601 218 3656 11.
947 3596 964 3646 3
