2410 4068
571 217 730 277 443..

144 345 287 413 Doctores
301 340 461 415 deducunt,
476 347 637 420 patronum
648 341 784 403 beneficii
797 341 908 419 praedia
923 309 1090 402 conducere
1100 360 1150 402 uon

145 445 244 506 posse,
264 435 294 489 et
307 428 347 488 ita
363 435 508 490 testantur
521 431 613 491 fuisse
626 449 645 490 a
658 437 687 490 S.
711 431 944 507 congregatione
968 430 1095 492 decisum
1108 435 1149 500 (8).
1195 457 1196 522 3

173 573 210 637 (l)
224 575 289 638 Arg.
304 587 364 639 cap.
379 573 424 626 lin.
443 575 477 626 de
491 574 587 626 haeret.
602 603 627 614 -
644 575 680 640 (t)
699 573 765 640 Gap.
792 575 820 626 li
834 575 869 626 de
881 587 956 640 poen.
971 603 1002 612 -
1015 575 1049 638 (3)
1062 574 1119 638 Cap.
1130 574 1150 634 e,

144 644 178 698 de
187 646 276 709 jurep.
293 651 320 696 et
332 645 407 698 Trid.
423 659 493 698 sess.
506 648 547 705 ie,
558 661 582 697 c.
596 648 621 706 a,
632 648 669 700 dc
682 647 729 698 rel.
745 661 775 684 ι-
791 648 826 711 (t)
841 646 951 711 Riganti
966 645 1001 698 ad
1018 659 1071 710 reg.
1083 645 1116 704 lt,
1128 660 1149 696 n.

143 715 198 766 tia.
207 741 235 754 ·-
244 715 280 779 (5)
291 717 363 768 Sess.
375 715 416 780 ii,
427 730 451 768 c.
467 717 504 779 ll,
516 717 550 770 de
564 719 612 771 rel.
622 718 680 770 Hoc
693 731 759 769 casu
769 722 903 783 praeterea
915 719 1045 784 patronus
1054 717 1152 766 incurrit

144 787 446 839 excommunicationem
461 787 543 856 Papae
558 795 731 850 reservatam,
746 789 831 838 donec
851 788 941 838 omnia
956 787 1029 838 bona
1047 787 1150 838 ecclesia

144 858 276 908 restituat.
290 885 320 894 ·-
330 859 365 922 (6)
382 858 455 909 Trid.
469 871 534 909 sess.
545 860 584 917 it.
597 873 620 910 c.
636 861 659 918 3,
667 859 699 910 de
714 859 761 910 rei.
773 885 803 896 -
814 859 848 924 ji)
860 859 934 910 Sese.
949 859 989 922 te,
1005 873 1028 909 c.
1039 858 1100 922 9,de
1111 857 1150 908 rel.

144 953 175 966 -
189 929 224 989 (8)
239 927 318 980 Card.
328 930 408 980 Petra
420 930 448 979 iu
464 935 549 981 coast.
561 932 577 981 7
588 931 710 995 Gregorii
728 931 777 994 ix,
791 945 818 981 n.
830 932 869 981 65.
886 930 1009 980 Dubitari
1023 929 1066 980 hic
1079 927 1153 992 potest

145 1012 180 1052 an
199 999 350 1066 Episcopus
365 1000 400 1061 ei,
420 1000 466 1064 qui
477 1002 695 1066 juspatronatum
710 1002 809 1063 amuis,
833 1000 976 1054 restituere
991 1000 1095 1051 valeat?
1109 997 1153 1048 lie·

145 1069 310 1135 spondemus
319 1071 456 1136 negative:
466 1085 528 1122 cum
539 1073 610 1124 enim
621 1073 735 1127 ecclesia
748 1078 776 1124 et
787 1072 944 1124 heneficium
957 1071 1075 1135 legitimo
1087 1069 1153 1120 modo

145 1137 297 1192 libertatem
309 1141 463 1203 obtinuerit,
474 1143 567 1206 nequit
580 1141 728 1208 Episcopus
738 1157 835 1194 novum
851 1157 918 1194 onus
931 1143 1045 1192 maxime
1057 1141 1154 1192 sarritu-

143 1213 190 1275 tis,
205 1213 232 1262 et
240 1214 470 1279 jurispatronatus
481 1213 568 1263 eidem
585 1216 732 1276 imponere.
744 1213 925 1264 Nihilominus
936 1210 1020 1277 nagal
1035 1210 1155 1262 affirmati·

145 1293 207 1334 ram
220 1283 335 1348 probare
347 1283 461 1346 videtur,
472 1284 496 1334 ai
506 1289 602 1347 aguirrr
613 1284 646 1334 de
658 1285 726 1334 laico
740 1285 900 1342 minorenul
916 1286 963 1350 qui
982 1293 1030 1347 per
1046 1282 1155 1348 praesori-

146 1356 266 1418 ptionern
283 1355 517 1420 ajurepctrouatu
534 1355 648 1415 cecidit;
664 1367 716 1420 qttu
741 1356 768 1406 in
789 1369 854 1408 casu
869 1355 1001 1420 Episcopo
1015 1355 1153 1406 facultatem

145 1438 199 1544 3911
199 1428 292 1548 gueint
308 1425 484 1548 minor{7laeso
499 1440 586 1492 perse
601 1426 629 1476 in
648 1426 783 1492 integrum
803 1427 1000 1478 restitutionem
1013 1436 1155 1476 succurreu·
1196 1465 1197 1500 ζ

166 1510 183 1546 ι.
266 1510 340 1563 urep.
356 1510 383 1549 n.
427 1537 432 1547 .

181 1683 243 1740 563.
256 1681 443 1758 Extinguitnr
451 1683 579 1760 denique
585 1687 809 1762 juspatrouatu's
819 1685 1011 1764 derogatione
1023 1705 1041 1745 a
1051 1699 1152 1745 summo

146 1767 288 1830 Pontiflce
297 1788 352 1846 pro
362 1771 532 1848 aliquavica
540 1775 618 1834 iacta
628 1775 657 1834 in
669 1782 743 1848 toto,
753 1777 801 1835 rel
811 1776 840 1834 in
851 1781 982 1852 partein
995 1782 1055 1835 toto
1065 1789 1152 1834 secun·

146 1855 218 1918 dum
230 1859 345 1935 aliquos
354 1860 508 1937 derogatio
518 1863 561 1935 fit,
575 1880 643 1922 enm
654 1865 790 1924 Pontifex
797 1865 1047 1941 jurispatronatus
1056 1860 1152 1922 beneti-

146 1945 226 2008 cium
236 1947 399 2024 possidenti
411 1951 561 2026 permittit,
572 1959 604 2012 nt
615 1952 694 2010 alind
705 1951 881 2012 beneficium
895 1969 965 2012 cum
975 1969 1011 2014 eo
1020 1953 1152 2024 inconpa-

146 2034 226 2095 tibile
239 2037 333 2112 possit
342 2039 431 2100 simul
447 2039 595 2112 obtinere;
609 2047 639 2100 et
653 2041 819 2100 secundum
832 2057 938 2102 omnes
953 2057 1021 2102 curu
1034 2035 1153 2099 benefici

142 2121 1152 2206 jurispatronatuscumaliobeneficioliberopermutationemincon·

145 2212 223 2271 sulto
231 2220 370 2288 patrono,
380 2215 554 2290 probat,vel
563 2218 621 2276 alio
633 2204 724 2278 modo
734 2217 911 2278 mncdcium
918 2217 1152 2294 jurispatronatus
1197 2219 1198 2312 j

146 2303 178 2358 nt
189 2297 315 2360 liberum
331 2304 456 2363 corafcrt.
468 2310 600 2366 Attamen
611 2304 820 2382 derogationes
831 2306 1037 2382 hujuscemodi
1045 2303 1153 2364 insolita
1197 2317 1198 2374 j

145 2395 224 2448 sunl.
241 2394 311 2450 llum
324 2391 423 2468 polius
435 2401 595 2468 sequentes
609 2395 819 2470 derogationes
840 2395 869 2454 iu
891 2403 955 2456 toto
969 2413 1027 2456 usu
1039 2399 1152 2456 suntre-

145 2484 249 2553 ceptae,
262 2495 330 2539 eum
345 2497 452 2556 nempe
464 2479 559 2556 agitur
574 2481 612 2540 de
626 2483 777 2544 boneficiis
791 2483 965 2544 vacantibus
977 2483 1153 2559 apudseucn
1197 2475 1198 2492 ³

145 2567 354 2642 apostolicam,
370 2577 400 2629 et
422 2569 459 2628 de
480 2569 634 2629 beneficiis
657 2570 801 2646 litigiosis.
823 2570 904 2631 cirea
920 2571 1059 2646 primum,
1072 2571 1095 2630 si
1109 2569 1152 2627 be

145 2653 252 2714 nedoia
262 2655 515 2732 jurispatronatus
527 2658 723 2718 ecclesiastici
736 2667 843 2720 vacent
855 2659 935 2735 apud
948 2659 1064 2733 sedern,
1078 2659 1151 2718 dero-

145 2742 265 2814 gatione
278 2743 398 2820 speciali
412 2762 471 2804 non
485 2753 530 2804 ost
544 2764 631 2822 opus,
646 2749 715 2822 qnia
729 2765 783 2824 per
803 2765 846 2820 se,
873 2755 904 2808 ut
918 2766 1009 2824 snpra
1020 2751 1078 2824 jam
1091 2744 1151 2804 ‹liri-

145 2845 223 2903 muS,
243 2838 364 2891 manent
377 2843 527 2894 reservata
543 2853 550 2907 3
572 2835 596 2893 si
612 2853 683 2894 vero
695 2835 839 2894 beirefioia
852 2837 1099 2914 jurispatronatus
1111 2833 1151 2894 lai·

146 2916 219 2976 calis
233 2917 353 2994 proprie
365 2927 473 2980 vacent
495 2922 575 2997 apud
599 2923 706 2982 sedern
728 2931 927 2998 permortuus
948 2927 1117 2996 naturalem,
1129 2923 1150 2979 in

146 3009 209 3062 toto
232 3003 392 3080 derogatur
410 3009 655 3084 juripatronatns,
669 3011 759 3072 niodo
778 3029 839 3071 non
854 3013 891 3072 sil
906 3013 1023 3088 regium
1039 3017 1088 3086 (1)
1103 3011 1149 3071 Cir·

147 3093 370 3168 sesecundum,
392 3113 500 3174 nempe
521 3098 599 3159 circa
617 3099 761 3160 beneflcio
779 3099 904 3176 litigiosa
927 3095 1151 3179 distinguendum

147 3193 200 3242 est.
221 3185 277 3242 Aut
292 3182 327 3242 lis
341 3182 420 3258 viget
436 3185 512 3248 iuter
526 3199 681 3262 patronos
696 3197 747 3248 aut
767 3188 845 3248 iuter
858 3198 1052 3265 praeseutatos
1067 3211 1073 3250 :
1095 3203 1150 3249 cuni

146 3271 224 3332 inter
238 3277 380 3348 patronos
402 3282 471 3335 ante
494 3277 631 3335 beneficii
660 3277 847 3338 vacationem
872 3279 987 3354 absque
1009 3279 1114 3350 fraude,
1127 3281 1150 3334 el

147 3360 295 3422 calumnia
308 3371 389 3422 mota
398 3363 452 3422 fuit
461 3363 509 3438 lis,
518 3383 584 3440 quae
599 3365 807 3426 verosimiliter
818 3373 947 3444 nequeat
961 3367 1038 3428 intra
1052 3375 1149 3440 tenipus

145 3449 184 3509 ad
196 3451 437 3526 praesentandum
451 3469 629 3514 concessum
642 3453 749 3528 dirimi,
765 3472 899 3515 summus
909 3457 1044 3517 Pontifex
1053 3455 1149 3532 juripa·

148 3543 282 3599 tronatus
293 3541 387 3601 laicali
401 3541 536 3602 otiamur
548 3543 659 3618 justitia
678 3543 719 3602 ita
733 3543 857 3622 derogat
871 3544 901 3604 in
919 3552 991 3621 toto,
1008 3555 1040 3606 nt
1052 3542 1146 3604 bonel·
