2426 4070
594 90 739 146 -86-÷

170 217 229 286 tur,
243 211 290 270 his
301 211 396 272 tribus
409 211 520 289 regulis
546 211 714 272 continetur
738 229 744 270 :
759 215 794 285 Ι1·
813 210 844 270 in
862 209 940 270 linea
955 215 1039 269 recta
1052 208 1130 270 inter
1144 211 1200 269 de-

170 301 359 373 scendentes,
375 308 404 360 et
428 302 623 362 ascendentes
647 300 868 362 matrimonium
889 297 1071 376 prohibitum
1099 299 1199 358 estin

169 387 327 463 infinitum,
336 391 426 464 unde,
438 397 470 450 ut
483 396 627 453 Doctores
635 389 727 463 aiunt,
740 388 767 448 si
780 389 872 450 Adam
883 388 1005 461 viveret,
1021 404 1082 447 non
1094 394 1201 462 posset

168 493 296 537 uxorem
308 478 419 538 ducere
433 483 473 552 (l)
486 497 493 551 3
508 483 536 538 θ’
549 477 580 536 in
593 477 672 537 linea
686 484 867 550 transversa,
881 476 1104 536 matrimonium
1118 476 1200 536 inter

167 566 351 627 collaterales
365 574 411 628 est
425 566 606 644 prohibitum
627 583 725 642 nsque
745 566 783 626 ad
804 571 942 641 quartrnn
956 565 1082 640 gradum
1099 564 1199 624 inclu-

168 652 248 727 sive,
264 659 291 714 3·
305 655 330 714 si
343 655 421 716 linea
433 663 603 716 transversa
616 655 653 716 sit
665 653 826 732 inaequalis,
838 660 929 730 quoto
943 653 1037 728 gradu
1051 654 1199 713 remotior

168 741 288 802 distata
302 744 411 820 stipite,
432 745 539 809 eodem
560 745 770 803 contrahentes
788 741 897 802 distant
917 741 994 801 inter
1007 758 1058 801 se:
1075 741 1157 801 uude
1171 739 1203 802 si

169 847 246 891 unus
269 833 306 892 sit
324 833 353 892 in
366 839 482 908 ¹quarto
508 831 770 908 consanguinitatis
782 830 887 907 gradu,
902 836 933 889 et
945 830 1019 889 alius
1033 823 1063 888 in
1078 829 1196 905 quinte,

167 935 227 978 nou
242 920 341 981 existit
355 920 481 997 amplius
494 921 572 980 inter
585 937 637 980 eos
655 919 797 980 dirimens
814 918 1058 996 impedimentum
1072 922 1124 992 (i).
1137 921 1198 979 Sed

166 1007 197 1067 in
215 1009 301 1069 dictis
313 1010 432 1070 casibus
445 1009 690 1086 impedimentum
704 1008 856 1085 aequaliter
870 1009 964 1081 adest,
977 1007 1039 1067 sive
1053 1024 1092 1068 ex
1103 1006 1195 1084 licita,

166 1094 229 1158 sive
243 1115 281 1158 ex
295 1099 393 1158 illicita
406 1097 597 1174 generatione
612 1097 854 1174 consanguinitas
867 1097 1020 1174 procedat,

193 1229 230 1294 (l)
246 1227 373 1280 Nicolaus
387 1229 400 1279 1
413 1227 448 1280 ad
462 1229 586 1280 consulta
601 1230 781 1294 Bulgarorum
795 1243 853 1294 cap.
870 1229 909 1288 ³9,
924 1229 983 1286 hoec
1000 1228 1099 1280 hahet:
1116 1227 1197 1282 Inter

168 1312 305 1364 mrronos,
321 1313 378 1364 qua
390 1304 545 1364 parentum,
565 1300 762 1366 liberorumque
775 1300 861 1352 locunt
874 1300 983 1354 interea
994 1299 1123 1363 obtinent,
1140 1313 1195 1352 nu·

164 1370 228 1436 plia
243 1369 371 1423 contrahi
389 1375 573 1435 conpescunt,
591 1371 674 1424 ueluti
688 1372 760 1423 inter
773 1375 879 1436 putrem
894 1375 917 1424 et
930 1371 1026 1436 fllium,
1041 1371 1083 1423 vel
1098 1385 1193 1436 avum,

164 1443 189 1494 ct
203 1445 317 1508 neptem,
332 1447 356 1496 et
367 1455 449 1507 utque
461 1441 492 1493 in
508 1440 657 1506 infinitum.
668 1469 700 1480 -
713 1442 748 1507 (2)
760 1441 822 1507 Gap.
838 1444 853 1494 8
867 1447 894 1494 et
908 1444 933 1508 9,
950 1443 983 1494 de
998 1456 1127 1508 consang.

1048 1526 1058 1552 Ο

199 1605 261 1661 380.
291 1601 427 1661 Secunda
452 1603 541 1678 hujus
568 1601 643 1662 tituli
671 1619 740 1678 pars
759 1602 880 1680 respicit
908 1603 1092 1678 affinitatem,
1123 1620 1193 1681 quae

163 1687 270 1749 dieitur
294 1688 509 1766 propinquitas,
536 1691 582 1750 vel
606 1691 764 1752 attinentia
780 1708 978 1768 personarunt
1003 1709 1039 1752 cc
1061 1709 1193 1754 saeuum

162 1779 365 1854 conjunctione
372 1782 510 1855 perfecto,
527 1779 585 1839 siue
597 1780 630 1840 iu
643 1781 845 1853 matrimonio,
864 1781 1018 1842 siccescere
1031 1783 1191 1842 matrimo-

161 1868 259 1940 nium,
280 1869 462 1944 provectioris.
489 1869 620 1930 Dicimus
645 1871 783 1945 perfecto,
810 1870 878 1946 quia
896 1869 922 1929 si
936 1872 1043 1945 copula
1057 1873 1192 1946 perfecta

161 1973 222 2016 non
239 1957 324 2030 adsit,
347 1974 445 2033 neque
466 1959 594 2018 affinitas
614 1958 718 2017 oritur.
738 1958 812 2019 lline
833 1958 1054 2019 matrimonium
1072 1966 1192 2021 tantum

160 2052 259 2104 ratum
272 2046 330 2105 hoc
344 2045 485 2106 dirimens
499 2047 744 2123 impedimentum
757 2063 818 2106 non
831 2047 978 2123 producit.
996 2046 1190 2110 persimilem

160 2133 295 2208 protecto
310 2135 552 2211 coniunctionem
565 2139 611 2195 vir
625 2135 702 2196 intra
714 2137 790 2196 lines
805 2135 990 2212 cognationis
999 2134 1142 2209 mulieriS,
1157 2144 1191 2197 et

158 2215 266 2288 mulier
289 2223 368 2282 intra
394 2225 470 2285 lines
496 2226 682 2300 cognationis
709 2225 765 2284 virl
783 2225 1056 2300 comprehenditur,
1072 2241 1111 2284 ex
1126 2241 1189 2300 quo

158 2316 257 2369 ortum
284 2327 351 2396 esse
374 2312 491 2373 videtur
508 2314 688 2374 vocabulum
708 2313 851 2389 affinitas.
878 2319 1039 2388 Propterea
1058 2331 1187 2374 consan-

157 2397 257 2474 guinei
271 2400 375 2460 uxoris
388 2401 463 2474 viro,
478 2408 516 2478 et
529 2403 586 2462 viri
600 2401 812 2478 consanguinei
826 2402 914 2461 uxori
926 2401 1030 2462 affines
1041 2400 1116 2460 flunt
1133 2422 1139 2461 :
1155 2410 1189 2464 at

157 2485 213 2561 vir,
229 2495 259 2549 et
272 2507 351 2550 uxor
363 2490 485 2567 proprie
511 2490 589 2551 inter
611 2509 643 2552 se
667 2491 772 2550 aflines
791 2507 852 2551 non
867 2497 950 2564 sunt;
967 2491 1021 2552 sed
1035 2491 1188 2556 affinitatis

157 2575 346 2654 principium,
361 2585 391 2638 et
405 2579 489 2654 quasi
508 2580 638 2657 stipitem
652 2579 794 2640 exhibent
809 2583 861 2650 (l).
877 2579 1030 2639 Affinitatis
1042 2579 1099 2638 tria
1113 2580 1188 2642 olim

158 2672 243 2724 erant
270 2684 381 2742 genera
409 2671 464 2741 (2);
485 2674 515 2727 at
540 2685 622 2728 nunc
647 2685 686 2728 ex
705 2669 770 2728 sola
797 2667 939 2728 affinitate
954 2668 1042 2744 primi
1055 2669 1185 2744 generis,

158 2767 249 2827 quam
261 2754 311 2814 hic
330 2755 551 2831 descripsimus,
580 2756 674 2816 oritur
690 2756 832 2817 dirimens
852 2756 1033 2817 matrimonii
1058 2756 1186 2834 impedi-

157 2847 291 2902 mentum
305 2845 357 2916 (3),
372 2843 453 2919 quod
466 2841 512 2904 est
524 2851 710 2921 perpetuum.

190 2985 225 3051 (l)
240 2985 328 3052 Gloss.
350 2984 384 3036 ed
407 2983 465 3036 arb.
482 2997 607 3049 consang.
624 2997 683 3035 can.
699 2983 723 3048 t,
743 2997 767 3036 c.
790 2985 828 3044 35,
844 2997 870 3048 q.
887 2985 909 3034 5.
931 2983 1001 3034 Hinc
1020 2983 1126 3035 nullum
1143 2989 1187 3038 est

158 3057 381 3123 impedimentum
397 3059 467 3106 inter
482 3055 570 3106 virum
588 3060 613 3106 et
626 3055 777 3117 mulierem,
793 3055 899 3120 quando
914 3055 984 3106 inter
997 3060 1042 3107 eos
1054 3055 1128 3120 prius
1139 3072 1184 3109 co-

158 3130 223 3199 pule
240 3128 360 3192 perlecta
373 3126 466 3177 hahita
480 3125 540 3177 luit.
553 3153 579 3162 -
591 3126 627 3192 (i)
641 3127 708 3177 Haec
721 3141 819 3190 genera
832 3127 904 3178 clare
919 3127 1087 3192 explicantur
1099 3128 1126 3177 in
1139 3143 1184 3180 se-

159 3199 252 3266 quenti
267 3199 404 3264 exemplo:
416 3199 438 3249 sl
450 3198 533 3248 trater
543 3201 605 3249 tuus
617 3197 718 3248 Paulus
734 3198 935 3248 ducatuxorem
948 3198 1078 3262 Marium,
1087 3198 1185 3251 Maeuia

158 3272 209 3323 tibi
223 3270 311 3323 affinis
325 3277 367 3321 est
380 3269 508 3320 affinitate
521 3269 600 3334 primi
612 3269 720 3333 generis
734 3286 741 3328 ;
757 3269 789 3328 si,
805 3275 910 3320 mortno
925 3268 1008 3320 tratre
1020 3272 1076 3332 tuo,
1086 3270 1185 3324 Maevia

159 3344 245 3394 nubat
258 3341 336 3401 Titio,
351 3341 438 3392 Titius
448 3339 536 3392 affinis
551 3341 600 3392 tibi
614 3345 657 3392 est
670 3340 799 3392 affinitate
814 3340 924 3390 secundi
937 3342 1059 3404 generis,
1074 3342 1097 3392 sl
1111 3357 1185 3394 mor-

157 3421 204 3466 tua
223 3413 329 3477 Maenia,
348 3413 435 3464 Titius
450 3411 530 3463 ducat
544 3411 644 3473 Gaiam,
660 3412 726 3464 Gaia
743 3412 830 3464 affinis
844 3411 894 3462 tihi
908 3417 951 3464 est
965 3411 1095 3466 affinitate
1111 3415 1183 3466 tertii

158 3485 274 3551 generis.
288 3511 314 3522 -
330 3483 365 3550 (3)
381 3487 444 3550 Cap.
459 3484 474 3536 8
489 3483 522 3536 de
537 3495 662 3547 consang.
