2426 4070
552 159 712 219 —tst-

121 289 259 364 dine,aul
272 303 312 348 ex
326 283 415 346 tacita
430 285 538 345 summi
553 283 705 344 pontificis
720 281 871 342 voluntate
881 283 932 355 (l).
948 277 976 340 si
990 277 1028 339 sit
1041 275 1160 337 occul-

121 383 195 450 tum,
211 373 428 450 distinguimus.
445 377 501 432 tut
519 372 615 448 agitur
630 371 668 430 de
688 368 876 430 matrimonio
895 368 956 444 Jam
977 371 1160 438 contracto,

124 473 175 528 aut
188 466 227 524 de
238 461 426 523 matrimonio
438 461 653 522 contrahendo.
662 459 694 545 Si
704 459 841 535 primum,
852 463 950 534 potest
960 455 1161 531 dispensare,

122 558 212 620 modo
221 554 443 616 matrimonium
452 555 483 615 in
491 551 598 615 taciem
606 548 1161 627 Ecclesiae,lactisdenunciationibuS,

122 653 153 708 et
166 645 245 706 bona
263 646 368 704 saltem
383 644 470 704 unius
484 644 620 720 conjugis
633 644 692 703 fide
705 647 891 702 contractum
905 640 952 713 sit,
968 646 998 700 et
1015 637 1097 698 adsit
1112 637 1165 695 ita

122 735 224 812 gravis
239 753 275 794 ac
287 751 398 812 urgens
410 732 603 810 dispensandi
615 750 714 806 causa,
724 737 758 792 nt
768 732 881 807 absque
890 728 973 806 gravi
984 728 1167 788 incommo-

123 830 163 889 do
174 835 303 904 nequeat
313 845 332 888 a
342 833 371 887 S.
380 827 456 886 Sede
469 825 652 903 dispensatio
662 825 824 900 expectari,
833 824 901 902 quia
913 823 1081 899 Episcopus
1093 820 1166 879 hoc

124 935 198 978 casu
213 923 428 994 praesumptam
441 915 531 976 habet
544 933 562 975 a
576 932 693 975 summo
704 914 845 974 Pontidoe
856 909 1049 989 dispensandi
1062 910 1166 970 lacul-

123 1014 216 1068 tatem
230 1007 307 1066 adeo
319 1003 532 1066 consuetudine
543 1004 702 1077 firmatam,
712 1009 746 1064 ut
758 1003 903 1062 indultum
912 1002 1049 1061 videatur
1057 1016 1166 1058 aemu·

123 1096 178 1157 lari
193 1099 245 1168 (θ).
268 1095 298 1155 Si
316 1094 482 1155 secundum
505 1093 603 1153 adhuc
622 1099 720 1168 potest
739 1091 898 1168 episcopus
916 1091 1094 1166 dispensare
1119 1089 1168 1148 ob

124 1185 260 1246 eamdem
282 1184 438 1256 rationem,
461 1182 486 1242 si
509 1183 586 1242 adsit
601 1199 673 1242 vere
686 1182 786 1258 grans
807 1192 837 1241 et
851 1197 961 1256 urgens
975 1177 1167 1253 necessitas,

125 1281 157 1336 ut
171 1274 208 1334 ad
223 1273 395 1334 evitandinn
410 1272 576 1348 periculum
589 1271 704 1342 mortis,
719 1271 756 1330 ad
768 1270 990 1346 legitimandam
1003 1267 1167 1340 sobolem,

124 1370 155 1426 et
167 1363 204 1423 ad
215 1363 385 1423 evitandam
398 1360 530 1421 ioeminae
539 1359 697 1420 infamiam.
714 1359 771 1420 sed
785 1360 843 1426 hac
855 1360 995 1419 facultate
1008 1363 1061 1416 ant
1074 1375 1169 1417 nun·

125 1468 226 1528 qiam,
249 1461 300 1510 aut
318 1450 471 1510 rarissime
496 1457 623 1510 utuntur
641 1449 786 1526 Episcopi,
804 1457 833 1509 et
851 1465 922 1508 eum
935 1447 1024 1508 etiam
1047 1447 1168 1507 eadem

124 1547 257 1612 utuntur,
272 1538 351 1599 illico
366 1539 404 1598 ad
419 1543 446 1599 S.
464 1529 714 1599 Poenitentiariam
731 1547 888 1600 recurrunt
900 1539 940 1598 ed
954 1535 1167 1612 dispensatio·

124 1645 194 1690 nem
207 1645 264 1704 pro
277 1629 393 1688 cautela
408 1626 621 1700 obtinendem(
640 1630 662 1697 ).

161 1723 261 1781 Solent
275 1727 375 1780 umen
390 1719 529 1796 Episcopi
542 1738 560 1778 a
574 1724 603 1780 s.
619 1719 695 1780 sede
709 1719 844 1781 obtinere
858 1721 1018 1797 specialem
1033 1719 1168 1795 delega-

126 1810 239 1872 tionem
246 1810 327 1870 circa
338 1809 474 1886 quaedam
487 1809 604 1868 occulta
617 1809 796 1869 matrimonii
807 1809 1019 1886 impedimenta
1031 1807 1168 1884 dispen-

127 1900 223 1974 sandi,
251 1905 285 1960 ut
307 1915 397 1974 super
421 1898 563 1958 affinitate
577 1915 617 1958 ex
642 1898 742 1966 illicita
767 1899 977 1975 conjunctione
995 1897 1168 1973 producta,

127 1988 216 2050 certis
229 1987 368 2048 adhibitis
387 1987 520 2060 cautelis,
540 2004 632 2062 super
646 1987 769 2048 crimine
788 1989 901 2065 absque
921 1987 1175 2060 machinatione,

127 2094 218 2154 super
233 2075 489 2152 consanguinitate
504 2082 534 2136 et
548 2075 691 2137 affinitate
704 2078 783 2137 tertii
803 2085 833 2138 et
851 2077 947 2154 quarti
963 2076 1087 2153 gradus,
1109 2077 1170 2137 uhi

128 2165 340 2248 dispensatius
355 2170 382 2226 S.
397 2165 473 2226 Sede
481 2165 544 2241 jam
558 2165 596 2225 sit
610 2183 763 2238 concessa,
780 2183 846 2242 quae
857 2168 897 2233 ob
909 2166 1059 2227 reticitum
1072 2167 1169 2230 inee-

127 2262 208 2316 stum
229 2254 377 2331 reperitur
403 2253 495 2326 irrita,
518 2256 566 2315 vel
588 2255 628 2314 ob
645 2256 904 2330 supervenientem
929 2256 1076 2316 incestum
1096 2259 1170 2334 jam

127 2344 254 2420 emplius
268 2343 370 2420 nequit
384 2343 554 2404 executioni
567 2339 712 2404 maridari.
731 2343 846 2406 Similes
860 2346 1025 2417 facultates,
1040 2355 1075 2404 ut
1090 2349 1169 2422 plu-

126 2433 245 2507 rimum,
273 2433 436 2509 respiciunt
462 2433 650 2492 matrimonia
667 2436 728 2508 jam
754 2441 917 2508 contracta,
945 2441 975 2494 et
998 2434 1170 2510 imponunt

60 2575 61 2580 ,
128 2540 205 2584 onus
218 2522 451 2595 revalidationis,
466 2528 495 2582 et
511 2522 548 2581 ad
563 2521 766 2582 contrahenda
780 2540 840 2583 non
856 2525 1039 2604 referuntur,
1056 2525 1119 2584 nisi
1135 2528 1169 2586 in

129 2630 211 2687 casu,
227 2631 287 2689 quo
304 2613 405 2672 omnia
420 2612 484 2688 jam
507 2619 610 2687 parata
631 2611 690 2672 sint
712 2612 751 2672 ad
770 2614 897 2688 nuptias,
914 2631 981 2690 quae
995 2615 1060 2674 sinc
1073 2622 1171 2690 gravi

129 2704 270 2764 scandalo
285 2701 396 2763 differri
411 2708 571 2777 nequeant,
587 2701 661 2761 etin
681 2717 751 2762 caen
766 2702 938 2763 irritationis
953 2706 1090 2782 rescripti
1108 2726 1170 2786 pa-

70 2851 73 2858 ,
130 2792 204 2867 palis
217 2789 447 2867 dispensationis
461 2791 500 2849 ob
513 2788 661 2864 incestum
675 2795 686 2866 (
706 2795 726 2863 ).

162 2978 197 3043 (1)
211 2978 317 3030 Revera
330 2977 356 3030 S.
374 2977 552 3043 Congregatio
571 2977 684 3031 Concilii
701 2981 788 3034 ratam
801 2979 898 3034 hahuit
909 2986 1067 3050 sequentem
1082 2983 1170 3038 dam·

130 3051 266 3102 nationem
280 3049 475 3114 propositionis
489 3062 506 3098 a
521 3049 549 3100 S.
564 3050 743 3114 Inquisitione
753 3052 870 3104 lactem:
886 3073 897 3101 a
914 3054 1067 3119 Propositio
1083 3070 1170 3112 usse·

164 3133 236 3179 reus,
252 3119 409 3185 episcopum
423 3133 501 3184 posse
515 3119 673 3186 dispensare
691 3123 719 3172 in
733 3123 842 3187 publico
857 3124 1048 3189 impedimento
1063 3131 1170 3181 matri·

133 3213 145 3244 ι
163 3193 284 3244 monium
298 3191 438 3244 dirimente
455 3191 698 3254 consanguinitatis
717 3205 765 3258 pro
783 3195 953 3246 matrimonio
967 3197 1170 3266 contrahendo,

133 3284 145 3314 e
163 3263 263 3316 sivein
277 3263 389 3314 articulo
409 3263 514 3326 mortis,
529 3263 586 3314 sive
608 3262 635 3312 iu
657 3263 711 3314 alie
730 3267 924 3330 urgentissima
946 3267 1124 3336 necessitate,
1141 3273 1171 3323 in

135 3356 146 3385 ι
165 3347 219 3402 que
231 3334 419 3386 contrahentes
431 3347 486 3384 non
496 3335 602 3398 possint
613 3337 758 3399 expectare
768 3335 996 3402 dispensationem
1007 3339 1079 3392 sedis
1090 3343 1171 3408 Apo·

135 3427 146 3456 ι
165 3406 277 3468 stolicae,
293 3409 333 3457 est
347 3405 424 3464 salse,
439 3404 592 3467 temeraria,
605 3405 772 3469 scandaloso,
785 3409 946 3474 perniciose,
956 3415 983 3461 et
997 3410 1141 3466 seditiosa.
1157 3432 1169 3462 ι

134 3475 246 3532 Ricther
259 3475 293 3528 ad
308 3489 376 3535 sess,
390 3476 430 3536 il,
441 3489 467 3526 n.
486 3475 538 3526 ltl.
550 3475 740 3542 Exceptionem
755 3479 893 3542 posuimus
906 3480 935 3531 iu
951 3494 1016 3532 casu
1032 3482 1171 3548 legitimae

134 3547 336 3602 consuetudinis
351 3551 378 3600 et
392 3547 480 3600 tacitae
491 3545 638 3599 voluntatis
650 3547 748 3599 summi
760 3547 903 3612 Pontiticis,
914 3565 967 3617 qna
978 3551 1043 3605 olim
1056 3553 1116 3605 frui
1126 3557 1171 3610 vi·
