2432 4078
601 116 762 175 -3ll-

157 239 258 317 muru
268 237 366 316 locere
377 235 503 298 uidetur.
519 235 688 298 llandatum
701 236 853 298 dividitur:
864 241 895 297 l·
903 236 935 296 in
948 241 1148 312 cupierunte·

120 381 122 386 .
158 327 252 390 mum
264 333 294 388 et
304 333 530 404 presumptum.
543 329 726 402 expressum
743 325 861 400 dicitur,
874 325 957 402 quod
970 325 1004 384 ut
1013 323 1150 397 verbani

158 415 290 494 scriptis3
310 415 444 488 tacitum,
466 414 546 490 quod
568 415 693 476 multat
715 431 754 476 ex
776 415 866 488 lacto,
892 420 925 474 ut
951 414 976 474 si
997 413 1059 490 quie
1078 413 1151 472 rideri

158 505 249 566 alium
262 503 381 580 negmia
394 521 448 564 sua
461 520 561 580 agere,
576 509 606 564 et
627 519 688 564 non
702 504 897 578 contradicat,
920 519 990 564 cum
1003 503 1103 580 possit:
1113 501 1152 560 hoc

157 593 224 671 ipso
244 592 324 654 enim
344 593 517 670 intelligitur
530 593 676 669 probare,
698 600 728 654 et
748 605 974 670 praesumptum,
996 591 1153 669 quodlibet

157 683 259 746 loctun
274 683 353 744 inter
377 699 522 760 personas
546 683 737 760 conjunctae,
760 689 793 744 ut
813 700 883 744 cum
902 682 1026 744 maritus
1047 681 1105 757 agit
1118 695 1153 756 pro
1190 649 1191 744 d

157 789 265 848 uxore,
278 778 329 833 aut
349 772 428 832 illiue
448 789 504 848 pro
525 781 620 848 patre,
644 773 692 834 vel
714 779 825 833 matre:
841 771 1031 850 praesumitur
1043 770 1154 832 enimn·
1191 786 1192 874 q

157 861 240 924 tione
260 861 498 934 necessitudinis,
513 866 544 922 et
562 861 791 938 propinquitatis
812 861 987 922 mandatum
1005 857 1153 932 ademerit

156 950 246 1012 etiam
259 950 386 1012 clericus
400 966 456 1026 pro
469 949 596 1010 ecelesia
609 967 664 1011 sua
677 967 767 1027 agere
787 956 895 1026 potest,
916 949 1007 1010 modo
1021 955 1119 1009 caveat
1131 946 1155 1006 de
1192 922 1193 982 ¹

155 1047 222 1102 rato
235 1040 291 1100 sub
311 1039 499 1116 fidejussoria
519 1039 658 1100 cautione
681 1043 733 1113 (³).
757 1044 788 1098 2⁰
809 1039 977 1100 llandatum
997 1034 1156 1098 dividiturin
1193 1058 1194 1118 i

155 1129 301 1206 pcaerote,
321 1129 402 1205 quod
426 1127 464 1188 od
488 1127 589 1188 omnia
607 1127 726 1204 negotia
744 1127 925 1202 extenditur,
945 1127 1036 1186 modo
1056 1124 1158 1202 special

155 1217 330 1278 mandatum
344 1234 404 1277 non
417 1215 580 1294 requiram,
591 1217 763 1294 emperiam,
775 1217 857 1293 quod
870 1216 992 1293 aliquod
1005 1215 1159 1276 determina·
1194 1193 1195 1274 i

157 1313 224 1367 turn
237 1305 390 1382 negotium
403 1313 518 1366 numm
529 1306 766 1382 comprehendit.
781 1305 840 1366 sod
850 1307 934 1381 iuret
948 1305 1008 1366 hoc
1020 1304 1158 1374 attendere,
1195 1329 1196 1398 q

160 1397 243 1471 quod
255 1396 431 1456 mandatum
444 1394 571 1470 speciale
584 1394 710 1470 derogat
729 1392 862 1470 generali
875 1396 928 1468 (l),
949 1401 979 1454 et
1000 1392 1079 1469 quod
1090 1406 1160 1468 gene
1195 1399 1196 1414 ³

160 1484 225 1545 rale
238 1483 418 1560 quandoque
441 1483 668 1559 comprehendit
689 1481 829 1560 speciale,
850 1499 921 1544 cum
941 1498 1083 1558 expressa
1097 1485 1159 1557 pote·

162 1577 223 1632 aue
236 1571 276 1632 ad
287 1571 409 1648 aliquod
420 1570 650 1634 determinatum
659 1570 812 1649 negotium
824 1571 999 1632 conceditur
1011 1575 1063 1644 (5).

190 1727 226 1794 (l)
237 1727 395 1780 Mandatum
408 1728 447 1780 uti
462 1731 617 1781 contractus
631 1732 685 1782 tote
699 1727 768 1781 coelo
782 1726 872 1780 differt
887 1742 904 1780 a
927 1728 1052 1780 mandato
1069 1727 1162 1793 aposto
1198 1773 1199 1782 ,

159 1797 221 1859 lico,
236 1802 317 1864 cujus
332 1800 488 1865 frequenter
503 1802 622 1852 occurrit
635 1800 735 1856 mentio
757 1800 859 1864 injure
881 1800 1015 1851 canonico.
1032 1799 1088 1850 Hoc
1108 1799 1163 1849 enin

161 1883 216 1924 non
230 1871 348 1924 continet
361 1872 449 1923 solum
471 1872 698 1931 commissionem,
718 1871 765 1923 sed
776 1871 936 1937 iussionem,
951 1871 1132 1937 etimperium‚
1144 1881 1164 1918 tc
1199 1883 1200 1900 ¹

165 1941 301 1994 interdum
315 1943 449 2006 reaeripti,
461 1943 504 1994 vel
518 1943 717 1994 constitutionis
730 1942 838 1994 nomine
853 1941 1019 2008 designatur.
1036 1967 1062 1980 ·-
1078 1941 1112 2006 (2)
1123 1939 1164 1992 Ad·

162 2011 237 2064 ditur
258 2010 407 2078 leuatum,
431 2013 495 2081 quia
516 2013 718 2072 maleficiorum.
743 2025 888 2078 rerumque
904 2012 1105 2065 inhonestarum
1125 2021 1165 2061 non
1200 2049 1201 2062 2

159 2083 235 2136 relat
245 2084 412 2136 mandatum.
426 2111 457 2122 -
468 2083 505 2149 (3)
517 2083 582 2150 Cep.
595 2084 633 2136 tt.
649 2083 683 2136 de
697 2083 768 2136 olle.
778 2083 867 2148 deleg.
881 2083 1047 2140 Ratihabitio
1058 2083 1165 2136 mandeti

164 2154 357 2220 aequiparatur,
370 2161 397 2207 et
410 2155 457 2222 qul
471 2158 560 2206 retum
574 2155 664 2220 habet,
688 2157 786 2220 probet
799 2153 903 2206 iactum
918 2155 1026 2208 nomine
1048 2170 1104 2208 suo.
1113 2154 1164 2218 Cep.

165 2227 223 2278 tet
235 2225 273 2277 to.
290 2226 323 2278 de
337 2240 395 2292 reg.
403 2230 459 2293 jur.
474 2228 503 2278 in
515 2225 540 2276 o.
555 2253 582 2264 -
596 2226 633 2291 (t)
644 2228 708 2292 Gap.
724 2226 787 2278 lde
802 2227 870 2279 offic.
886 2227 967 2291 legat.
982 2255 1010 2264 -
1026 2224 1166 2293 (deuando

159 2297 294 2350 mandene
308 2297 336 2350 in
351 2298 470 2363 generali
489 2297 615 2354 mandato
632 2299 690 2349 vult
703 2298 851 2351 concedere
873 2300 955 2350 etiam
978 2299 1095 2364 speciale
1113 2295 1169 2348 solet

159 2381 295 2436 apponere
309 2369 459 2422 clausulam
470 2389 482 2420 =¹
491 2368 574 2424 etium
585 2368 623 2424 ad
635 2381 675 2433 ee,
691 2382 750 2436 que
763 2367 875 2434 speciale
888 2367 1051 2424 mandatum
1060 2369 1167 2434 ratgunt

159 2441 219 2494 haec
235 2447 325 2494 tamen
339 2441 455 2494 termula
467 2454 521 2492 non
537 2440 638 2491 sullicit
651 2439 686 2490 ad
699 2439 857 2492 mandatum
879 2440 996 2506 speciale
1021 2443 1168 2494 constituor·

160 2513 243 2574 dum;
258 2511 306 2565 sed
327 2513 473 2579 requiritur
492 2511 609 2571 omnino,
624 2515 656 2562 ut
677 2511 809 2564 mandens
828 2513 933 2578 aliquos
950 2526 1030 2565 casus
1045 2509 1170 2580 speciatim

159 2587 308 2643 enumeret,
324 2583 464 2650 inquibus
486 2581 602 2634 intendit
615 2580 773 2633 mandatum
796 2584 913 2649 speciale
927 2585 1081 2643 concedere,
1092 2585 1117 2635 et
1129 2579 1169 2631 ed·

155 2656 272 2720 jungat:
288 2657 313 2708 et
338 2654 404 2717 mie,
419 2667 478 2720 que
494 2652 606 2719 enodate
621 2653 784 2706 mandatum
803 2654 947 2719 requirunt
959 2675 966 2716 ς
979 2669 1034 2722 quo
1055 2655 1130 2717 lecto,
1148 2651 1171 2700 in

159 2725 286 2778 mandato
307 2725 540 2791 comprehendunt
562 2725 651 2776 omnia
666 2723 779 2789 minora,
795 2729 822 2776 et
845 2724 946 2778 similia
964 2728 1107 2792 expressis.
1126 2734 1171 2774 non

159 2810 222 2850 vero
232 2800 344 2863 majore,
358 2811 420 2850 cum
432 2796 479 2849 rub
491 2795 667 2863 generalitate
678 2793 729 2849 tuli
738 2794 867 2860 montore
875 2809 933 2850 aon
945 2797 1068 2864 veniant,
1075 2794 1114 2850 oct
1121 2805 1171 2850 mu·

154 2873 228 2920 loru.
245 2868 328 2921 Clam.
345 2869 411 2921 lde
421 2873 557 2934 procurat.

195 3057 259 3116 639.
280 3051 335 3126 Qui
347 3053 521 3116 mandatum
534 3053 669 3131 stracipit,
687 3053 749 3115 sive
768 3055 971 3116 mandatarius
988 3061 1104 3118 tenetur
1119 3053 1172 3114 lor-

160 3159 241 3204 mam
253 3141 386 3203 mandati
398 3141 554 3218 diligenter
567 3143 728 3205 observare
743 3163 751 3205 t
766 3143 846 3205 unde
858 3143 883 3203 si
896 3144 972 3204 flues
986 3142 1115 3204 mandati
1127 3155 1172 3200 ex·

161 3234 259 3308 cedat,
269 3232 317 3292 vel
332 3231 413 3308 quod
433 3233 600 3307 mandatur,
614 3238 648 3294 ut
659 3233 747 3294 iaciat
756 3250 817 3294 uno
829 3233 930 3308 modo,
945 3234 1006 3294 olio
1017 3232 1171 3308 adimpleat,

159 3333 320 3400 perperam
332 3319 392 3396 agit
413 3323 468 3394 (l);
492 3326 522 3382 et
534 3321 561 3381 si
577 3321 655 3381 intra
670 3329 786 3398 tempus
808 3320 863 3381 sibi
882 3322 1041 3398 praeflxum
1055 3313 1172 3396 nequivit

161 3411 315 3487 negotium
325 3409 492 3484 absumere,
503 3411 680 3487 quantocius
688 3417 806 3472 tenetur
815 3409 990 3488 adimplere,
1001 3409 1079 3488 quod
1094 3413 1171 3468 lnuo

162 3499 277 3560 centius
288 3502 327 3560 lll
345 3497 543 3576 exemplificat
556 3499 588 3560 in
601 3516 649 3582 eo,
664 3499 715 3576 qui
728 3517 768 3562 ex
782 3499 923 3562 mandato
937 3501 1028 3562 dehet
1040 3514 1103 3561 rem
1115 3508 1172 3556 cer·
