2410 4068
486 155 647 216 -tbr-

68 293 112 334 sun
130 279 156 332 in
175 278 262 346 primo
282 277 408 334 examine
427 291 550 347 mesum,
565 279 629 334 tolie
641 278 746 334 viribus
761 278 818 334 litis
838 277 957 334 decurcu
975 279 1074 336 studiis

69 352 232 410 accubitui
251 350 356 404 doctior
375 352 431 410 liat,
445 351 510 404 dum
529 351 694 418 appellatus,
708 353 735 403 et
749 352 777 404 in
794 351 929 417 mrochice
957 352 1073 405 odmlni·

69 425 202 476 strationem
216 423 357 476 immissus
371 424 406 476 ob
419 436 515 488 greces
529 424 719 490 occupationes
731 424 825 490 nequit
839 423 901 476 eliis
912 423 1010 476 studiis
1026 437 1074 476 rc·

69 493 352 559 ure.1ucomcjor,uet
372 494 462 546 minor
477 493 610 546 idoneitas
629 493 795 546 desumenda
809 497 850 546 est
863 507 895 546 ex
910 496 998 560 primo
1011 509 1073 546 exc·

69 566 138 626 nine,
149 565 224 616 ctitcr
237 565 338 629 injurie
351 565 430 616 fleret
443 565 511 628 legi,
528 565 770 630 examinatoribus,
790 569 817 616 et
830 565 975 633 Episcopo,
996 567 1075 634 quusi

21 657 23 694 ;
69 637 202 688 debuissent
210 649 266 688 uon
281 635 315 687 de
330 635 436 700 adeptu,
447 635 494 688 sed
509 636 543 688 de
558 635 722 703 cupiscendc
736 637 836 702 peritis
846 636 979 701 iudicium
993 637 1073 689 lorre.

20 725 22 750 ι
70 707 157 760 Gitbui.
172 707 238 760 l'um
250 705 319 758 illud
329 721 357 758 n.
370 707 385 758 3
400 711 427 758 ei
439 708 464 760 l.
478 735 511 746 -
524 707 561 774 (i)
574 707 648 759 Trid.
664 708 716 762 loc.
731 707 777 760 cit.
791 735 822 746 -
833 709 869 773 (3)
881 708 948 762 lure
962 709 1074 774 cunque

70 779 219 844 resjudicutc
235 792 290 830 non
311 777 401 836 debat,
422 779 476 831 nisi
500 784 562 844 poet
584 782 640 831 ires
661 779 810 831 sententies
833 779 1003 842 conlormce;
1025 778 1074 832 sed

69 849 205 901 Benedictus
218 849 294 908 XIV,
308 860 366 900 rem
382 848 531 914 iudicatum
548 854 610 915 post
623 850 703 902 binos
716 850 865 902 sententies
880 852 908 900 in
923 849 974 902 hoc
986 864 1016 906 re
1030 850 1073 902 in·

68 920 134 982 durii,
147 921 208 984 quic
221 919 344 984 aequiteti
359 922 494 983 conuenit,
508 931 605 972 cousus
619 921 930 986 appellationis,qucntc
942 921 1000 973 lieri
1009 923 1070 988 pot·

69 997 100 1042 esl
111 991 233 1042 breuitate
247 991 405 1042 terminari:
428 990 533 1044 Idcirco
547 992 585 1042 eit
600 991 735 1053 Pontifex,
749 991 796 1044 ubi
812 1005 829 1046 a
846 991 940 1056 judice
953 991 1073 1058 appella·

69 1062 133 1114 ticntc
144 1062 197 1116 tcta
213 1061 248 1114 sit
260 1061 405 1123 cententio,
420 1075 478 1127 qun
488 1061 670 1129 praeelectioni
678 1061 758 1126 secte
772 1063 809 1116 ab
823 1061 953 1127 Episcopo
965 1063 1075 1115 omnino

67 1133 94 1185 cit
106 1132 252 1196 conformis,
266 1131 358 1184 nuilus
377 1135 470 1197 palccl
486 1144 560 1184 nocue
580 1131 757 1197 appellationi
776 1131 938 1190 odilonem
953 1133 1074 1185 oculori-

68 1203 287 1268 tctereijudicate
298 1204 484 1255 controversie
497 1203 560 1268 finis
576 1204 737 1267 imponatur
749 1217 758 1267 ,·
770 1203 795 1254 ci
808 1215 871 1255 uero
879 1202 967 1268 judeo
981 1203 1074 1270 appel·
1102 1207 1109 1221 '

66 1273 156 1326 lationis
168 1273 250 1327 aliter
269 1287 353 1339 quam
373 1271 539 1326 ordinarius
552 1273 784 1338 pronunciaverit,
798 1274 876 1326 liccat
892 1273 1075 1338 preelectum

66 1345 175 1410 Episcopo
188 1345 237 1412 qui
246 1359 327 1398 cause
342 1345 446 1408 cumdii,
461 1345 498 1397 ad
514 1346 600 1398 olium
608 1345 731 1411 judicem
745 1344 892 1409 appellare,
905 1344 1075 1410 inniterin·

66 1417 131 1470 terim
147 1420 250 1469 retenta
269 1415 434 1481 porocbiolic
455 1415 576 1469 deensis
597 1416 767 1481 possessione.
791 1413 910 1468 Tandem
934 1419 1076 1482 postquam

67 1487 145 1540 tertius
164 1501 267 1554 puoanc
281 1488 369 1552 judeo
387 1487 549 1542 serclenlicm
566 1485 678 1548 dicerit,
692 1499 726 1539 ne
748 1489 841 1551 partes
865 1486 941 1540 ultra
962 1487 1074 1540 modum

65 1561 191 1622 paccatur
203 1557 339 1610 laboribus
355 1561 380 1612 el
393 1559 523 1622 copensic,
538 1558 687 1622 prasertim
700 1557 766 1624 quia
778 1557 870 1624 apitnr
883 1557 915 1610 de
927 1572 994 1612 cura
1007 1557 1071 1611 cni-

65 1643 162 1694 norum,
178 1628 224 1682 eui
239 1627 402 1682 waraccam
414 1632 451 1682 ecl
467 1627 535 1682 certi
548 1629 664 1694 pastoris
683 1627 794 1682 destitui
812 1628 918 1693 rotatio,
939 1629 963 1682 is
984 1629 1074 1693 lepiti·

65 1713 124 1752 num
142 1698 260 1766 repende
282 1698 394 1752 ecclesie
411 1701 458 1766 jue
480 1699 608 1762 obtineat,
624 1698 669 1751 cui
694 1699 752 1752 clue
774 1699 923 1766 conformes
937 1701 1074 1754 'csnstunl

65 1771 188 1830 sententie,
206 1783 256 1822 nec
268 1769 354 1822 ultum
371 1782 445 1822 noue
459 1769 647 1835 appellationis
658 1768 808 1822 remedium
821 1771 1001 1824 succumbenti
1012 1771 1072 1836 cus·

65 1841 175 1907 scopetur,
192 1841 243 1893 Cit.
259 1841 316 1893 hut.
334 1838 399 1894 Cum
417 1840 485 1894 illud
506 1839 570 1907 W·
591 1868 621 1880 -·
634 1841 670 1905 (4)
684 1841 785 1892 Eodem
802 1841 977 1893 Benedictinc
994 1841 1072 1893 bulis

65 1913 163 1976 ncndct,
175 1926 210 1964 ne
222 1911 416 1974 attestationes,
427 1911 493 1978 tides
507 1915 565 1982 tam
576 1911 732 1979 judiciales,
747 1925 830 1978 quam
844 1911 1075 1978 eatrajudicialcc,

65 1985 82 2034 et
95 1977 244 2036 documenla
258 1995 427 2048 quecumque
437 1979 553 2035 studiose
568 1981 729 2048 conquisita,
746 1985 771 2036 el
786 1987 843 2048 pon
858 1995 1028 2044 concursum,
1042 1985 1073 2034 ut

65 2054 135 2116 uiuunt,
148 2055 285 2119 cupiscata
297 2053 352 2105 ullo
366 2052 444 2104 modo
456 2053 635 2120 recipiantur.
647 2053 689 2104 lb.
704 2055 717 2118 l
732 2053 769 2104 ld.
780 2081 811 2092 -
825 2055 862 2119 (5)
876 2055 908 2104 In
922 2053 966 2106 his
977 2052 1075 2105 litteris

64 2125 207 2177 inviolabilis
219 2125 317 2177 secreti
329 2125 373 2175 len
385 2124 554 2176 observande
566 2128 615 2176 esi.
631 2125 659 2175 Si
675 2137 738 2176 vero
750 2125 834 2190 juder
849 2125 1003 2190 appellatus
1017 2123 1072 2174 col-

64 2195 158 2250 iclorem
182 2197 347 2263 Episcopum
363 2196 434 2248 dicto
447 2196 525 2248 modo
540 2211 594 2248 non
621 2201 799 2261 commonent,
813 2197 965 2262 Episcopus
985 2195 1075 2246 adhuc

66 2273 136 2332 potest
148 2269 239 2334 ipsum
250 2267 370 2332 judicem
384 2267 518 2318 instruere
532 2281 581 2333 per
595 2268 699 2318 litteras
713 2267 747 2318 de
762 2280 826 2319 vcro
840 2279 923 2319 causo
935 2265 1076 2318 electionis

63 2341 199 2462 neglecto
220 2339 272 2390 sub
296 2337 389 2390 eodem
403 2339 500 2390 secreti
519 2339 587 2403 tege.
602 2337 766 2392 Benedictus
781 2337 856 2404 xlv,
873 2338 914 2390 cit.
931 2338 987 2389 but.
1006 2333 1073 2390 dum

66 2407 102 2461 illu
129 2410 177 2476 27.
192 2437 224 2448 -
238 2409 274 2475 (6)
288 2408 358 2460 ibid.

89 2650 144 2708 l98.
156 2645 290 2707 Dubitari
300 2645 358 2705 hoc
368 2646 437 2704 loco
446 2649 555 2720 potest,
564 2659 602 2702 cn
611 2642 642 2703 in
653 2639 845 2703 conferendis
855 2639 1077 2716 parochialibus

62 2735 313 2813 juris-potronatus
327 2735 364 2794 sit
385 2733 574 2795 observanda
592 2734 689 2792 torma
708 2732 899 2791 concursus?
923 2735 981 2790 Pro
995 2730 1076 2791 dubii

64 2826 232 2908 resolutione
242 2823 481 2900 praemittendum
489 2827 546 2894 est,
558 2823 794 2898 juspctronatus
804 2835 870 2880 esse
881 2836 971 2895 posse
982 2822 1077 2882 eccle·

64 2912 209 2988 sicstieum,
224 2915 274 2976 vel
286 2913 400 2974 ruere.
416 2916 479 2983 Quo
499 2909 609 2986 posito,
628 2909 658 2968 in
678 2909 920 2984 iuro-peirenatu
934 2911 1076 2972 ecclesio·
1187 2915 1188 2952 i

64 3002 125 3063 suco
138 3003 325 3064 observande
339 3008 385 3062 eet
398 3002 496 3062 forme
511 3015 688 3072 concursus,
704 2997 761 3057 nisi
774 2999 813 3058 eit
826 2997 920 3076 alege
931 2999 1076 3064 iuudotio
1186 3007 1187 3010 ’

44 3143 46 3148 .
64 3089 238 3153 uuexctusa.
256 3089 330 3151 iiiuc
342 3095 466 3166 peracto
480 3088 630 3159 examine,
643 3093 788 3163 petronus
801 3086 883 3164 eligit
898 3087 1075 3166 digniorem,
1185 3083 1186 3136 ἐ

65 3194 140 3252 quem
153 3181 317 3258 Episcopus
326 3179 395 3240 inde
407 3177 439 3236 in
453 3175 599 3238 beneficio
611 3173 754 3248 instituit3
770 3175 851 3252 quod
864 3177 891 3236 ei
902 3177 977 3238 elius
986 3191 1076 3251 quem
1183 3175 1185 3222 i

66 3268 211 3346 Episcopus
221 3267 328 3329 debeat
341 3266 507 3340 instituere,
521 3264 630 3325 electio
643 3263 786 3340 dignioris
796 3265 833 3325 od
847 3265 945 3341 ipsum
959 3264 1077 3340 Episco·
1176 3269 1184 3348 i

66 3365 258 3434 uttmspectut,
273 3363 305 3420 el
326 3358 455 3416 eiectum
474 3361 619 3431 patronus
639 3359 822 3430 praescnterc
846 3359 965 3434 tenetur
985 3350 1023 3422 ei,
1038 3350 1077 3410 ed
1180 3349 1183 3438 j

66 3457 141 3517 quem
157 3445 301 3508 institutio
319 3443 450 3522 pertinet
468 3447 521 3517 (t).
547 3449 581 3504 ln
596 3445 841 3520 jure-patronatu
861 3447 961 3501 numm
979 3436 1077 3498 loiccli
1178 3439 1182 3524 j

65 3526 1072 3608 lorucconcursusnonestobserseudmsedliberecpotrcoofit
1178 3573 1181 3612 Ι)
