2494 4062
472 193 615 250 41..

75 311 101 364 ad
109 313 302 387 aethelredum.
319 316 398 369 card.
413 316 502 379 Soglia
516 317 582 368 Inst.
598 317 657 368 lur.
670 316 769 383 pria!
785 315 838 369 135.
856 343 887 356 -
905 313 940 381 (5)
954 316 1051 368 Plures

71 384 143 436 similas
154 388 283 453 ambiguas
297 389 465 452 sponsalium
475 388 574 440 formas
588 388 705 439 afferunt
719 395 851 448 auctores,
863 393 890 440 et
899 389 1048 456 specialiter

70 454 206 509 Reiienatual
220 461 252 510 tle
267 474 356 526 spons.
370 461 382 524 ξ
395 461 419 518 i,
436 473 484 524 per
497 465 543 511 tot.
560 461 629 526 qrrae‘
639 465 727 511 tamen
742 475 774 510 ex
787 461 920 512 communi
932 451 1050 512 locor'nm

69 531 221 581 musnetudine
237 531 485 597 interpretationem
509 531 649 595 recipiunt.
666 558 696 590 ,-
712 531 747 597 (6)
761 531 827 598 Gap.
851 534 922 584 unio.
947 531 981 583 de
999 531 1048 584 (le-

69 609 133 662 spons.
145 599 236 666 impub.
251 602 279 653 in
293 604 316 654 6.
332 629 364 640 -
379 603 413 666 (i)
427 602 477 662 cit,
492 603 584 668 Soglia
598 601 611 668 ξ
626 601 677 654 137.

95 804 137 862 itt.
159 807 304 881 capacitas
333 805 471 866 omnibus
502 811 547 866 est
580 805 778 866 contrahendi
811 805 1054 881 matrimonium,

68 891 132 950 nodo
143 912 157 952 a
167 895 229 970 jure
243 913 304 956 nou
322 896 537 972 prohibeantur
552 913 559 968 3
573 895 626 955 sed
642 895 689 954 alii
707 913 725 954 a
736 895 941 971 jurenaturali
955 895 1055 971 prohi-

66 977 153 1054 bentur,
166 984 209 1042 alii
230 1003 249 1043 a
268 987 337 1061 iure
361 984 497 1061 positivo.
517 989 568 1044 lus
586 986 720 1044 naturale
747 984 896 1059 sponsalia
919 984 1077 1066 prohibet,

65 1069 204 1144 inanibus,
222 1073 353 1143 furiosis,
372 1071 548 1147 infantibus,
569 1079 599 1134 et
616 1071 653 1132 iis
671 1071 818 1144 omnibus,
839 1071 891 1148 qui
906 1079 1057 1148 nequeunt

65 1153 86 1212 in
97 1160 297 1223 matrimonium
318 1179 499 1223 consensum
519 1163 653 1238 praebcre
671 1165 721 1234 (l).
745 1162 828 1233 Quod
843 1171 943 1222 autem
961 1162 998 1222 de
1011 1161 1055 1225 in·

64 1244 161 1309 lantibus
181 1251 311 1313 diximus
333 1251 503 1328 intelligitur
529 1251 684 1328 septennio
699 1251 889 1324 ,minoribus3
920 1268 988 1312 imm
1008 1269 1054 1312 se-

63 1337 154 1406 ptennio
170 1343 310 1417 majorae,
330 1341 450 1418 dolique
472 1358 599 1416 capaces
616 1339 713 1400 valida
730 1341 911 1400 contrahunt
930 1357 1057 1416 sponsa·

62 1421 136 1498 lali).
150 1433 256 1490 ilerum
280 1431 402 1506 quidem
425 1430 613 1506 impuberum
640 1429 789 1506 sponsalia
809 1429 838 1488 in
865 1447 919 1489 suo
946 1431 1055 1492 robore

62 1523 151 1576 manent
174 1537 269 1596 usqne
293 1520 332 1579 ad
355 1536 462 1580 eorum
489 1520 686 1594 pubertatem,
711 1518 773 1578 sive
801 1536 895 1595 usque
923 1519 959 1578 ad
989 1537 1055 1580 eam

18 1611 19 1638 ³
62 1607 156 1679 auum,
168 1607 194 1666 in
207 1626 267 1684 qua
280 1608 379 1685 primo
386 1608 482 1668 valide
496 1614 623 1684 possunt
636 1607 854 1668 matrimonium
868 1609 1053 1672 contrahere.

61 1690 204 1756 tironiente
218 1715 295 1757 vero
317 1698 484 1773 pubertate,
512 1697 716 1772 unusquisque
736 1714 838 1757 eorum
854 1705 951 1773 potest
965 1698 1056 1762 libere
1135 1689 1138 1700 ’

59 1779 174 1844 resilires
194 1787 387 1861 sponsalibus
400 1787 431 1846 in
451 1804 505 1846 sua
524 1786 697 1862 imperfecte
717 1792 803 1846 aetate
816 1786 903 1856 initis,
919 1788 1010 1848 modo
1024 1789 1054 1848 id

59 1865 122 1930 tacut
134 1875 226 1934 statim
239 1875 272 1934 in
301 1875 446 1951 principio
461 1874 626 1951 pubertatis
647 1880 700 1948 (3);
724 1875 808 1936 aliter
823 1875 848 1934 si
870 1876 1004 1950 tacuerit,
1025 1884 1055 1939 et

59 1966 136 2019 contra
155 1964 305 2038 sponsalia
331 1981 392 2024 non
416 1964 632 2038 reclamaverit,
657 1971 754 2024 stante
772 1981 826 2022 sua
846 1964 884 2022 ad
912 1981 1054 2040 sponsam

57 2045 188 2126 electione,
205 2058 347 2114 censetur
362 2053 467 2112 eadem
482 2059 547 2112 rata
559 2052 707 2125 habuisse,
724 2059 754 2112 et
767 2053 806 2113 ita
827 2053 1053 2129 confirmantur,

18 2147 20 2214 l
57 2137 150 2200 actoni
161 2150 308 2220 perpetua
327 2143 434 2204 eodem
447 2143 549 2216 modo,
569 2141 645 2202 acsi
663 2149 815 2202 contracta
828 2141 953 2204 luissent
967 2161 984 2202 a
999 2161 1053 2219 pu-

58 2219 116 2286 bere.
129 2231 191 2306 Sed,
206 2233 337 2292 durante
356 2231 564 2307 impubertate,
589 2230 723 2291 revocari
741 2237 908 2306 nequeunt,
936 2233 1005 2308 quia
1019 2253 1055 2294 ea

58 2315 172 2378 nobilitas
185 2321 289 2393 animi,
305 2337 372 2396 quae
390 2319 492 2380 tribuit
503 2321 551 2396 jus
564 2319 762 2380 revocationis
777 2327 844 2396 post
856 2315 1053 2397 pubertatem,

56 2398 125 2473 ipsam
147 2410 369 2470 revocationem
396 2417 465 2469 ante
494 2409 680 2484 pubertatem
704 2409 845 2484 impedit,
874 2426 942 2468 cum
970 2427 1054 2485 aeque

57 2495 124 2559 lussit
137 2514 199 2558 ease
214 2497 421 2575 perniciosum
440 2498 584 2572 retinere,
599 2499 645 2557 vel
665 2514 808 2572 revocare
822 2497 970 2572 sponsalia
985 2506 1053 2558 ante

57 2579 209 2648 libertatem
221 2588 308 2647 inita.
325 2587 409 2658 Quod
423 2587 447 2646 si
461 2588 556 2662 pubes
570 2603 638 2646 cum
653 2585 808 2662 impubere
826 2585 975 2662 sponsalia
986 2603 1053 2646 con·

58 2669 129 2744 traxit,
141 2674 185 2736 ille
207 2687 313 2736 manet
338 2677 472 2736 absolute
492 2676 614 2752 ligatus,
628 2675 678 2734 hio
690 2692 763 2736 vero
778 2674 888 2734 dietam
903 2675 992 2736 habet
1005 2693 1053 2736 re-

57 2751 144 2820 rilicndi
158 2765 347 2836 facultatem3
371 2772 400 2824 et
418 2765 514 2840 pubes
537 2764 594 2824 sibi
615 2762 833 2839 imparilitatem
852 2762 988 2840 imputet,
1003 2766 1054 2841 qui

56 2856 98 2904 non
108 2849 194 2914 tiruuit
206 2871 280 2916 cum
292 2853 447 2930 impubere
461 2853 610 2930 sponsalia
623 2851 708 2912 inire.

76 3011 102 3076 (¹)
115 3016 171 3084 Cap.
184 3021 225 3084 23,
240 3019 273 3071 rt
295 3022 322 3072 et
337 3021 378 3078 25,
399 3019 431 3070 de
452 3033 542 3085 spons.
563 3020 590 3070 et
605 3024 670 3068 mat.
691 3017 771 3071 Unde
789 3017 896 3078 surdus,
911 3021 938 3070 et
960 3023 1052 3074 mutus

56 3081 132 3136 uniunt
141 3095 224 3152 potest
237 3091 397 3142 contrahere
408 3090 554 3156 sponsalia,
565 3104 618 3140 non
629 3103 692 3140 vero
705 3089 785 3141 simul
798 3097 899 3154 mutus,
911 3095 937 3142 et
947 3103 1050 3142 caecus:

55 3162 99 3204 nam
112 3163 329 3223 quamadmodum
342 3162 435 3226 nequit
448 3161 652 3225 promissionem
665 3163 767 3219 audire,
783 3166 829 3212 ant
841 3161 939 3224 legere,
951 3163 990 3214 sic
1001 3175 1051 3212 nac

55 3221 202 3288 aliquomodo
217 3232 416 3299 repromittere.
434 3259 461 3268 -
479 3234 511 3296 (il
530 3233 559 3282 h.
577 3232 613 3290 ll,
629 3230 656 3281 lt.
674 3231 707 3282 de
723 3244 813 3302 spons.
829 3259 858 3270 -
873 3232 908 3296 (3)
923 3233 962 3284 lix
977 3247 1049 3284 com-

55 3299 109 3346 nuni
123 3301 262 3356 Doctorum
278 3305 412 3356 sententia
430 3304 480 3356 hoe
498 3303 579 3354 debet
594 3303 653 3353 fieri
667 3303 737 3354 intra
752 3303 871 3354 triduum
885 3304 919 3353 ab
934 3305 1051 3370 incoepta

55 3366 174 3435 pubertate,
190 3378 255 3443 quia
277 3377 305 3426 in
324 3377 387 3440 jure
402 3377 492 3425 statim
507 3374 565 3426 lieri
581 3373 688 3436 dicitur,
707 3373 778 3439 qnod
793 3374 820 3426 lii
835 3375 906 3424 intra
922 3374 1050 3433 triduum,

56 3435 81 3484 tt
93 3442 110 3490 si
123 3445 200 3500 lactus
214 3449 305 3516 pubes
320 3447 425 3511 ignoret
440 3446 492 3496 sibi
506 3445 557 3498 hoe
571 3445 740 3512 privilegium
755 3447 916 3510 competere,
932 3445 1050 3495 triduum

57 3517 194 3579 wnpuutur
207 3524 343 3570 tantuma
360 3517 412 3579 die,
428 3531 480 3583 qno
499 3517 527 3568 irl
542 3517 672 3582 cognovit.
694 3517 773 3580 Card,
791 3515 881 3581 Soglia
900 3515 949 3566 loc.
973 3515 1017 3564 cit.
1037 3515 1050 3578 ξ

54 3574 93 3632 ἵὸ·
104 3585 190 3652 Sparsi
203 3594 297 3644 tamen
317 3589 473 3654 impuberes
492 3589 598 3640 duobus
613 3589 641 3640 in
657 3589 766 3641 casibus
781 3591 918 3652 nequeunt
934 3599 950 3636 a
966 3597 1049 3652 spon·
