2432 4078
543 189 579 204 ..
595 161 652 221 ιω
667 189 704 202 ..
1162 195 1164 202 ,

114 274 288 348 substando,
305 273 354 336 vel
367 279 491 351 propter
504 273 565 334 vim
578 280 608 334 ct
620 279 745 347 metum,
756 273 805 334 vel
820 271 912 333 etiam
923 277 1044 348 propter
1052 267 1116 346 legis

113 363 352 442 prohibitionem.
372 368 462 424 Error
478 364 598 441 quidem
619 363 650 423 iu
667 363 711 424 rei
730 359 893 424 substantia
907 360 990 422 vitiat
1004 375 1118 422 conven-
1162 387 1164 390 ·

112 454 233 526 tionum,
248 458 282 512 ut
295 451 320 512 si
334 451 400 528 quis
414 460 494 514 emat
507 453 616 514 vitrum
629 468 685 528 pro
698 469 827 528 gemma,
837 450 906 528 quia
915 467 955 510 ex
965 449 1038 526 juris
1049 447 1119 526 priu-
1197 453 1198 492 3

113 541 202 620 cipio,
216 543 344 602 errantis
358 541 463 602 nullus
481 550 708 621 cotroniensem
721 541 776 602 sed
789 541 815 601 si
829 557 914 600 error
927 547 1007 600 esset
1021 543 1120 598 anun
1161 593 1166 627 ι
1197 607 1198 610 ¹

112 630 143 692 iu
157 631 201 691 rei
214 630 363 706 qualitate,
377 647 438 690 non
461 637 621 707 propterea
633 629 787 690 vitiaretur
803 628 972 702 conventio,
988 623 1120 704 quietalis
1197 651 1198 654 ¹

112 735 198 780 error
215 735 275 778 nou
295 720 390 779 aufert
412 736 594 781 consensum
615 718 848 792 substantialem,
869 717 924 777 nisi
945 717 1067 793 qualitas
1088 713 1121 772 ita
1197 715 1198 788 i

112 805 291 881 intendatur,
303 815 337 867 nt
351 805 389 868 sit
401 809 546 868 motivum
561 808 734 886 principale,
754 814 783 868 et
799 823 889 868 causa
903 805 1001 866 finalis
1018 809 1120 866 coutra-
1163 823 1164 830 ¹

112 895 293 969 luendi3hoc
302 896 383 956 enim
392 913 465 958 casu
475 913 559 958 error
571 897 719 975 qualitatis
730 895 1059 956 redundatincrrorem
1067 890 1123 952 suli
1197 911 1198 914 ¹

114 986 240 1046 stantiae.

145 1079 238 1136 lletus
249 1075 358 1151 gravis,
378 1080 408 1134 et
428 1074 540 1134 cadens
558 1073 589 1134 iu
608 1079 796 1135 constantem
808 1074 916 1146 virum,
933 1073 958 1132 si
976 1071 1018 1133 sit
1029 1072 1065 1132 ab
1077 1087 1123 1130 en·

113 1164 256 1238 trinseoo,
277 1170 307 1223 et
327 1163 435 1240 injuste
458 1163 597 1222 incussus
619 1163 658 1224 ad
681 1178 863 1223 consensum
884 1161 1123 1238 extorquendum,

112 1251 262 1314 interdum
283 1251 379 1312 irritat
397 1257 593 1324 contractum,
609 1257 640 1312 et
661 1251 812 1312 interdum
826 1267 954 1322 oausam
973 1251 1082 1327 praebet
1093 1246 1125 1306 ad

112 1339 196 1404 illum
216 1340 456 1402 rescindendum.
472 1340 569 1401 lrritat
589 1347 787 1413 contractum,
802 1338 923 1416 quando
941 1339 972 1400 in
986 1357 1023 1399 eo
1042 1335 1125 1410 mari·

111 1447 161 1492 ma
177 1429 339 1506 requiritur
352 1429 484 1503 libertas,
496 1436 531 1490 ut
543 1429 574 1490 in
592 1429 790 1506 promissione
803 1428 881 1490 dotis
895 1434 947 1502 (1),
963 1429 993 1488 in
1008 1425 1125 1505 prornis-
1197 1455 1198 1514 p

112 1518 197 1580 sione
221 1525 251 1578 et
266 1518 424 1578 traditione
437 1534 537 1580 rerum
551 1517 818 1580 ecclesiasticarum
832 1522 883 1592 (2),
897 1517 928 1578 in
942 1517 1126 1594 acquisitione
1197 1515 1198 1586 ζ

109 1605 333 1684 iurisdictionis,
348 1613 378 1666 et
397 1605 427 1666 iu
442 1605 508 1667 aliis
521 1607 651 1681 casibus,
666 1607 695 1666 in
716 1607 823 1684 quibus
837 1613 1008 1666 contractus
1023 1607 1125 1680 absque
1197 1653 1198 1684 ,

113 1697 216 1758 salutis
229 1702 348 1756 aetcrnae
358 1694 514 1770 dispendio
526 1695 679 1758 observari
692 1713 753 1756 non
767 1702 894 1772 possunt
906 1700 957 1766 (3).
971 1701 1005 1756 lu
1022 1693 1126 1757 cacteris
1197 1685 1198 1690 ’

110 1800 183 1846 varo
193 1785 395 1846 contractibus
407 1785 458 1844 dat
467 1801 587 1846 causam
600 1786 639 1846 ad
652 1792 839 1846 contractum
852 1785 1091 1857 rescindendum,
1101 1787 1126 1842 ct
1197 1845 1198 1854 ,

111 1879 331 1950 consequenter
351 1879 420 1934 autc
438 1872 648 1936 rescissionem
669 1881 840 1935 contractus
852 1875 943 1948 valet,
964 1873 1034 1950 quia
1049 1875 1128 1950 juxta

110 1963 186 2041 juris
201 1961 348 2038 adagium,
363 1969 461 2022 coacto
479 1963 616 2025 voluntas
632 1971 672 2022 art
682 1962 820 2024 uoluntas
833 1965 884 2034 (l).
901 1962 931 2022 si
945 1979 1018 2024 vero
1032 1967 1124 2024 metus

112 2053 150 2114 sit
158 2053 197 2113 ab
204 2051 373 2112 extrinseco
383 2068 431 2112 ex.
442 2067 488 2128 gr.
501 2052 541 2112 ob
553 2053 716 2128 periculum
729 2049 896 2125 mortis,ch
902 2053 982 2127 iuste
991 2053 1125 2112 incussus
1197 2103 1198 2114 ,

112 2157 161 2204 ex.
175 2155 221 2216 qr.
238 2140 277 2200 ab
290 2147 476 2214 accusatore,
491 2142 539 2201 vel
553 2160 570 2202 a
585 2141 685 2216 jndice
699 2148 823 2216 propter
836 2139 968 2204 oruninis
982 2136 1127 2210 commissi
1197 2191 1198 2202 ,

111 2227 305 2306 punitionem,
322 2239 382 2288 non
396 2228 491 2290 irritat
504 2234 700 2301 contractum,
714 2245 812 2306 neque
821 2229 871 2290 dat
885 2227 1054 2290 rescissioni
1067 2243 1126 2290 cau·
1197 2221 1198 2284 ζ

110 2335 186 2395 sam,
201 2317 271 2396 quia
284 2319 464 2382 contrahens
477 2325 590 2380 motum
602 2318 659 2378 sibi
676 2319 740 2396 ipse
755 2318 865 2382 inferre
881 2317 998 2381 ridetur
1010 2323 1060 2393 (t).
1197 2311 1198 2314 ’

141 2480 176 2545 (1)
190 2479 255 2545 Gap.
268 2481 307 2532 tt.
319 2479 352 2532 de
366 2478 484 2546 sponsal.
500 2506 531 2517 -
548 2477 584 2544 (1)
596 2479 662 2544 Arg.
676 2492 735 2531 can.
758 2477 781 2540 1,
796 2493 819 2531 c.
837 2479 875 2542 15,
890 2493 916 2545 q.
930 2479 955 2544 6,
979 2481 1005 2531 et
1016 2492 1071 2531 can.
1088 2475 1123 2536 ,15
1197 2455 1198 2522 ἶ

111 2566 134 2605 o.
146 2552 182 2604 ll.
194 2566 220 2618 q.
231 2553 254 2604 1.
266 2580 297 2591 -
306 2551 436 2618 (3)Gloss.
446 2551 474 2602 in
484 2563 544 2616 cap.
555 2549 622 2613 2,do
635 2551 667 2602 iis
680 2551 845 2617 quaevimet.
858 2565 930 2604 caus.
939 2551 967 2603 11.
980 2551 1060 2603 verbo
1069 2561 1125 2602 coa·
1197 2545 1198 2580 ³

110 2627 167 2677 olus
184 2623 268 2675 inlin.
282 2624 318 2688 (l)
335 2627 398 2690 Arg.
415 2636 475 2674 can.
488 2622 509 2682 1,
524 2636 547 2674 o.
565 2624 602 2681 15,
616 2637 642 2688 q.
662 2622 682 2672 1.
704 2621 883 2676 Nihilominus
895 2636 950 2674 non
964 2622 1060 2674 desunt
1075 2621 1124 2672 Do·
1197 2635 1198 2638 ¹

111 2698 192 2755 tores,
207 2695 254 2762 qui
269 2708 362 2746 omnes
380 2699 533 2746 contractus
546 2707 595 2760 per
609 2695 709 2744 matum
720 2693 801 2746 initos
813 2693 876 2759 jure
890 2695 1017 2745 canonico
1037 2695 1124 2757 suapte

110 2770 208 2817 natura
225 2765 315 2816 irritos
328 2778 388 2816 esso
403 2765 521 2824 tradunt,
532 2763 596 2830 quia
609 2777 666 2830 qna
683 2763 721 2822 ui,
735 2768 852 2816 motusve
867 2777 950 2817 causo
960 2765 1031 2830 fiunt
1041 2774 1122 2817 rorare

111 2831 203 2887 aalma
214 2833 307 2886 robore
322 2833 471 2898 trinitatis.
494 2833 559 2902 Cap.
582 2835 605 2896 l,
618 2835 651 2886 do
671 2830 705 2886 iis'
719 2848 781 2901 quae
796 2835 822 2886 vi
846 2841 910 2887 met.
931 2848 993 2886 can.
1010 2835 1035 2887 o.
1057 2831 1123 2899 -(5)

111 2907 175 2972 Arg.
192 2919 251 2972 cap.
264 2903 301 2968 11,
316 2905 349 2956 de
359 2905 446 2970 regul.
460 2905 553 2972 liugai.
567 2905 601 2958 ad
615 2906 656 2958 tit.
668 2906 702 2958 de
716 2905 750 2959 lis
761 2920 822 2973 quae
834 2906 869 2959 vi.
885 2909 936 2960 etc.
951 2919 979 2958 n.
997 2908 1033 2960 18.

48 3136 51 3145 ,
145 3101 208 3160 trs.
227 3095 387 3158 Prohibitio
400 3096 474 3175 legis
489 3096 612 3174 impedit
629 3101 770 3160 effectum
792 3115 959 3160 consensus
972 3099 1004 3158 in
1023 3099 1066 3172 iis,
1079 3093 1123 3171 qui

110 3188 234 3249 liberam
247 3203 307 3248 nou
320 3185 432 3247 habent
444 3187 591 3247 bonorum
606 3187 902 3264 administrationem,
914 3188 1029 3265 quoties
1042 3184 1123 3246 velint

113 3277 192 3338 circa
211 3277 315 3338 eadem
334 3277 413 3336 hona
433 3276 648 3338 conventiones
670 3276 753 3338 inire.
779 3282 940 3354 Propterea
960 3276 1121 3338 contraham

111 3373 262 3443 nequeunt
280 3363 416 3440 Religiosi
435 3371 505 3423 vota
525 3365 671 3426 solemnia
694 3361 819 3442 professi
834 3385 841 3426 :
857 3367 888 3426 hi
911 3365 991 3426 enim
1013 3367 1122 3442 propter

111 3461 214 3514 votum
231 3450 414 3529 paupertatis
427 3450 467 3511 nil
485 3451 596 3512 hebent
610 3454 774 3530 proprium,
789 3463 819 3516 et
837 3454 901 3515 sine
917 3467 1065 3516 'consensu
1077 3466 1119 3510 su·

113 3539 239 3614 perioria
253 3545 406 3614 nequeunt
422 3539 505 3614 dare,
526 3557 624 3616 neque
644 3543 791 3620 accipere.
806 3543 945 3606 Similiter
952 3542 1118 3620 impubem,
