2432 4078
623 193 784 252 ..au-

181 317 281 380 verbis
299 321 350 377 ant
371 315 464 394 signis
485 315 702 378 nrfdcientibns
719 316 902 377 voluntatem
925 327 1007 374 suant
1025 309 1169 372 instituendi

184 421 307 468 causam
320 403 400 482 piam
412 403 523 467 heredi
537 411 639 482 aperte
653 404 857 476 declaraverit,
872 408 1066 464 testamentum
1076 399 1104 459 iu
1112 399 1168 458 foro

180 494 299 556 interno
311 493 443 554 validum
455 501 512 568 est,
526 498 558 554 et
572 491 662 554 etiam
675 491 785 554 infore
799 491 938 552 Ecclesia
950 486 1106 561 externas
1116 486 1170 564 ipae

179 584 276 644 haeroe
289 583 347 643 hoc
358 583 495 654 fateatur,
511 582 560 642 vel
570 581 691 658 probari
705 581 801 658 possit
817 597 904 641 :nam
917 579 955 640 ad
968 580 1024 639 hoc
1038 581 1169 637 testamen·

178 678 242 734 tum
255 669 435 731 firmandum
449 687 485 730 ea
499 675 614 730 tantum
631 669 834 747 requiruntur,
849 685 916 747 quae
926 667 1000 745 juris
1014 662 1136 726 naturalis
1148 668 1171 722 et

178 760 312 838 gendum
324 765 403 833 sunt,
417 776 471 820 seu
484 758 557 820 illud
572 759 731 836 requiritur
746 766 870 833 tantum,
885 765 917 818 nt
933 757 970 818 de
987 756 1123 816 voluntate
1136 757 1171 812 te·

178 849 300 912 statoris
312 849 494 910 sufficienter
508 853 684 922 constet(l).
698 849 781 910 Unde
795 849 860 908 haee
875 846 1010 925 probatio
1024 843 1084 906 lieri
1094 846 1171 919 potest

179 955 235 1016 per
245 938 322 999 duos
331 945 424 999 testes
437 937 497 998 lida
511 937 628 1014 dignos,
643 937 695 1014 qui
708 938 746 998 ad
762 937 966 998 testimonium
979 933 1121 996 ferendum
1131 931 1171 990 ha·

178 1027 253 1086 biles
266 1034 372 1088 natura
386 1025 459 1100 sint,
479 1041 538 1086 nec
559 1025 728 1086 excluditur
744 1026 902 1104 parochus,
920 1031 972 1085 aut
991 1019 1169 1092 confessarius,

178 1115 248 1178 licet
261 1121 367 1192 agatur
376 1115 419 1186 de
427 1129 519 1176 causa
531 1115 668 1176 ecclesia
681 1131 759 1190 ana,
775 1131 833 1176 nec
846 1113 1013 1176 excluditur
1025 1110 1140 1172 foemina.

209 1262 246 1328 (l)
259 1263 330 1316 Hinc
351 1262 482 1328 sequitur,
497 1261 569 1328 quod
593 1263 754 1314 atesmtore
772 1274 854 1314 causa
870 1261 979 1328 pietatis
998 1259 1087 1312 relicta
1104 1261 1173 1324 potest

177 1335 240 1402 quis
250 1340 307 1387 tuta
320 1333 484 1386 conscientia
498 1333 551 1385 sihi
564 1333 689 1396 retinere,
710 1338 737 1386 at
759 1333 821 1385 aliis
837 1331 1003 1385 distribuere
1015 1332 1088 1397 juxta
1101 1327 1173 1392 cogu-

176 1409 233 1458 tam
252 1405 387 1458 testatoris
405 1404 579 1470 voluntatem,
594 1405 676 1458 etiam
695 1404 780 1476 inscio
803 1404 920 1456 herede.
948 1403 1003 1456 Sed
1019 1400 1174 1464 hereshujus

177 1475 364 1544 dispositionis
380 1475 481 1528 inscius
497 1490 551 1527 non
565 1481 672 1528 tenetur
681 1476 753 1528 bona
765 1475 804 1528 sic
814 1475 917 1542 petenti
930 1475 1073 1536 dimittere,
1083 1472 1174 1522 licetas·

177 1553 220 1600 aet
233 1547 432 1613 parochiam}
445 1546 636 1605 confessarius.
651 1547 698 1612 qui
711 1547 811 1599 factam
824 1559 841 1598 a
863 1549 993 1598 testatore
1015 1543 1175 1596 liberalitatem

177 1621 332 1676 tesmretnr.
343 1619 396 1670 nisi
409 1617 596 1683 personatui
611 1617 776 1670 confessario
790 1618 861 1670 alius
875 1617 1006 1669 contestis
1018 1615 1147 1674 accederet,
1155 1613 1175 1661 et

178 1691 219 1744 sic
227 1689 349 1755 probatio
359 1702 408 1754 per
419 1689 488 1742 duos
501 1691 597 1742 saltem
610 1692 693 1742 testas
707 1690 862 1748 haberetur,
883 1689 948 1754 quia
968 1687 1045 1741 nudo
1057 1689 1091 1740 erl
1104 1679 1174 1740 am.
1206 1701 1207 1730 t

176 1773 235 1828 qua
255 1759 338 1812 unias
351 1759 512 1825 testimonio,
538 1759 661 1826 warois
681 1759 810 1827 lapitimo,
830 1759 1003 1813 terminetur.
1025 1760 1086 1826 Gap.
1103 1757 1135 1814 il.
1150 1753 1175 1804 de
1206 1773 1207 1810 ς

176 1829 278 1892 taetitia
290 1843 352 1882 cum
365 1831 547 1882 necessarium
559 1832 595 1882 sit
608 1830 642 1882 ad
656 1830 767 1883 fraudes
781 1844 829 1896 pro
842 1830 912 1882 bono
927 1831 1039 1897 publico
1052 1825 1175 1886 evitandas,
1206 1835 1207 1890 ,

175 1901 267 1954 neutri
281 1901 343 1953 testi
359 1903 494 1954 credatur.
510 1901 695 1960 Reiffeustuel,
710 1900 744 1954 de
757 1907 864 1954 testam.
878 1916 895 1953 a
907 1916 935 1953 n.
952 1903 1007 1962 lli,
1019 1906 1045 1954 et
1058 1901 1085 1953 S.
1097 1900 1130 1950 De
1141 1896 1174 1948 ti·
1206 1893 1207 1946 l

175 1973 250 2038 gorio
265 1972 283 2023 l.
298 1971 322 2036 3,
333 1985 386 2024 an.
400 1971 460 2038 922,
475 1972 649 2025 nihilominus
664 1972 801 2040 Zallinger
816 1977 902 2039 putat,
916 1973 1099 2026 testimonium
1111 1967 1175 2021 sollus
1206 1949 1207 2001 l

175 2043 295 2110 parochi,
314 2047 361 2096 aut
381 2044 540 2096 confessarii
551 2045 639 2096 facere
653 2043 832 2109 semiplenam
854 2043 1051 2110 probationem,
1066 2047 1091 2097 et
1105 2041 1176 2096 locun

175 2113 240 2168 dara
251 2127 330 2182 posse
339 2117 494 2180 juramento
503 2113 678 2182 suppletorio.
693 2115 734 2168 De
748 2117 854 2168 testam.
868 2115 881 2180 fl
895 2114 952 2168 292.

210 2303 273 2361 671.
288 2299 421 2362 lctivam
433 2301 604 2362 testamenti
615 2299 776 2362 factionem
788 2299 899 2362 hahent
910 2315 1029 2376 omnes,
1045 2299 1093 2377 qui
1103 2296 1177 2358 houl-

175 2395 236 2452 tate
249 2390 361 2466 pollent
374 2388 413 2450 de
430 2390 521 2450 rebus
540 2389 603 2450 suis
623 2387 813 2465 disponendi,
837 2388 892 2450 nisi
910 2391 1008 2466 niure
1022 2388 1176 2466 protibean·
1205 2389 1206 2454 3

173 2485 233 2540 tur.
255 2484 279 2538 A
293 2479 362 2554 jnre
376 2484 477 2539 eutem
497 2477 643 2538 canonico
656 2477 852 2555 prohibentur
863 2477 952 2560 etiam
963 2479 1003 2538 ad
1015 2479 1079 2556 pias
1092 2489 1178 2537 causta
1205 2489 1206 2516 t

174 2567 292 2629 testari:
304 2572 334 2629 1ο
348 2567 387 2628 ob
400 2567 552 2641 delictum,
566 2567 694 2627 usurarii
706 2567 862 2648 manifesti,
874 2565 1120 2629 exeommunicati
1127 2579 1178 2641 pro

174 2663 241 2732 pter
254 2655 402 2730 haeresim,
420 2661 451 2716 et
465 2671 659 2732 percussores
673 2654 870 2717 cardinalium
887 2657 1178 2720 sacraaltomanaeltc·

174 2745 282 2817 clesiae,
298 2745 367 2820 quia
394 2744 432 2804 de
451 2761 488 2805 eo
509 2743 711 2822 disponerent,
739 2747 820 2821 quod
838 2745 1026 2821 restitutioni,
1041 2747 1088 2806 vel
1110 2745 1176 2810 hoo.

173 2839 225 2893 aut
237 2832 377 2893 Ecclesiae
389 2840 435 2893 eat
449 2833 612 2894 obnoxium
626 2837 681 2907 (t),
695 2839 726 2894 20
741 2835 780 2893 ob
791 2834 919 2910 patriam
935 2841 1118 2912 potestatem,
1131 2827 1178 2890 dli·

173 2919 298 2980 familias
311 2921 425 2998 absque
434 2939 583 2982 consensu
594 2922 687 2998 patris
697 2926 735 2984 dc
747 2923 845 2997 bonis,
859 2922 891 2983 in
905 2922 1013 3000 quibus
1025 2922 1100 3000 patri
1112 2933 1178 2980 rom·

174 3007 247 3084 petit
260 3007 435 3083 proprietas,
458 3011 506 3070 vel
526 3012 723 3086 ususfructus,
738 3017 771 3071 ut
791 3018 860 3072 sunt
875 3012 956 3072 hona
976 3009 1143 3087 profectitia,
1155 3013 1178 3066 at
1204 3001 1205 3010 ’

173 3096 347 3172 regulariter
362 3096 451 3186 ctiam
475 3099 647 3174 adventitia,
662 3099 730 3178 quia
740 3101 791 3177 jus
816 3100 993 3162 canonicum
1007 3117 1068 3161 nou
1085 3097 1178 3175 patitur

174 3184 275 3246 testari
295 3185 333 3245 de
354 3186 445 3246 rebus
458 3186 573 3263 alienis,
588 3205 685 3266 nequa
705 3188 815 3273 patitur
834 3188 865 3248 in
882 3189 939 3265 piae
952 3206 1051 3250 causae
1063 3189 1178 3248 favorem

173 3273 258 3334 alicui
273 3274 476 3352 praejudioium
488 3276 590 3337 inferri
607 3282 663 3352 (in
675 3282 705 3338 3⁰
718 3278 758 3338 ob
772 3283 883 3338 statum
894 3279 1111 3349 monachalem,
1121 3269 1178 3334 reli·

173 3361 250 3439 giesi
262 3362 388 3439 professi
401 3361 490 3424 etiam
503 3365 627 3442 l’raelati,
642 3373 672 3426 et
683 3365 855 3444 abbatisse,
872 3358 941 3444 quia
957 3368 1028 3428 nihil
1040 3363 1175 3445 proprium

174 3452 349 3531 possident(
368 3459 390 3525 ).

203 3580 239 3645 (l)
253 3581 316 3646 Gap.
326 3580 352 3645 i,
364 3581 481 3638 deusur.
492 3582 554 3648 ind,
568 3597 627 3650 cap.
643 3586 682 3646 13,
693 3585 728 3639 de
742 3585 834 3639 haeret.
848 3589 876 3639 at
887 3599 946 3652 cap.
963 3587 987 3653 l,
1001 3587 1034 3641 da
1048 3579 1176 3652 pontino
