2432 4078
515 200 546 210 -
567 171 673 226 327-

0 357 1 366 ,
109 313 140 381 (i)
153 313 268 377 Quidam
282 311 483 369 dolumbonum
498 317 644 370 admittunt
657 317 684 370 in
696 317 743 372 ilia
758 316 877 378 solertia,
892 331 954 384 quae
968 317 1003 369 ab
1013 313 1096 369 houe-

83 387 204 438 stoetiam
216 387 283 447 cive,
297 387 340 440 vel
355 389 564 454 negotiatorem
579 404 669 442 rerum
684 403 796 442 suarum
809 389 1054 451 administratione,
1070 390 1097 440 et

81 457 188 510 maxime
201 458 230 510 iu
244 460 425 512 contractibus
438 460 591 514 adhibetur.
607 461 660 514 Sed
676 461 754 514 dolus
770 463 799 514 in
811 461 910 514 malam
923 463 1029 527 partam
1040 459 1097 512 iera

1 597 2 602 ἵ
80 532 348 596 samperusurpatur.

1 739 2 748 ¹
28 730 44 762 a
109 719 167 776 650.
188 713 290 775 Euhie
302 715 491 776 deducuntur
503 717 615 793 regulae
628 716 659 777 in
674 719 878 780 contractibus
890 719 1095 780 observande.

79 811 103 866 i·
114 805 202 864 Dolus
214 805 311 866 malus
328 805 515 882 praestandus
536 806 566 865 in
586 807 667 867 omni
684 815 849 882 contractu,
864 823 922 868 nec
935 810 1014 868 vaiet
1027 825 1096 868 con·

1 893 2 954 i
76 894 178 968 ventio,
194 911 234 954 ne
246 895 510 971 doluspreestetur,
525 911 591 972 quae
611 902 717 957 contra
728 898 826 958 bonos
837 907 948 971 mores,
963 901 994 957 et
1014 896 1092 970 ideo,

79 984 165 1061 turpis
178 990 276 1044 esset:
297 985 356 1044 hoc
365 990 464 1045 tamen
473 1000 535 1044 non
549 985 649 1061 officit,
662 986 820 1063 quominus
831 986 918 1046 dolus
930 985 1098 1062 praeieritus

1 1109 2 1118 κ
77 1071 180 1134 remitti
194 1073 299 1150 possit.
322 1077 350 1132 2·
365 1075 454 1152 culpa
469 1073 618 1135 levissima
631 1075 802 1151 praestanda
815 1081 861 1135 esi
879 1073 917 1134 ab
931 1091 978 1149 eo,
994 1072 1045 1150 qui
1058 1087 1097 1133 ex

76 1169 226 1224 contractu
253 1179 342 1223 omne
366 1164 557 1224 commodum
584 1163 720 1240 percipit,
748 1171 781 1225 ut
805 1181 823 1224 a
851 1161 1096 1237 commodatario,

77 1253 202 1330 quaudo,
216 1259 250 1312 ut
269 1252 388 1326 assolet,
403 1253 468 1336 ejps
487 1259 603 1313 tautum
617 1254 808 1314 commodum
822 1251 1098 1327 contractusrespi-

77 1342 113 1402 cit
126 1345 177 1414 (t).
202 1345 230 1400 3·
246 1341 337 1416 culpa
349 1340 423 1401 ievis
441 1341 609 1417 praestanda
625 1347 672 1402 cst
689 1342 728 1401 ab
744 1349 873 1420 utroque
891 1341 1096 1415 contrahente,

74 1429 190 1506 quaudo
205 1435 376 1490 contractus
388 1429 443 1489 fuit
456 1429 487 1490 in
502 1431 657 1507 utriusque
670 1432 804 1492 favorem
816 1429 906 1490 initus
922 1435 973 1504 (2).
987 1433 1015 1489 4·
1029 1428 1095 1488 Cuil-

73 1535 109 1596 pa
121 1519 182 1578 lata
194 1517 233 1577 ab
247 1535 283 1578 eo
297 1525 343 1579 est
355 1518 534 1594 praesienda,
545 1518 595 1595 qui
608 1537 647 1580 ex
657 1526 813 1581 contractu
821 1536 882 1579 non
893 1518 1093 1592 commodum,

1 1603 2 1642 ³
72 1608 123 1668 sed
132 1607 357 1668 incommodum
371 1614 487 1668 lanium
500 1609 600 1670 habet.
615 1615 643 1668 5·
659 1613 749 1670 Casus
762 1609 900 1670 fortuitus
911 1607 956 1668 rei
973 1605 1095 1666 domino

52 1691 239 1773 imputatur,
253 1695 311 1755 nisi
324 1695 390 1772 quis
403 1696 486 1757 ilium
493 1697 572 1757 ultm
587 1698 618 1757 in
628 1715 660 1758 se
674 1698 841 1775 susceperit
855 1715 909 1774 per
920 1703 1052 1773 paetum,
1062 1702 1096 1756 ut

70 1801 158 1862 supra
169 1785 233 1862 jam
245 1784 385 1860 diximus,
395 1791 446 1846 aut
459 1802 545 1846 mora
555 1786 709 1862 culpabilis
720 1787 750 1846 in
763 1803 797 1847 re
806 1785 989 1848 restituenda
1002 1785 1096 1846 inter·

69 1874 191 1935 cesserit
205 1878 257 1950 (3),
272 1881 323 1934 aut
337 1875 425 1951 culpa
437 1871 599 1936 infortunio
614 1891 736 1935 causam
750 1873 865 1936 dederit
878 1878 889 1947 t
908 1880 929 1949 ).

40 2023 44 2033 '
96 2031 131 2098 (i)
144 2031 210 2084 ideo
223 2029 258 2083 ab
271 2032 365 2084 eodem
379 2031 534 2098 praestenda
547 2033 588 2084 esi
602 2045 618 2083 a
631 2031 735 2084 fortiori
750 2031 832 2098 culpa
847 2031 924 2094 levis,
939 2033 966 2084 at
979 2029 1046 2082 lata.
1063 2057 1095 2070 -

68 2102 101 2168 (i)
114 2103 174 2155 Hoc
183 2117 249 2154 casu
262 2107 375 2168 propter
388 2105 497 2168 culpam
506 2104 590 2155 istam
603 2103 758 2168 praestanda
773 2105 815 2156 est
828 2104 910 2156 eiiam
928 2103 1008 2168 culpa
1017 2101 1094 2162 levis,

67 2187 119 2225 uon
132 2187 198 2226 vero
217 2174 363 2238 levissima,
378 2175 432 2226 nisi
449 2177 510 2240 quis
523 2176 630 2240 negotio
649 2187 678 2226 se
701 2179 795 2239 sponte
810 2174 913 2234 offerat,
934 2183 981 2224 aut
1003 2174 1096 2225 taliter

68 2245 172 2298 difficile
182 2246 227 2306 sit,
242 2249 273 2297 ui
289 2259 413 2312 personas
427 2245 589 2298 industriam
605 2246 737 2311 requirat.
754 2245 822 2311 Cap.
845 2247 870 2305 2,
885 2246 918 2297 de
935 2245 1048 2312 deposii.
1065 2271 1094 2283 -

67 2316 101 2384 (3)
118 2318 222 2384 Excipe
236 2317 290 2369 nisi
304 2330 348 2368 res
368 2316 475 2369 domino
499 2318 624 2370 restituta
636 2315 779 2382 equaliter
802 2317 899 2368 inisset
911 2317 1040 2383 peritura.
1062 2343 1094 2354 -

67 2387 100 2454 (i)
112 2389 152 2442 Ut
165 2390 189 2441 si
202 2401 289 2454 aquus
311 2389 496 2442 commodatus
509 2388 544 2441 od
565 2403 646 2442 naum
661 2388 797 2441 urbanum
810 2387 949 2440 adhibitus
968 2390 1042 2440 esset
1058 2387 1093 2440 ad

67 2473 146 2514 nsum
163 2460 302 2514 bellinum,

99 2670 164 2728 651.
185 2664 300 2728 Tertius
314 2671 485 2726 contractus
498 2665 586 2725 realis
604 2671 651 2725 est
666 2663 844 2742 depositum,
860 2663 941 2740 quod
956 2661 1095 2724 definitur

66 2763 234 2816 contractus
247 2755 347 2826 realia,
360 2771 416 2831 quo
430 2754 543 2830 aliquid
556 2753 647 2814 alicui
659 2755 753 2830 protis
769 2752 991 2814 custodiendum
1006 2751 1093 2812 trodi-

66 2851 126 2914 tur,
140 2851 177 2905 ut
192 2845 272 2904 idem
285 2845 317 2904 in
331 2843 420 2919 specie
431 2843 471 2902 ad
486 2843 654 2920 deponentis
667 2843 827 2904 arbitrium
847 2842 1034 2902 restituetur.
1050 2845 1094 2900 Ex

65 2929 121 2992 hac
135 2933 309 2993 definitione
320 2933 413 3008 liquet
425 2931 590 2992 differentia
604 2931 730 3008 depositi
746 2931 785 2991 ab
797 2930 861 2990 aliis
879 2931 1093 3006 contractibus

65 3026 94 3079 et
105 3023 238 3082 maxime
253 3023 429 3082 arealibus:
444 3037 514 3081 nam
523 3021 553 3080 in
568 3027 672 3081 mutuo
687 3021 863 3080 transiertur
873 3021 919 3081 rei
930 3020 1094 3082 dominium

63 3103 93 3167 in
115 3111 307 3172 commodato
322 3111 366 3171 rei
385 3127 468 3183 usus,
492 3109 572 3170 etin
598 3107 733 3186 deposito
756 3110 953 3184 reicustodia
979 3115 1094 3169 tautum

63 3201 257 3274 conceditur3
280 3199 349 3261 licet
370 3199 460 3260 iidem
472 3203 642 3259 contractus
664 3199 760 3258 reales
786 3197 816 3258 iu
836 3215 873 3258 eo
898 3197 1090 3270 conveniant,

64 3287 145 3360 quod
159 3306 199 3349 ex
212 3305 318 3350 eorum
331 3295 438 3349 natura
453 3287 574 3364 gratuiti
588 3293 657 3347 sunt
672 3291 723 3360 (i).
742 3286 894 3362 Praecipua
908 3285 1034 3362 depositi
1047 3285 1092 3344 di-

62 3373 138 3436 visio
162 3378 258 3438 estin
283 3377 500 3448 uoluntarium,
525 3383 554 3437 ei
576 3377 784 3437 necessarium.
801 3375 830 3436 Si
851 3375 999 3444 dominus,
1012 3374 1092 3434 nulia

63 3475 191 3544 urgente
204 3470 393 3546 necessitate,
408 3487 474 3532 rem
491 3485 576 3530 suam
589 3486 682 3547 panes
696 3471 822 3532 aiterum
843 3470 935 3529 libere
950 3469 1090 3543 deponat,

64 3553 234 3634 depositum
253 3559 362 3622 dicitur
386 3559 602 3635 voluntarium
624 3559 743 3621 sivero
765 3558 796 3619 id
815 3555 907 3618 'iaciat
931 3562 1054 3618 coactus
1072 3573 1091 3616 a
