2426 4070
609 139 771 208 -ioea

201 279 263 336 460.
283 261 443 350 Praeeipuae
456 289 555 349 poenae
569 278 673 333 contra
686 273 842 334 violatores
857 272 933 350 juris
947 273 1025 332 sacri
1037 275 1117 351 asyli
1137 277 1193 356 du

166 371 244 435 suut,
260 362 399 423 nimirum
409 382 415 421 ε
427 361 553 438 privatio
566 362 655 438 hujus
666 361 814 436 beneficii,
824 360 850 420 si
860 360 989 424 violator
999 362 1193 438 imposterut

166 453 204 512 ad
218 453 336 527 asylum
355 467 476 512 sacrum
500 456 647 523 recurrat,
663 457 694 511 et
714 448 985 512 excommunicatio
1000 443 1098 527 major
1113 447 1193 530 Pap

165 546 323 600 reservata.
332 539 495 600 violatores
508 546 609 600 tamen
619 539 708 616 huius
715 539 794 613 juris
804 539 953 600 hahentur
965 559 972 598 :
984 541 1038 616 qui
1047 541 1193 618 repellor

166 628 371 704 confugientes
380 629 418 688 ad
430 629 602 701 Ecclesiam,
615 634 666 688 aut
677 628 850 704 impediunt,
865 627 1026 704 quominus
1034 629 1080 688 eis
1090 643 1193 692 necet

166 718 243 777 saria
258 717 401 777 advitam
420 719 609 789 deierantur,
631 716 682 792 qui
701 716 732 774 in
752 717 916 776 Ecclesiam
928 723 1088 792 receptum
1109 720 1162 778 ab
1181 725 1193 782 d

167 807 336 878 extrahunt,
352 813 382 866 et
395 806 484 882 huJus
496 805 566 866 iacti
580 809 807 880 cooperatores,
828 804 879 879 qui
891 805 1034 866 eumdem
1048 805 1080 864 in
1095 809 1193 872 Ecolt

167 893 210 954 sia
225 895 376 969 occidunt,
390 895 438 955 vel
449 892 579 970 graviter
592 892 717 966 ledum,
739 898 771 952 et
786 893 907 953 demum
920 893 971 970 qui
985 911 1057 956 cum
1070 895 1193 956 debeat

168 999 255 1042 reum
268 983 407 1044 Ecclesiae
420 982 588 1057 restituere,
602 980 634 1042 id
647 981 748 1042 facere
762 987 903 1044 recusant
914 985 966 1056 (l).

200 1139 235 1204 (l)
249 1139 328 1194 Gard.
345 1138 437 1208 chlia
452 1138 503 1194 loc.
520 1139 566 1192 cit

511 1607 713 1688 TITULUS
739 1607 832 1688 XIV.

364 1853 401 1896 DE
420 1852 591 1912 senuimus,
607 1853 734 1908 emenus
751 1851 887 1900 EGCLESIAE
905 1851 999 1898 bonis.

168 2015 328 2068 serrum:
346 2013 401 2066 lor.
412 2015 533 2080 Sepultura
545 2015 650 2068 fidelibus
661 2030 707 2082 quo
721 2015 773 2070 lano
786 2014 882 2068 dverab
892 2014 1032 2080 temporibus
1041 2013 1095 2066 data
1109 2015 1164 2068 sit?
1173 2041 1193 2056 α

192 2086 254 2151 ddi.
268 2085 389 2144 Quomodo
399 2086 425 2138 iu
437 2087 545 2138 Eccleslis
559 2088 589 2139 sit
601 2087 693 2140 dandal
710 2115 738 2124 -
755 2088 811 2140 463.
825 2087 952 2152 Quotuplax
964 2087 1001 2148 sit,
1016 2086 1108 2152 etquid
1124 2087 1193 2139 dicen

199 2156 254 2208 dum
268 2157 296 2207 de
307 2157 393 2208 electa?
403 2185 435 2195 —
451 2157 506 2214 lod.
524 2157 584 2216 Quid
603 2159 632 2210 de
650 2157 775 2223 partibile?
789 2186 818 2196 -
829 2157 883 2208 465.
900 2156 959 2216 Quid
972 2157 1000 2208 de
1011 2157 1160 2222 parochialii
1172 2185 1193 2196 -

200 2227 254 2278 466.
271 2227 357 2286 Quibus
370 2227 535 2280 interdicatur?
547 2257 579 2266 -
594 2229 649 2288 467,
663 2229 726 2282 Gallu
738 2233 762 2280 et
779 2232 861 2294 patena
874 2229 1045 2280 consecratione
1059 2229 1161 2293 indiget,
1179 2231 1193 2280 al

200 2299 300 2349 excurri
311 2303 395 2364 potest.
408 2327 439 2338 -
449 2299 504 2350 468.
512 2299 569 2358 Qua
583 2299 628 2352 siut
637 2299 767 2352 adnotanda
775 2301 835 2352 drea
848 2299 955 2352 Ecclesia
969 2299 1136 2365 supellectilem
1148 2303 1161 2351 l
1171 2305 1193 2338 -’

199 2369 254 2422 tue.
271 2369 326 2430 Qua
340 2371 403 2424 eires
415 2371 556 2437 mumma?

206 2549 256 2608 461
262 2563 272 2606 .’
289 2549 446 2626 Sepultura
455 2548 610 2630 dupliciter
622 2546 776 2624 accipitur,
789 2547 929 2608 videlicet
939 2563 996 2624 pro
1002 2547 1080 2622 loeo,
1088 2547 1124 2608 in
1140 2565 1193 2626 quo

171 2635 319 2698 cadavera
340 2638 510 2713 humantur,
532 2644 565 2698 et
584 2654 641 2714 pro
663 2639 731 2714 jure
752 2636 932 2697 humationis
949 2637 1038 2713 iuxta
1060 2637 1139 2698 ritus
1161 2637 1193 2696 ah

171 2725 303 2784 Ecclesia
316 2726 518 2802 prescriptos,
534 2743 594 2802 quo
609 2743 700 2788 sensu
716 2725 825 2785 dicitur
838 2724 928 2786 etiam
942 2726 1098 2801 sepultura
1112 2727 1193 2787 ecch«

169 2812 299 2886 sustine,
316 2813 356 2872 de
378 2831 437 2889 qua
458 2831 540 2874 nunc
557 2815 682 2890 agimm.
705 2813 789 2874 Circa
809 2813 940 2889 primum
966 2814 1108 2874 Romanis
1133 2819 1193 2875 eral

170 2897 371 2974 interdictum,
386 2918 425 2962 ne
439 2903 586 2962 caderem
599 2903 795 2978 sepelirentur
808 2901 839 2960 in
859 2901 939 2974 Urbe
953 2903 1041 2978 iuxta
1058 2901 1132 2965 illud
1146 2905 1193 2962 Xll

170 2986 347 3046 Tabularum
363 3007 369 3046 :
385 2989 543 3052 Hominem
567 2999 723 3052 mortuum
746 2983 878 3050 in‘llrbe
905 3005 943 3050 na
968 2990 1098 3066 sepelite,
1125 3005 1193 3052 neue

170 3073 271 3148 auita
291 3081 416 3152 eratque
436 3078 554 3140 aliunde
569 3085 698 3154 cautum,
713 3085 746 3138 ut
765 3080 832 3140 loca
845 3083 932 3138 extra
946 3078 1066 3154 Urbem,
1085 3079 1117 3139 in
1130 3095 1193 3156 qua

172 3160 319 3223 cadavera
343 3163 424 3226 illata
445 3167 554 3242 forent,
575 3167 715 3243 religiosa
735 3167 927 3228 haberentur.
946 3165 1106 3244 Disciplina
1124 3181 1193 3228 veru

172 3251 373 3314 ecclesiastica
387 3254 507 3331 antiqua
520 3256 725 3330 interdicebat,
738 3256 853 3332 nequis
866 3255 1042 3334 sepeliretur
1050 3257 1082 3317 in
1094 3258 1193 3318 Eccle-

173 3339 233 3415 sia,
255 3342 309 3402 sad
333 3341 392 3404 hoc
413 3343 465 3404 vix
478 3344 636 3422 aliquando
657 3343 846 3420 permittebat
866 3343 897 3404 in
910 3345 996 3419 atrio,
1016 3351 1068 3406 aut
1080 3344 1193 3423 porticu

174 3429 314 3492 Ecclesiae
328 3437 380 3507 (l),
399 3432 472 3493 dum
491 3433 530 3493 ad
549 3433 730 3496 cadaverum
749 3433 940 3512 receptacula
957 3440 1044 3494 eraut
1065 3432 1191 3495 instituta

175 3521 356 3596 coemeteria,
371 3522 439 3582 loca
452 3521 565 3584 scilicet
581 3521 719 3597 religiosa
738 3522 776 3582 ad
790 3523 849 3583 hoc
862 3523 900 3582 ah
920 3522 1069 3600 Episcopo
1086 3525 1188 3585 solem·
