2524 4080
499 221 532 238 ..
550 193 658 275 439...

77 317 167 370 dierns
178 317 357 383 plurimarum
373 319 510 375 ourlsrmn
524 318 717 372 consuetudine
730 331 785 371 non
799 317 916 384 amplius
930 318 1091 384 adhibetnr3
1139 383 1142 391 s

77 391 121 442 sed
136 394 167 440 ut
188 389 259 452 olim,
280 390 318 440 its
340 404 412 442 nunc
432 391 587 455 positiones,
613 396 641 443 et
662 391 852 457 responsiones
871 391 930 444 dari
952 393 1052 445 dehent
1076 409 1093 447 a

76 461 222 528 principali,
242 461 287 513 vel
308 475 324 512 a
346 467 520 528 procuratore
538 462 573 513 ad
597 463 648 514 hoc
671 462 782 528 speciali
805 462 930 516 mandato
952 465 1091 518 instructo.

76 531 240 596 Pellegrinus
254 537 324 596 port.
339 533 364 598 2,
378 537 443 584 sect.
456 535 472 584 2
492 534 612 584 subseott
627 533 649 584 i.
666 559 694 572 ·—
707 532 743 598 (3)
755 533 858 585 Praeter
871 535 1093 600 interrogationes

74 617 121 669 per
140 603 285 670 positiones
309 603 337 654 in
359 607 436 669 praxi
459 604 605 670 judiciaria
618 604 783 656 adhibentur
806 605 886 656 etiam
902 606 1095 674 interpellatio·

73 687 146 736 nese
161 674 207 726 sed
230 674 326 738 positio
348 673 382 725 sb
405 674 620 742 interpellatione
645 673 760 728 diliert:
786 689 848 726 nam
872 677 919 742 qui
940 677 1041 742 aliquid
1064 679 1092 731 in

70 745 167 812 judicio
182 746 266 812 ponit,
288 745 315 796 id
331 745 481 808 confltetur,
502 747 540 797 ita
559 752 590 797 ut
611 751 729 811 nequest
751 746 869 811 amplius
891 761 969 798 suam
985 749 1091 800 conies-
1197 796 1199 800 .

73 818 171 869 sionem
193 830 338 878 revocare;
355 817 400 882 qui
414 831 479 870 vero
498 817 654 882 simpliciter
668 817 830 883 interpellat,
854 818 1092 883 interrogationem

72 886 185 952 exhibet,
209 889 257 939 sed
282 888 382 940 lectum
406 903 460 941 nou
484 889 635 952 coniltetur,
650 894 678 940 et
698 889 799 940 idcirco
817 891 921 953 postest
942 889 1030 942 adhuc
1050 893 1090 943 in·

72 960 271 1025 terrogetiouern
293 961 408 1012 variare.
428 961 565 1012 Praeteree
587 960 760 1012 adversarius
775 959 903 1024 positioni
923 961 1030 1013 omnino
1048 976 1090 1014 re-

71 1031 198 1094 spondere
220 1033 328 1082 tenetur
351 1031 403 1082 sub
426 1044 517 1098 poena,
537 1038 567 1082 ut
587 1032 682 1083 dicunt
706 1031 868 1096 pragmatici
891 1035 1035 1096 nostrates,
1062 1032 1093 1086 dt

71 1115 142 1154 corsa
161 1101 324 1168 pronuncia,
354 1103 409 1154 sive
429 1103 524 1166 ‚tacitae
545 1103 741 1165 confessionis;
761 1116 817 1165 non
840 1102 906 1154 item
930 1102 1090 1166 interpella·

70 1173 132 1223 tioni
146 1173 272 1239 simplici,
288 1185 369 1238 ᾳιιιιιι
394 1176 482 1236 potest
500 1173 581 1225 etiam
602 1173 711 1239 impune
730 1171 877 1237 negligere.
892 1172 1091 1235 nisiterminus

62 1243 101 1294 'ad
115 1243 329 1309 respondendum
343 1245 379 1294 sit
388 1258 404 1294 a
414 1244 506 1308 jndice
519 1244 678 1311 praeiinitns.
694 1243 795 1311 Capet,
810 1243 845 1295 de
857 1243 958 1296 oonies.
973 1244 1001 1294 in
1014 1245 1048 1306 ὃς
1064 1247 1091 1296 et

40 1361 42 1365 .
69 1314 233 1380 Pellegrinus
247 1315 299 1367 loc.
317 1315 363 1368 cit.
378 1329 405 1367 n.
420 1315 460 1366 ii.

100 1511 159 1567 797.
174 1462 338 1568 positiones
351 1509 515 1585 respiciunt
526 1510 616 1584 facta,
632 1514 662 1569 et
676 1526 737 1570 non
748 1477 837 1586 jure3
852 1515 881 1571 et
891 1509 958 1570 ideo
972 1509 1089 1572 admitti

68 1605 213 1674 nequeunt
228 1597 392 1674 positiones
404 1598 488 1673 juris,
505 1597 568 1658 sive
591 1599 628 1658 de
649 1599 894 1674 interpretatione
912 1599 996 1676 legis.
1013 1603 1090 1658 Con-

68 1686 187 1747 suetudo
200 1693 302 1746 tamen
315 1685 343 1744 ln
359 1686 536 1762 positionem
549 1687 680 1762 legitime
696 1687 863 1762 deducitur,
878 1687 946 1764 quia
960 1688 1029 1750 licet
1039 1690 1089 1766 jus

66 1775 158 1849 iaciat,
171 1777 202 1836 in
216 1793 251 1836 se
264 1783 309 1836 est
323 1775 433 1851 aliquid
447 1775 527 1848 iacti,
543 1781 573 1835 et
585 1775 615 1834 in
629 1778 708 1836 laeto
721 1775 859 1838 consistit
873 1779 924 1849 (i).
935 1779 993 1838 Sed
1007 1781 1089 1839 insu·
1105 1849 1109 1858 ,
1176 1802 1182 1819 ·

67 1879 116 1936 per
127 1866 204 1925 lecta
221 1881 296 1926 esse·
307 1864 417 1925 debent
430 1864 468 1924 ad
483 1879 605 1924 causam
619 1864 799 1940 pertinentia
811 1884 817 1924 :
830 1866 911 1925 unde
925 1866 1089 1942 positiones

67 1950 284 2028 impertinentes
303 1971 320 2012 a
338 1951 438 2029 judice
452 1952 636 2028 rejiciuntur,
652 1954 700 2014 vel
713 1953 744 2012 in
758 1944 854 2013 dubio'
864 1971 903 2014 ex
913 1955 981 2030 jure
996 1972 1089 2015 cano-

68 2039 129 2100 nico
140 2042 336 2102 admittuntur
350 2058 419 2102 cum
432 2042 576 2114 clausula,
591 2041 672 2102 salvo
686 2041 759 2120 J‘ure
777 2042 1041 2118 impertinentium,
1057 2051 1084 2105 ct

68 2144 122 2190 noo
133 2131 395 2192 admittendorum.
462 2209 466 2228 Ι

67 2343 70 2350 .
95 2292 127 2358 (1)
140 2293 202 2359 Cap.
220 2296 243 2354 l,
257 2293 292 2346 de
305 2295 424 2372 consuet.
440 2292 469 2344 in
481 2293 505 2344 e.

98 2509 158 2566 798.
173 2505 372 2567 positionibus
389 2521 444 2582 per
462 2503 665 2566 adversarium
685 2502 810 2580 negetis,
827 2503 951 2580 quiens
971 2518 1104 2580 propo-i

68 2591 129 2665 suit,
145 2594 174 2654 in
196 2595 339 2655 articulos
361 2595 507 2655 reducere
530 2599 650 2654 tenetur
673 2598 724 2669 (i).
749 2592 870 2653 Articuli
892 2597 992 2652 autem
1014 2599 1087 2653 suut

67 2683 355 2757 pertesintentionis,
370 2683 503 2757 euticeti
519 2682 705 2742 determinati
718 2681 749 2742 in
761 2680 905 2757 judicium
923 2680 1042 2741 adducti
1055 2681 1087 2742 id

68 2773 256 2846 continentes,
273 2773 354 2849 quod
368 2773 434 2848 quis
443 2772 571 2848 probare
586 2771 720 2843 intendit,
735 2775 764 2830 et
782 2770 893 2830 habent
908 2765 1008 2830 locum
1022 2775 1086 2830 tum

66 2856 92 2916 in
109 2861 261 2936 praemisso
280 2879 362 2934 casu,
378 2867 443 2922 tum
463 2861 493 2920 in
516 2877 599 2932 cesu,
616 2877 675 2935 quo
690 2859 777 2919 nuilae
790 2859 877 2919 iactae
891 2856 949 2918 sint
963 2859 1086 2934 positio-

67 2961 114 3006 nes
127 2953 177 3022 (ἲ).
192 2955 263 3010 Post
280 2949 422 3010 articulos
440 2949 589 3009 deductos
610 2965 648 3008 ex
663 2954 746 3023 parte
763 2947 883 3020 eoloris,
898 2953 1024 3023 possunt
1037 2947 1086 3007 alii

60 3034 166 3098 deduci
179 3055 219 3098 ex
235 3037 426 3114 partereiin
440 3036 565 3100 materie
580 3035 740 3109 contraria,
758 3035 808 3110 qui
822 3050 927 3096 omnes
939 3043 1086 3097 vocantur

67 3127 281 3202 adprobaret
289 3126 423 3202 actionis,
433 3127 483 3186 vel
495 3123 692 3200 exceptionis,
715 3124 805 3184 immo
818 3131 849 3184 et
862 3130 930 3200 post
943 3124 1084 3185 articulos

67 3215 315 3294 comprobatorlos
328 3223 454 3291 possunt
464 3214 511 3274 alii
526 3212 643 3285 deduci,
660 3212 711 3302 eui
725 3213 919 3273 additioooles
931 3214 1083 3288 appellan-

68 3304 109 3360 tur
122 3308 171 3376 (3).
188 3305 242 3364 Ubi
259 3320 331 3364 vero
353 3303 414 3363 dati
434 3310 463 3363 et
485 3302 605 3362 admissi
619 3301 679 3360 sint
694 3299 820 3373 articuli,
835 3317 998 3376 eorumque
1012 3317 1084 3374 pro·

66 3384 139 3452 helio
152 3391 286 3452 iaciendo
299 3391 337 3451 sit
350 3408 405 3468 per
418 3399 519 3464 testes,
536 3406 606 3466 pars
620 3390 748 3450 adversa
762 3389 834 3450 dare
847 3395 945 3465 potest
960 3387 1083 3447 testibus
1096 3453 1099 3463 f

67 3471 374 3558 interrogationisque
389 3479 460 3541 nihil
473 3478 551 3540 aliud
566 3485 645 3550 sunt,
656 3493 745 3554 quarn
759 3475 977 3553 propositiones
986 3489 1083 3551 super

68 3565 191 3630 tricolis
204 3570 370 3635 secundum
380 3568 478 3630 varias
492 3566 730 3630 circumstantias
743 3563 927 3641 composite,
944 3579 1019 3640 quas
1033 3562 1082 3624 ad·
