2432 4078
533 192 692 250 ..300-

95 319 214 374 dandum
231 318 300 384 cogi,
318 318 371 370 nisi
385 331 419 370 ex
432 317 602 380 necessitato,
614 315 657 368 vel
672 315 786 368 utilitate
799 313 918 382 publica.
939 314 983 368 Sic
996 319 1111 379 tempore

96 391 184 453 lamis,
195 390 252 442 sive
265 389 362 452 inopiae
376 387 503 439 frumeuti
520 387 669 453 Episcopus
687 391 776 452 potest
789 387 900 438 clericos
917 400 1011 451 cogam
1022 385 1055 437 ad
1069 399 1111 437 res

95 476 160 514 suas
171 459 335 524 vendendos,
355 463 386 510 ut
399 459 470 510 lame
483 459 669 510 laborantibus
686 461 855 510 succurrant.
884 457 1056 510 Reiilcnstuel
1079 456 1112 511 de

96 535 177 600 empt.
192 545 222 584 u.
240 531 280 583 ³l.

130 721 193 778 ott.
213 721 281 789 llos,
296 716 359 776 sive
370 730 543 792 memque
550 713 755 776 conventionis
765 717 930 794 subjectum
940 715 1042 787 refert,
1051 731 1114 774 esse

95 811 195 884 potest
210 823 217 865 :
232 803 350 865 mobilis
363 806 411 865 vel
421 804 590 878 immobilis,
609 805 773 880 corporalis
790 807 840 866 vel
860 805 1070 882 incorporalis,
1085 804 1114 863 in

93 909 195 956 rerum
207 899 313 953 natura
326 892 458 953 existens
472 893 519 952 vel
532 893 641 965 futura,
665 894 756 953 modo
769 894 807 954 sit
820 895 851 953 in
863 894 1018 954 bominum
1033 909 1112 952 com-

94 982 217 1055 mercio,
237 981 333 1058 pretio
353 981 542 1054 aestimabilis‚
567 987 597 1041 et
617 982 798 1043 sufficienter
816 985 1021 1042 determinata.
1043 981 1115 1048 lliuc

94 1072 164 1132 lieet
188 1071 299 1132 haeredi
316 1071 446 1130 rendere
462 1070 666 1130 hoereditatem
687 1070 741 1129 sibi
766 1071 904 1144 delatam,
925 1071 1003 1147 jura,
1028 1076 1116 1145 atque

94 1159 600 1232 actiones31icetdominoveudere
613 1160 841 1236 tructuspraedii
861 1161 961 1220 futuro
977 1177 1058 1219 anuo
1068 1177 1115 1218 na-

95 1247 239 1322 scituros3
254 1248 325 1308 licet
338 1248 475 1308 creditori
487 1248 618 1308 vendere
629 1248 749 1308 nomina
760 1249 938 1322 debitorum,
949 1248 1013 1308 sive
1022 1248 1116 1310 chiro

94 1339 226 1414 grapba3
243 1343 272 1397 et
284 1337 354 1398 licat
374 1338 520 1398 advocato
535 1338 663 1398 vendere
678 1339 791 1414 justum
805 1339 1011 1414 patrocinium,
1026 1343 1056 1398 et
1067 1337 1117 1413 jn·

93 1426 272 1488 risconsulto
282 1428 396 1503 justum
409 1425 565 1486 consilium
578 1432 629 1500 (l).
645 1425 703 1486 Sed
720 1427 859 1487 nonlicet
874 1427 967 1502 judici
984 1426 1116 1486 vendere

91 1517 205 1590 iustum
214 1514 369 1592 judicium,
393 1532 451 1575 nec
470 1515 538 1575 testi
550 1530 655 1575 verum
668 1515 869 1576 testimonium
889 1519 946 1588 (2);
966 1514 1117 1575 nonlicet

93 1603 225 1662 vendere
239 1619 288 1662 res
302 1619 404 1663 sacras
417 1602 455 1662 ad
473 1603 622 1678 privatum
635 1619 723 1662 usum
746 1608 785 1678 (3)
797 1622 804 1677 ;
820 1621 882 1663 non
903 1603 972 1664 licet
985 1603 1117 1664 vendere

93 1691 186 1752 libros
199 1690 373 1766 improbatae
383 1689 518 1751 lectionis
531 1694 582 1764 (l),
593 1708 651 1751 nec
662 1707 754 1766 arms,
767 1709 868 1766 naves,
876 1698 910 1752 ‘et
921 1692 978 1751 alia
990 1696 1116 1752 Sarace-

94 1780 140 1841 nis
155 1780 357 1842 inlensisaimis
372 1779 602 1840 Christianorum
616 1781 751 1842 hostibus
769 1785 827 1854 (5);
842 1799 903 1842 non
919 1782 989 1841 lieet
1010 1797 1117 1840 mona·

94 1869 203 1944 storiis,
221 1878 251 1930 et
263 1869 446 1930 beneficiatis
459 1869 589 1930 vendere
603 1885 708 1930 eorum
718 1871 832 1930 fructus
845 1871 886 1931 ad
898 1871 1022 1946 longum
1036 1876 1115 1930 tem-

93 1975 150 2034 pus
163 1963 220 2032 (6);
241 1976 298 2019 nec
310 1960 381 2019 olim
395 1957 502 2019 licebat
516 1958 643 2018 vendere
657 1975 706 2018 res
719 1958 835 2032 noxias,
851 1965 881 2018 et
898 1959 1067 2036 pestiferas,
1083 1967 1115 2019 et

92 2048 171 2107 mala
189 2065 306 2108 venena
323 2065 361 2108 ex
383 2046 575 2123 dispositione
598 2047 687 2108 etiam
698 2046 772 2122 iuris
792 2046 885 2108 civilis
901 2051 941 2121 (7)
960 2067 967 2108 :
988 2063 1045 2107 uec
1058 2048 1114 2108 lio-

93 2136 141 2196 die
159 2136 275 2198 clericis
293 2137 363 2198 licet
384 2151 483 2197 emere
506 2135 683 2214 generaliter
701 2141 731 2196 et
749 2135 881 2198 vendere
902 2135 1112 2214 negotiationis

93 2239 184 2284 causa
200 2228 251 2297 (8).

123 2393 160 2462 (l)
175 2393 241 2446 Cau.
260 2395 299 2454 71.
310 2407 334 2447 c.
352 2394 389 2454 tt,
401 2409 428 2461 q.
440 2394 463 2446 3.
477 2421 508 2432 -
520 2393 556 2460 (l)
570 2393 634 2446 (lan.
652 2393 689 2453 15.
704 2407 727 2445 c.
744 2392 781 2458 ll,
795 2407 823 2460 q.
837 2393 859 2446 5.
871 2415 903 2432 ‹—
918 2393 949 2458 (3)
961 2393 1039 2446 Ratio
1054 2396 1108 2455 est,

93 2466 156 2530 quia
173 2479 217 2518 res
230 2479 315 2518 saorra
329 2465 412 2517 divini
423 2467 494 2530 juris
507 2464 609 2518 ellsotae
621 2477 680 2516 osse
696 2471 848 2517 censentur.
867 2465 931 2529 Gap.
949 2465 977 2515 51
998 2465 1033 2516 de
1046 2479 1105 2532 reg.

88 2538 143 2604 jur.
154 2537 183 2587 iu
196 2536 220 2588 6.
239 2563 272 2576 -
284 2537 320 2602 (l)
339 2537 406 2601 Reg.
421 2536 531 2589 ld.·lnd.
547 2537 595 2587 lib.
609 2536 714 2601 prohib.
728 2563 756 2573 -
768 2536 804 2600 (5)
824 2536 889 2600 Gap.
908 2535 933 2598 6,
947 2536 973 2588 lt
989 2541 1018 2587 et
1032 2537 1060 2586 l'l
1074 2537 1111 2590 de

89 2606 177 2660 ludae.
189 2634 218 2646 -
234 2607 269 2672 (ii)
284 2608 343 2660 Bul.
360 2607 520 2660 Universolis
532 2605 641 2659 andeste
655 2606 792 2658 Benedicti
806 2607 880 2658 XIV.
894 2633 925 2644 —
939 2607 974 2672 (7)
987 2607 1109 2660 Heiuec·

90 2679 148 2733 cius
163 2679 192 2730 in
206 2680 281 2731 reoit.
294 2679 370 2743 psol.
385 2707 416 2718 —
429 2679 463 2744 (8)
477 2679 540 2745 Gap.
556 2679 604 2730 ult.
616 2677 649 2730 de
662 2678 709 2730 vit.
724 2681 755 2730 et·
766 2678 871 2730 honest.
885 2676 949 2730 cler.
966 2683 993 2730 et
1009 2691 1070 2744 cap.
1082 2678 1108 2742 6,

90 2747 199 2806 necler.
211 2749 254 2802 vel
269 2763 339 2802 mon.
356 2753 408 2802 etc.

123 2955 186 3014 tm.
206 2951 334 3012 Pretium
347 2969 418 3014 vero
440 2953 530 3014 debet
547 2952 709 3012 consistere
728 2951 760 3010 in
782 2951 909 3027 pecunia
929 2957 1104 3026 numerata;

88 3056 158 3098 nam
169 3038 194 3098 si
208 3039 265 3099 alia
278 3057 327 3099 res
340 3059 394 3116 pro
408 3042 503 3117 pretio
524 3041 654 3112 daretur,
668 3055 730 3098 non
744 3040 820 3100 foret
834 3040 944 3115 emptio
958 3039 1106 3116 venditio,

87 3129 140 3188 sed
158 3129 348 3204 permutatim
364 3129 452 3190 debet
462 3147 528 3190 esse
538 3145 643 3190 verum
654 3121 711 3187 non
727 3128 914 3188 simulatum:
930 3128 1000 3188 hine
1015 3133 1110 3189 luno·

87 3218 201 3278 centius
222 3221 258 3276 lll
282 3218 452 3293 reprobavit
474 3213 659 3278 contractum
677 3216 835 3293 emptionis
859 3216 1046 3293 venditionis
1071 3218 1104 3277 iu

86 3323 146 3382 quo
160 3324 215 3383 pro
229 3289 326 3382 pretio
342 3305 445 3366 datum
458 3307 553 3366 luerat
571 3315 708 3367 mutuum
725 3310 765 3381 (l)
780 3323 787 3378 ς
804 3305 891 3364 debet
906 3322 971 3366 esse
986 3312 1106 3367 certum

83 3413 136 3470 per
156 3413 196 3467 so,
211 3396 259 3456 vel
279 3411 332 3471 per
353 3393 526 3454 relationem
545 3395 584 3454 od
605 3393 689 3454 atiud
705 3395 752 3454 vel
774 3411 827 3470 per
849 3393 1004 3454 arbitrium
1024 3395 1104 3454 tertii

85 3482 290 3544 determinati:
307 3491 422 3543 certum
441 3500 494 3558 per
507 3499 540 3542 se
559 3488 614 3555 est,
630 3483 710 3559 quod
730 3481 866 3542 statuitur
889 3499 907 3540 a
927 3483 1005 3558 lege,
1023 3484 1107 3542 vela

82 3570 265 3648 magistratu,
279 3573 378 3635 veleb
395 3571 467 3648 ipsis
480 3569 722 3633 contrahentibus
735 3589 743 3648 ς
763 3576 879 3635 certum
898 3577 945 3636 est
956 3587 1011 3648 per
1024 3561 1107 3632 rela-
