<?xml version="1.0" encoding="UTF-8"?>
<!DOCTYPE html PUBLIC "-//W3C//DTD XHTML 1.0 Transitional//EN"
    "http://www.w3.org/TR/xhtml1/DTD/xhtml1-transitional.dtd">
<html xmlns="http://www.w3.org/1999/xhtml" xml:lang="en" lang="en">
 <head>
  <title>
</title>
<meta http-equiv="Content-Type" content="text/html;charset=utf-8" />
  <meta name='ocr-system' content='tesseract 3.04.00' />
  <meta name='ocr-capabilities' content='ocr_page ocr_carea ocr_par ocr_line ocrx_word'/>
</head>
<body>
  <div class='ocr_page' id='page_1' title='image "./summainstitutio01ferrgoog_0050.png"; bbox 0 0 2494 4062; ppageno 0'>
   <div class='ocr_carea' id='block_1_1' title="bbox 91 197 1087 478">
    <p class='ocr_par' dir='ltr' id='par_1_1' title="bbox 91 197 1087 478">
     <span class='ocr_line' id='line_1_1' title="bbox 509 197 646 254; baseline -0.007 -16"><span class='ocrx_word' id='word_1_1' title='bbox 509 223 541 238; x_wconf 85' lang='lat'>..</span> <span class='ocrx_word' id='word_1_2' title='bbox 560 197 595 254; x_wconf 82' lang='lat'>39</span> <span class='ocrx_word' id='word_1_3' title='bbox 615 223 646 237; x_wconf 92' lang='lat'>..</span> 
     </span>
     <span class='ocr_line' id='line_1_2' title="bbox 95 315 1087 464; baseline 0.01 -90"><span class='ocrx_word' id='word_1_4' title='bbox 95 319 170 464; x_wconf 52' lang='lat' dir='ltr'>ticeni)</span> <span class='ocrx_word' id='word_1_5' title='bbox 179 316 368 418; x_wconf 71' lang='lat' dir='ltr'>Potquadriu,</span> <span class='ocrx_word' id='word_1_6' title='bbox 384 315 495 378; x_wconf 87' lang='lat' dir='ltr'>scilicet</span> <span class='ocrx_word' id='word_1_7' title='bbox 517 319 731 408; x_wconf 84' lang='lat' dir='ltr'>concubinatus</span> <span class='ocrx_word' id='word_1_8' title='bbox 745 319 840 390; x_wconf 67' lang='lat' dir='ltr'>,unius</span> <span class='ocrx_word' id='word_1_9' title='bbox 864 317 995 382; x_wconf 86' lang='lat' dir='ltr'>mulieris</span> <span class='ocrx_word' id='word_1_10' title='bbox 1018 335 1087 384; x_wconf 87' lang='lat' dir='ltr'>cum</span> 
     </span>
     <span class='ocr_line' id='line_1_3' title="bbox 91 420 296 478; baseline 0.01 -14"><span class='ocrx_word' id='word_1_11' title='bbox 91 420 144 478; x_wconf 88' lang='lat' dir='ltr'>pur</span> <span class='ocrx_word' id='word_1_12' title='bbox 170 423 204 464; x_wconf 91' lang='lat' dir='ltr'>us</span> <span class='ocrx_word' id='word_1_13' title='bbox 216 423 296 466; x_wconf 82' lang='lat' dir='ltr'>viris.</span> 
     </span>
    </p>
   </div>
   <div class='ocr_carea' id='block_1_2' title="bbox 76 553 1132 2044">
    <p class='ocr_par' dir='ltr' id='par_1_2' title="bbox 76 553 1132 2044">
     <span class='ocr_line' id='line_1_4' title="bbox 114 553 1085 628; baseline 0.008 -24"><span class='ocrx_word' id='word_1_14' title='bbox 114 553 142 616; x_wconf 88' lang='lat' dir='ltr'>(t)</span> <span class='ocrx_word' id='word_1_15' title='bbox 151 554 266 606; x_wconf 85' lang='lat' dir='ltr'>Dicimus</span> <span class='ocrx_word' id='word_1_16' title='bbox 276 555 357 606; x_wconf 89' lang='lat' dir='ltr'>etiam</span> <span class='ocrx_word' id='word_1_17' title='bbox 367 554 537 624; x_wconf 69' lang='lat' dir='ltr'>Gonjmiam,</span> <span class='ocrx_word' id='word_1_18' title='bbox 551 558 615 624; x_wconf 89' lang='lat' dir='ltr'>quia</span> <span class='ocrx_word' id='word_1_19' title='bbox 625 557 679 628; x_wconf 80' lang='lat' dir='ltr'>-sub</span> <span class='ocrx_word' id='word_1_20' title='bbox 689 571 742 608; x_wconf 92' lang='lat' dir='ltr'>uno</span> <span class='ocrx_word' id='word_1_21' title='bbox 755 557 865 617; x_wconf 83' lang='lat' dir='ltr'>loedere,</span> <span class='ocrx_word' id='word_1_22' title='bbox 878 557 961 610; x_wconf 81' lang='lat' dir='ltr'>veluti</span> <span class='ocrx_word' id='word_1_23' title='bbox 972 559 1022 612; x_wconf 87' lang='lat' dir='ltr'>sub</span> <span class='ocrx_word' id='word_1_24' title='bbox 1032 573 1085 612; x_wconf 88' lang='lat' dir='ltr'>uno</span> 
     </span>
     <span class='ocr_line' id='line_1_5' title="bbox 89 625 1132 696; baseline 0.011 -23"><span class='ocrx_word' id='word_1_25' title='bbox 89 625 138 689; x_wconf 76' lang='lat' dir='ltr'>jugo</span> <span class='ocrx_word' id='word_1_26' title='bbox 152 626 189 676; x_wconf 85' lang='lat' dir='ltr'>vir</span> <span class='ocrx_word' id='word_1_27' title='bbox 205 633 231 678; x_wconf 87' lang='lat' dir='ltr'>et</span> <span class='ocrx_word' id='word_1_28' title='bbox 245 627 343 678; x_wconf 86' lang='lat' dir='ltr'>mulier</span> <span class='ocrx_word' id='word_1_29' title='bbox 359 631 565 692; x_wconf 85' lang='lat' dir='ltr'>conjunguntur.</span> <span class='ocrx_word' id='word_1_30' title='bbox 585 629 705 681; x_wconf 81' lang='lat' dir='ltr'><strong>Dicimus</strong></span> <span class='ocrx_word' id='word_1_31' title='bbox 720 626 893 692; x_wconf 78' lang='lat' dir='ltr'>Cannutium,</span> <span class='ocrx_word' id='word_1_32' title='bbox 910 631 952 681; x_wconf 85' lang='lat' dir='ltr'>val</span> <span class='ocrx_word' id='word_1_33' title='bbox 966 633 1085 696; x_wconf 78' lang='lat' dir='ltr'>nuptias,</span> <span class='ocrx_word' id='word_1_34' title='bbox 1127 669 1132 678; x_wconf 89' lang='lat'><em>.</em></span> 
     </span>
     <span class='ocr_line' id='line_1_6' title="bbox 92 696 1083 767; baseline 0.011 -24"><span class='ocrx_word' id='word_1_35' title='bbox 92 696 138 759; x_wconf 90' lang='lat' dir='ltr'>quia</span> <span class='ocrx_word' id='word_1_36' title='bbox 148 697 276 748; x_wconf 88' lang='lat' dir='ltr'>valamine</span> <span class='ocrx_word' id='word_1_37' title='bbox 299 699 414 764; x_wconf 86' lang='lat' dir='ltr'>quodem</span> <span class='ocrx_word' id='word_1_38' title='bbox 434 700 511 764; x_wconf 87' lang='lat' dir='ltr'>quasi</span> <span class='ocrx_word' id='word_1_39' title='bbox 524 701 595 759; x_wconf 85' lang='lat' dir='ltr'>nube</span> <span class='ocrx_word' id='word_1_40' title='bbox 609 701 785 765; x_wconf 70' lang='lat' dir='ltr'>obtegebatur</span> <span class='ocrx_word' id='word_1_41' title='bbox 795 700 858 751; x_wconf 88' lang='lat' dir='ltr'>olim</span> <span class='ocrx_word' id='word_1_42' title='bbox 872 702 946 764; x_wconf 71' lang='lat' dir='ltr'>virgo</span> <span class='ocrx_word' id='word_1_43' title='bbox 959 709 1083 767; x_wconf 84' lang='lat' dir='ltr'>nuptura.</span> 
     </span>
     <span class='ocr_line' id='line_1_7' title="bbox 92 765 1084 837; baseline 0.006 -21"><span class='ocrx_word' id='word_1_44' title='bbox 92 765 252 820; x_wconf 86' lang='lat' dir='ltr'>Hodietamen</span> <span class='ocrx_word' id='word_1_45' title='bbox 268 771 424 835; x_wconf 80' lang='lat' dir='ltr'><strong>nuptiarum</strong></span> <span class='ocrx_word' id='word_1_46' title='bbox 438 772 546 822; x_wconf 86' lang='lat' dir='ltr'>nomine</span> <span class='ocrx_word' id='word_1_47' title='bbox 562 771 722 836; x_wconf 80' lang='lat' dir='ltr'>intelligitur</span> <span class='ocrx_word' id='word_1_48' title='bbox 738 771 785 822; x_wconf 88' lang='lat' dir='ltr'>ille</span> <span class='ocrx_word' id='word_1_49' title='bbox 796 772 911 822; x_wconf 83' lang='lat' dir='ltr'>exterior</span> <span class='ocrx_word' id='word_1_50' title='bbox 921 773 1084 837; x_wconf 75' lang='lat' dir='ltr'>solemnitas,</span> 
     </span>
     <span class='ocr_line' id='line_1_8' title="bbox 90 841 1081 908; baseline 0.006 -20"><span class='ocrx_word' id='word_1_51' title='bbox 90 851 134 902; x_wconf 84' lang='lat' dir='ltr'>que</span> <span class='ocrx_word' id='word_1_52' title='bbox 150 841 347 892; x_wconf 78' lang='lat' dir='ltr'>matrimonium</span> <span class='ocrx_word' id='word_1_53' title='bbox 362 841 511 904; x_wconf 86' lang='lat' dir='ltr'>comitatur,</span> <span class='ocrx_word' id='word_1_54' title='bbox 532 856 645 908; x_wconf 81' lang='lat' dir='ltr'>quaequa</span> <span class='ocrx_word' id='word_1_55' title='bbox 667 850 786 908; x_wconf 89' lang='lat' dir='ltr'>tempore</span> <span class='ocrx_word' id='word_1_56' title='bbox 801 842 947 902; x_wconf 77' lang='lat' dir='ltr'>Adventus,</span> <span class='ocrx_word' id='word_1_57' title='bbox 962 847 989 896; x_wconf 90' lang='lat' dir='ltr'>et</span> <span class='ocrx_word' id='word_1_58' title='bbox 1011 844 1081 905; x_wconf 82' lang='lat' dir='ltr'>Qua·</span> 
     </span>
     <span class='ocr_line' id='line_1_9' title="bbox 87 909 1081 978; baseline 0.006 -20"><span class='ocrx_word' id='word_1_59' title='bbox 87 909 223 975; x_wconf 82' lang='lat' dir='ltr'>dragesimae</span> <span class='ocrx_word' id='word_1_60' title='bbox 236 918 278 963; x_wconf 88' lang='lat' dir='ltr'>est</span> <span class='ocrx_word' id='word_1_61' title='bbox 295 927 312 962; x_wconf 89' lang='lat' dir='ltr'>a</span> <span class='ocrx_word' id='word_1_62' title='bbox 329 914 391 976; x_wconf 89' lang='lat' dir='ltr'>jure</span> <span class='ocrx_word' id='word_1_63' title='bbox 408 913 555 972; x_wconf 86' lang='lat' dir='ltr'>interdicta,</span> <span class='ocrx_word' id='word_1_64' title='bbox 572 913 634 964; x_wconf 87' lang='lat' dir='ltr'>licet</span> <span class='ocrx_word' id='word_1_65' title='bbox 648 913 698 965; x_wconf 91' lang='lat' dir='ltr'>hoo</span> <span class='ocrx_word' id='word_1_66' title='bbox 715 921 834 978; x_wconf 65' lang='lat' dir='ltr'>empore</span> <span class='ocrx_word' id='word_1_67' title='bbox 848 928 880 964; x_wconf 86' lang='lat' dir='ltr'>ex</span> <span class='ocrx_word' id='word_1_68' title='bbox 896 914 1002 966; x_wconf 88' lang='lat' dir='ltr'>licentia</span> <span class='ocrx_word' id='word_1_69' title='bbox 1016 914 1081 978; x_wconf 85' lang='lat' dir='ltr'>Epi·</span> 
     </span>
     <span class='ocr_line' id='line_1_10' title="bbox 87 980 1083 1050; baseline 0.008 -22"><span class='ocrx_word' id='word_1_70' title='bbox 87 983 145 1045; x_wconf 86' lang='lat' dir='ltr'>scopi</span> <span class='ocrx_word' id='word_1_71' title='bbox 157 983 238 1048; x_wconf 86' lang='lat' dir='ltr'>possit</span> <span class='ocrx_word' id='word_1_72' title='bbox 252 983 376 1034; x_wconf 90' lang='lat' dir='ltr'>contrahi</span> <span class='ocrx_word' id='word_1_73' title='bbox 398 985 607 1035; x_wconf 86' lang='lat' dir='ltr'>matrimonium.</span> <span class='ocrx_word' id='word_1_74' title='bbox 623 985 742 1036; x_wconf 89' lang='lat' dir='ltr'>Dicimus</span> <span class='ocrx_word' id='word_1_75' title='bbox 766 987 873 1036; x_wconf 84' lang='lat' dir='ltr'>demum</span> <span class='ocrx_word' id='word_1_76' title='bbox 892 980 1035 1050; x_wconf 72' lang='lat' dir='ltr'>sponsalia</span> <span class='ocrx_word' id='word_1_77' title='bbox 1052 983 1083 1036; x_wconf 77' lang='lat' dir='ltr'>de</span> 
     </span>
     <span class='ocr_line' id='line_1_11' title="bbox 84 1053 1098 1120; baseline 0.004 -18"><span class='ocrx_word' id='word_1_78' title='bbox 84 1053 197 1117; x_wconf 74' lang='lat' dir='ltr'>maseati,</span> <span class='ocrx_word' id='word_1_79' title='bbox 208 1054 272 1118; x_wconf 86' lang='lat' dir='ltr'>quia</span> <span class='ocrx_word' id='word_1_80' title='bbox 284 1067 406 1119; x_wconf 79' lang='lat' dir='ltr'>praesens</span> <span class='ocrx_word' id='word_1_81' title='bbox 416 1056 562 1118; x_wconf 88' lang='lat' dir='ltr'>spondetur</span> <span class='ocrx_word' id='word_1_82' title='bbox 574 1056 782 1112; x_wconf 87' lang='lat' dir='ltr'>matrimonium,</span> <span class='ocrx_word' id='word_1_83' title='bbox 794 1063 820 1106; x_wconf 89' lang='lat' dir='ltr'>et</span> <span class='ocrx_word' id='word_1_84' title='bbox 834 1054 986 1106; x_wconf 79' lang='lat' dir='ltr'>differunta</span> <span class='ocrx_word' id='word_1_85' title='bbox 1001 1069 1081 1120; x_wconf 91' lang='lat' dir='ltr'>spon·</span> <span class='ocrx_word' id='word_1_86' title='bbox 1097 1059 1098 1064; x_wconf 78' lang='grc'>’</span> 
     </span>
     <span class='ocr_line' id='line_1_12' title="bbox 85 1123 1098 1190; baseline 0.005 -19"><span class='ocrx_word' id='word_1_87' title='bbox 85 1123 166 1174; x_wconf 85' lang='lat' dir='ltr'>salibus</span> <span class='ocrx_word' id='word_1_88' title='bbox 177 1126 209 1176; x_wconf 88' lang='lat' dir='ltr'>da</span> <span class='ocrx_word' id='word_1_89' title='bbox 223 1125 326 1189; x_wconf 84' lang='lat' dir='ltr'>tuturo,</span> <span class='ocrx_word' id='word_1_90' title='bbox 341 1126 369 1175; x_wconf 89' lang='lat' dir='ltr'>in</span> <span class='ocrx_word' id='word_1_91' title='bbox 384 1126 482 1190; x_wconf 88' lang='lat' dir='ltr'>quibus</span> <span class='ocrx_word' id='word_1_92' title='bbox 501 1127 620 1177; x_wconf 88' lang='lat' dir='ltr'>tutorum</span> <span class='ocrx_word' id='word_1_93' title='bbox 637 1132 740 1177; x_wconf 88' lang='lat' dir='ltr'>tantum</span> <span class='ocrx_word' id='word_1_94' title='bbox 755 1127 954 1177; x_wconf 82' lang='lat' dir='ltr'>matrimonium</span> <span class='ocrx_word' id='word_1_95' title='bbox 968 1126 1098 1190; x_wconf 69' lang='lat' dir='ltr'>sponde·</span> 
     </span>
     <span class='ocr_line' id='line_1_13' title="bbox 84 1193 1081 1262; baseline 0.008 -22"><span class='ocrx_word' id='word_1_96' title='bbox 84 1193 125 1250; x_wconf 87' lang='lat' dir='ltr'>tur.</span> <span class='ocrx_word' id='word_1_97' title='bbox 140 1201 166 1246; x_wconf 89' lang='lat' dir='ltr'>ut</span> <span class='ocrx_word' id='word_1_98' title='bbox 179 1196 248 1248; x_wconf 85' lang='lat' dir='ltr'>inira</span> <span class='ocrx_word' id='word_1_99' title='bbox 262 1196 416 1248; x_wconf 89' lang='lat' dir='ltr'>videbimus</span> <span class='ocrx_word' id='word_1_100' title='bbox 431 1225 457 1234; x_wconf 86' lang='lat'>-</span> <span class='ocrx_word' id='word_1_101' title='bbox 472 1198 507 1262; x_wconf 76' lang='lat' dir='ltr'>(t)</span> <span class='ocrx_word' id='word_1_102' title='bbox 523 1199 680 1249; x_wconf 87' lang='lat' dir='ltr'>Contractus</span> <span class='ocrx_word' id='word_1_103' title='bbox 695 1198 739 1248; x_wconf 89' lang='lat' dir='ltr'>hic</span> <span class='ocrx_word' id='word_1_104' title='bbox 756 1199 862 1258; x_wconf 85' lang='lat' dir='ltr'>sufficit,</span> <span class='ocrx_word' id='word_1_105' title='bbox 875 1203 905 1248; x_wconf 91' lang='lat' dir='ltr'>ut</span> <span class='ocrx_word' id='word_1_106' title='bbox 918 1200 953 1249; x_wconf 87' lang='lat' dir='ltr'>sit</span> <span class='ocrx_word' id='word_1_107' title='bbox 969 1201 1081 1248; x_wconf 88' lang='lat' dir='ltr'>natura·</span> 
     </span>
     <span class='ocr_line' id='line_1_14' title="bbox 84 1261 1082 1334; baseline 0.009 -23"><span class='ocrx_word' id='word_1_108' title='bbox 84 1261 117 1322; x_wconf 90' lang='lat' dir='ltr'>lis,</span> <span class='ocrx_word' id='word_1_109' title='bbox 131 1280 175 1317; x_wconf 87' lang='lat' dir='ltr'>uec</span> <span class='ocrx_word' id='word_1_110' title='bbox 189 1268 278 1319; x_wconf 90' lang='lat' dir='ltr'>civilis</span> <span class='ocrx_word' id='word_1_111' title='bbox 293 1267 458 1332; x_wconf 78' lang='lat' dir='ltr'>requiritur:</span> <span class='ocrx_word' id='word_1_112' title='bbox 478 1283 540 1319; x_wconf 89' lang='lat' dir='ltr'>nam</span> <span class='ocrx_word' id='word_1_113' title='bbox 556 1269 678 1320; x_wconf 88' lang='lat' dir='ltr'>Christus</span> <span class='ocrx_word' id='word_1_114' title='bbox 698 1273 787 1320; x_wconf 80' lang='lat' dir='ltr'>evexit</span> <span class='ocrx_word' id='word_1_115' title='bbox 805 1269 839 1320; x_wconf 87' lang='lat' dir='ltr'>ad</span> <span class='ocrx_word' id='word_1_116' title='bbox 860 1269 1016 1334; x_wconf 77' lang='lat' dir='ltr'>dignitatem</span> <span class='ocrx_word' id='word_1_117' title='bbox 1039 1281 1082 1320; x_wconf 86' lang='lat' dir='ltr'>sa·</span> 
     </span>
     <span class='ocr_line' id='line_1_15' title="bbox 84 1338 1082 1404; baseline 0.008 -22"><span class='ocrx_word' id='word_1_118' title='bbox 84 1339 191 1388; x_wconf 86' lang='lat' dir='ltr'>crementi</span> <span class='ocrx_word' id='word_1_119' title='bbox 207 1338 286 1388; x_wconf 90' lang='lat' dir='ltr'>illum</span> <span class='ocrx_word' id='word_1_120' title='bbox 309 1339 476 1390; x_wconf 87' lang='lat' dir='ltr'>matrimonii·</span> <span class='ocrx_word' id='word_1_121' title='bbox 496 1345 670 1404; x_wconf 88' lang='lat' dir='ltr'>contractum,</span> <span class='ocrx_word' id='word_1_122' title='bbox 696 1341 742 1404; x_wconf 92' lang='lat' dir='ltr'>qui</span> <span class='ocrx_word' id='word_1_123' title='bbox 765 1341 882 1404; x_wconf 90' lang='lat' dir='ltr'>primum</span> <span class='ocrx_word' id='word_1_124' title='bbox 907 1340 933 1390; x_wconf 90' lang='lat' dir='ltr'>in</span> <span class='ocrx_word' id='word_1_125' title='bbox 957 1339 1082 1404; x_wconf 86' lang='lat' dir='ltr'>paradiso</span> 
     </span>
     <span class='ocr_line' id='line_1_16' title="bbox 82 1409 1081 1475; baseline 0.005 -20"><span class='ocrx_word' id='word_1_126' title='bbox 82 1410 185 1458; x_wconf 81' lang='lat' dir='ltr'>terrestri</span> <span class='ocrx_word' id='word_1_127' title='bbox 199 1409 284 1460; x_wconf 91' lang='lat' dir='ltr'>initus</span> <span class='ocrx_word' id='word_1_128' title='bbox 309 1410 373 1470; x_wconf 86' lang='lat' dir='ltr'>iuit;</span> <span class='ocrx_word' id='word_1_129' title='bbox 395 1415 421 1460; x_wconf 90' lang='lat' dir='ltr'>at</span> <span class='ocrx_word' id='word_1_130' title='bbox 445 1412 490 1461; x_wconf 88' lang='lat' dir='ltr'>illa</span> <span class='ocrx_word' id='word_1_131' title='bbox 511 1416 664 1462; x_wconf 86' lang='lat' dir='ltr'>contractus</span> <span class='ocrx_word' id='word_1_132' title='bbox 686 1411 845 1475; x_wconf 87' lang='lat' dir='ltr'>simpliciter</span> <span class='ocrx_word' id='word_1_133' title='bbox 865 1411 916 1462; x_wconf 84' lang='lat' dir='ltr'>fuit</span> <span class='ocrx_word' id='word_1_134' title='bbox 939 1409 1081 1472; x_wconf 87' lang='lat' dir='ltr'>naturalis,</span> 
     </span>
     <span class='ocr_line' id='line_1_17' title="bbox 82 1478 1083 1548; baseline 0.003 -21"><span class='ocrx_word' id='word_1_135' title='bbox 82 1478 131 1541; x_wconf 89' lang='lat' dir='ltr'>quia</span> <span class='ocrx_word' id='word_1_136' title='bbox 142 1481 221 1532; x_wconf 80' lang='lat' dir='ltr'>uullae</span> <span class='ocrx_word' id='word_1_137' title='bbox 237 1482 310 1546; x_wconf 82' lang='lat' dir='ltr'>leges</span> <span class='ocrx_word' id='word_1_138' title='bbox 326 1481 418 1532; x_wconf 87' lang='lat' dir='ltr'>civiles</span> <span class='ocrx_word' id='word_1_139' title='bbox 433 1482 582 1532; x_wconf 83' lang='lat' dir='ltr'>exstabant.</span> <span class='ocrx_word' id='word_1_140' title='bbox 598 1482 711 1548; x_wconf 88' lang='lat' dir='ltr'>Insuper</span> <span class='ocrx_word' id='word_1_141' title='bbox 727 1483 851 1534; x_wconf 84' lang='lat' dir='ltr'>Christus</span> <span class='ocrx_word' id='word_1_142' title='bbox 864 1482 978 1548; x_wconf 76' lang='lat' dir='ltr'>gratiam</span> <span class='ocrx_word' id='word_1_143' title='bbox 993 1481 1083 1532; x_wconf 87' lang='lat' dir='ltr'>matri·</span> 
     </span>
     <span class='ocr_line' id='line_1_18' title="bbox 80 1551 1081 1619; baseline 0.005 -23"><span class='ocrx_word' id='word_1_144' title='bbox 80 1551 152 1601; x_wconf 87' lang='lat' dir='ltr'>nonio</span> <span class='ocrx_word' id='word_1_145' title='bbox 173 1555 278 1615; x_wconf 88' lang='lat' dir='ltr'>tribuit,</span> <span class='ocrx_word' id='word_1_146' title='bbox 299 1567 356 1618; x_wconf 75' lang='lat' dir='ltr'>quae</span> <span class='ocrx_word' id='word_1_147' title='bbox 380 1553 535 1606; x_wconf 79' lang='lat' dir='ltr'>naturalem</span> <span class='ocrx_word' id='word_1_148' title='bbox 554 1551 630 1605; x_wconf 83' lang='lat' dir='ltr'>titum</span> <span class='ocrx_word' id='word_1_149' title='bbox 651 1567 769 1605; x_wconf 80' lang='lat' dir='ltr'>umorem</span> <span class='ocrx_word' id='word_1_150' title='bbox 786 1553 930 1619; x_wconf 65' lang='lat' dir='ltr'>perficeret.</span> <span class='ocrx_word' id='word_1_151' title='bbox 950 1552 1024 1604; x_wconf 87' lang='lat' dir='ltr'>Trtd.</span> <span class='ocrx_word' id='word_1_152' title='bbox 1052 1553 1081 1602; x_wconf 92' lang='lat' dir='ltr'>in</span> 
     </span>
     <span class='ocr_line' id='line_1_19' title="bbox 79 1617 1079 1689; baseline 0.004 -19"><span class='ocrx_word' id='word_1_153' title='bbox 79 1617 137 1672; x_wconf 82' lang='lat' dir='ltr'>Sess.</span> <span class='ocrx_word' id='word_1_154' title='bbox 149 1624 186 1684; x_wconf 79' lang='lat' dir='ltr'>lt,</span> <span class='ocrx_word' id='word_1_155' title='bbox 201 1628 229 1674; x_wconf 92' lang='lat' dir='ltr'>iu</span> <span class='ocrx_word' id='word_1_156' title='bbox 244 1625 319 1675; x_wconf 88' lang='lat' dir='ltr'>doct.</span> <span class='ocrx_word' id='word_1_157' title='bbox 341 1625 374 1674; x_wconf 92' lang='lat' dir='ltr'>de</span> <span class='ocrx_word' id='word_1_158' title='bbox 384 1639 439 1676; x_wconf 89' lang='lat' dir='ltr'>sec.</span> <span class='ocrx_word' id='word_1_159' title='bbox 453 1631 516 1675; x_wconf 84' lang='lat' dir='ltr'>mut.</span> <span class='ocrx_word' id='word_1_160' title='bbox 537 1626 607 1689; x_wconf 83' lang='lat' dir='ltr'>Ergo</span> <span class='ocrx_word' id='word_1_161' title='bbox 623 1625 821 1675; x_wconf 85' lang='lat' dir='ltr'>matrimonium</span> <span class='ocrx_word' id='word_1_162' title='bbox 840 1626 866 1675; x_wconf 93' lang='lat' dir='ltr'>iu</span> <span class='ocrx_word' id='word_1_163' title='bbox 881 1628 1017 1675; x_wconf 87' lang='lat' dir='ltr'>contractu</span> <span class='ocrx_word' id='word_1_164' title='bbox 1031 1637 1079 1674; x_wconf 87' lang='lat' dir='ltr'>ua·</span> 
     </span>
     <span class='ocr_line' id='line_1_20' title="bbox 79 1693 1079 1761; baseline 0.006 -21"><span class='ocrx_word' id='word_1_165' title='bbox 79 1693 145 1742; x_wconf 84' lang='lat' dir='ltr'>terail</span> <span class='ocrx_word' id='word_1_166' title='bbox 157 1695 294 1746; x_wconf 82' lang='lat' dir='ltr'>tundetur.</span> <span class='ocrx_word' id='word_1_167' title='bbox 310 1696 338 1745; x_wconf 87' lang='lat' dir='ltr'>Si</span> <span class='ocrx_word' id='word_1_168' title='bbox 347 1709 410 1746; x_wconf 85' lang='lat' dir='ltr'>vero</span> <span class='ocrx_word' id='word_1_169' title='bbox 426 1697 616 1761; x_wconf 89' lang='lat' dir='ltr'>aquibusdam</span> <span class='ocrx_word' id='word_1_170' title='bbox 628 1694 790 1746; x_wconf 85' lang='lat' dir='ltr'>Doctoribus</span> <span class='ocrx_word' id='word_1_171' title='bbox 804 1696 848 1746; x_wconf 88' lang='lat' dir='ltr'>hic</span> <span class='ocrx_word' id='word_1_172' title='bbox 865 1700 1017 1746; x_wconf 88' lang='lat' dir='ltr'>contractus</span> <span class='ocrx_word' id='word_1_173' title='bbox 1032 1708 1079 1761; x_wconf 88' lang='lat' dir='ltr'>ap-</span> 
     </span>
     <span class='ocr_line' id='line_1_21' title="bbox 78 1762 1082 1830; baseline 0.005 -18"><span class='ocrx_word' id='word_1_174' title='bbox 78 1762 178 1824; x_wconf 85' lang='lat' dir='ltr'>pelletur</span> <span class='ocrx_word' id='word_1_175' title='bbox 192 1766 288 1824; x_wconf 82' lang='lat' dir='ltr'>civilis,</span> <span class='ocrx_word' id='word_1_176' title='bbox 301 1767 326 1816; x_wconf 92' lang='lat' dir='ltr'>id</span> <span class='ocrx_word' id='word_1_177' title='bbox 345 1767 373 1816; x_wconf 91' lang='lat' dir='ltr'>iit</span> <span class='ocrx_word' id='word_1_178' title='bbox 388 1768 419 1817; x_wconf 89' lang='lat' dir='ltr'>ad</span> <span class='ocrx_word' id='word_1_179' title='bbox 440 1767 596 1818; x_wconf 83' lang='lat' dir='ltr'>indicandos</span> <span class='ocrx_word' id='word_1_180' title='bbox 610 1766 677 1818; x_wconf 85' lang='lat' dir='ltr'>alios</span> <span class='ocrx_word' id='word_1_181' title='bbox 692 1765 801 1817; x_wconf 88' lang='lat' dir='ltr'>ellectus</span> <span class='ocrx_word' id='word_1_182' title='bbox 816 1767 988 1826; x_wconf 84' lang='lat' dir='ltr'>extrinsecos,</span> <span class='ocrx_word' id='word_1_183' title='bbox 1003 1766 1049 1830; x_wconf 90' lang='lat' dir='ltr'>qui</span> <span class='ocrx_word' id='word_1_184' title='bbox 1065 1780 1082 1817; x_wconf 91' lang='lat' dir='ltr'>a</span> 
     </span>
     <span class='ocr_line' id='line_1_22' title="bbox 77 1835 1081 1904; baseline 0.008 -22"><span class='ocrx_word' id='word_1_185' title='bbox 77 1835 228 1888; x_wconf 88' lang='lat' dir='ltr'>matrimonio</span> <span class='ocrx_word' id='word_1_186' title='bbox 245 1841 367 1896; x_wconf 86' lang='lat' dir='ltr'>manant,</span> <span class='ocrx_word' id='word_1_187' title='bbox 383 1843 413 1888; x_wconf 92' lang='lat' dir='ltr'>ut</span> <span class='ocrx_word' id='word_1_188' title='bbox 432 1847 493 1889; x_wconf 91' lang='lat' dir='ltr'>sunt</span> <span class='ocrx_word' id='word_1_189' title='bbox 503 1841 567 1904; x_wconf 84' lang='lat' dir='ltr'>jura</span> <span class='ocrx_word' id='word_1_190' title='bbox 591 1837 669 1899; x_wconf 87' lang='lat' dir='ltr'>dotis,</span> <span class='ocrx_word' id='word_1_191' title='bbox 687 1837 896 1896; x_wconf 80' lang='lat' dir='ltr'>successionum,</span> <span class='ocrx_word' id='word_1_192' title='bbox 914 1837 1081 1902; x_wconf 82' lang='lat' dir='ltr'>aliorumque</span> 
     </span>
     <span class='ocr_line' id='line_1_23' title="bbox 76 1902 1080 1976; baseline 0.007 -23"><span class='ocrx_word' id='word_1_193' title='bbox 76 1902 191 1958; x_wconf 91' lang='lat' dir='ltr'>bonorum</span> <span class='ocrx_word' id='word_1_194' title='bbox 201 1909 404 1976; x_wconf 84' lang='lat' dir='ltr'>temporalium,</span> <span class='ocrx_word' id='word_1_195' title='bbox 419 1908 451 1959; x_wconf 86' lang='lat' dir='ltr'>ad</span> <span class='ocrx_word' id='word_1_196' title='bbox 466 1922 579 1974; x_wconf 89' lang='lat' dir='ltr'>quorum</span> <span class='ocrx_word' id='word_1_197' title='bbox 591 1909 837 1960; x_wconf 79' lang='lat' dir='ltr'>determinationem</span> <span class='ocrx_word' id='word_1_198' title='bbox 848 1913 920 1960; x_wconf 85' lang='lat' dir='ltr'>certe</span> <span class='ocrx_word' id='word_1_199' title='bbox 935 1909 1080 1972; x_wconf 87' lang='lat' dir='ltr'>requiritur</span> 
     </span>
     <span class='ocr_line' id='line_1_24' title="bbox 77 1979 1079 2044; baseline 0.006 -20"><span class='ocrx_word' id='word_1_200' title='bbox 77 1981 211 2030; x_wconf 87' lang='lat' dir='ltr'>contractus</span> <span class='ocrx_word' id='word_1_201' title='bbox 225 1980 325 2042; x_wconf 88' lang='lat' dir='ltr'>civilis,</span> <span class='ocrx_word' id='word_1_202' title='bbox 343 1979 399 2036; x_wconf 84' lang='lat' dir='ltr'>sira</span> <span class='ocrx_word' id='word_1_203' title='bbox 423 1979 579 2031; x_wconf 88' lang='lat' dir='ltr'>acivilibus</span> <span class='ocrx_word' id='word_1_204' title='bbox 600 1980 705 2044; x_wconf 78' lang='lat' dir='ltr'>legibus</span> <span class='ocrx_word' id='word_1_205' title='bbox 724 1980 860 2044; x_wconf 89' lang='lat' dir='ltr'>probatus.</span> <span class='ocrx_word' id='word_1_206' title='bbox 885 1981 1017 2032; x_wconf 76' lang='lat' dir='ltr'>Caeterum</span> <span class='ocrx_word' id='word_1_207' title='bbox 1035 1979 1079 2030; x_wconf 88' lang='lat' dir='ltr'>hio</span> 
     </span>
    </p>
   </div>
   <div class='ocr_carea' id='block_1_3' title="bbox 7 2050 1077 2115">
    <p class='ocr_par' dir='ltr' id='par_1_3' title="bbox 7 2050 1077 2115">
     <span class='ocr_line' id='line_1_25' title="bbox 7 2050 1077 2115; baseline 0.006 -19"><span class='ocrx_word' id='word_1_208' title='bbox 7 2101 8 2110; x_wconf 45' lang='lat'>,</span> <span class='ocrx_word' id='word_1_209' title='bbox 76 2055 210 2101; x_wconf 85' lang='lat' dir='ltr'>contractus</span> <span class='ocrx_word' id='word_1_210' title='bbox 225 2065 242 2102; x_wconf 91' lang='lat' dir='ltr'>a</span> <span class='ocrx_word' id='word_1_211' title='bbox 257 2051 365 2102; x_wconf 74' lang='lat' dir='ltr'>caeteris</span> <span class='ocrx_word' id='word_1_212' title='bbox 381 2051 443 2102; x_wconf 89' lang='lat' dir='ltr'>aliis</span> <span class='ocrx_word' id='word_1_213' title='bbox 465 2053 647 2102; x_wconf 87' lang='lat' dir='ltr'>contractibus</span> <span class='ocrx_word' id='word_1_214' title='bbox 671 2050 761 2102; x_wconf 89' lang='lat' dir='ltr'>dillert</span> <span class='ocrx_word' id='word_1_215' title='bbox 779 2053 807 2102; x_wconf 92' lang='lat' dir='ltr'>in</span> <span class='ocrx_word' id='word_1_216' title='bbox 832 2051 882 2104; x_wconf 87' lang='lat' dir='ltr'>hoc</span> <span class='ocrx_word' id='word_1_217' title='bbox 900 2051 1077 2115; x_wconf 88' lang='lat' dir='ltr'>potissimum,</span> 
     </span>
    </p>
   </div>
   <div class='ocr_carea' id='block_1_4' title="bbox 73 2120 1079 2544">
    <p class='ocr_par' dir='ltr' id='par_1_4' title="bbox 73 2120 1079 2544">
     <span class='ocr_line' id='line_1_26' title="bbox 76 2120 1079 2188; baseline 0.004 -19"><span class='ocrx_word' id='word_1_218' title='bbox 76 2120 133 2182; x_wconf 86' lang='lat' dir='ltr'>quod</span> <span class='ocrx_word' id='word_1_219' title='bbox 153 2124 293 2173; x_wconf 89' lang='lat' dir='ltr'>institutus</span> <span class='ocrx_word' id='word_1_220' title='bbox 308 2122 343 2172; x_wconf 89' lang='lat' dir='ltr'>sit</span> <span class='ocrx_word' id='word_1_221' title='bbox 356 2123 390 2172; x_wconf 87' lang='lat' dir='ltr'>ab</span> <span class='ocrx_word' id='word_1_222' title='bbox 413 2122 472 2187; x_wconf 87' lang='lat' dir='ltr'>ipso</span> <span class='ocrx_word' id='word_1_223' title='bbox 495 2123 559 2184; x_wconf 86' lang='lat' dir='ltr'>Deo,</span> <span class='ocrx_word' id='word_1_224' title='bbox 581 2129 608 2174; x_wconf 88' lang='lat' dir='ltr'>at</span> <span class='ocrx_word' id='word_1_225' title='bbox 626 2122 696 2187; x_wconf 90' lang='lat' dir='ltr'>quod</span> <span class='ocrx_word' id='word_1_226' title='bbox 716 2123 788 2174; x_wconf 89' lang='lat' dir='ltr'>Deus</span> <span class='ocrx_word' id='word_1_227' title='bbox 803 2123 860 2187; x_wconf 87' lang='lat' dir='ltr'>ipse</span> <span class='ocrx_word' id='word_1_228' title='bbox 878 2124 937 2188; x_wconf 88' lang='lat' dir='ltr'>ejus</span> <span class='ocrx_word' id='word_1_229' title='bbox 957 2123 1079 2174; x_wconf 87' lang='lat' dir='ltr'>statuerit</span> 
     </span>
     <span class='ocr_line' id='line_1_27' title="bbox 76 2191 1079 2258; baseline 0.006 -20"><span class='ocrx_word' id='word_1_230' title='bbox 76 2191 242 2244; x_wconf 85' lang='lat' dir='ltr'>conditiones:</span> <span class='ocrx_word' id='word_1_231' title='bbox 253 2193 420 2257; x_wconf 60' lang='lat' dir='ltr'>actitabant</span> <span class='ocrx_word' id='word_1_232' title='bbox 434 2195 486 2246; x_wconf 90' lang='lat' dir='ltr'>duo</span> <span class='ocrx_word' id='word_1_233' title='bbox 501 2195 555 2244; x_wconf 89' lang='lat' dir='ltr'>sint</span> <span class='ocrx_word' id='word_1_234' title='bbox 568 2193 597 2244; x_wconf 91' lang='lat' dir='ltr'>in</span> <span class='ocrx_word' id='word_1_235' title='bbox 607 2207 766 2251; x_wconf 64' lang='lat' dir='ltr'>camanum</span> <span class='ocrx_word' id='word_1_236' title='bbox 782 2191 1033 2258; x_wconf 77' lang='lat' dir='ltr'>tactssotabttttclts,</span> <span class='ocrx_word' id='word_1_237' title='bbox 1049 2195 1079 2244; x_wconf 91' lang='lat' dir='ltr'>ut</span> 
     </span>
     <span class='ocr_line' id='line_1_28' title="bbox 76 2262 1076 2330; baseline 0.003 -18"><span class='ocrx_word' id='word_1_238' title='bbox 76 2263 133 2323; x_wconf 85' lang='lat' dir='ltr'>quod</span> <span class='ocrx_word' id='word_1_239' title='bbox 145 2265 217 2316; x_wconf 86' lang='lat' dir='ltr'>Deus</span> <span class='ocrx_word' id='word_1_240' title='bbox 232 2266 381 2330; x_wconf 84' lang='lat' dir='ltr'>conjunxit,</span> <span class='ocrx_word' id='word_1_241' title='bbox 400 2265 477 2316; x_wconf 92' lang='lat' dir='ltr'>homo</span> <span class='ocrx_word' id='word_1_242' title='bbox 496 2279 549 2316; x_wconf 90' lang='lat' dir='ltr'>nou</span> <span class='ocrx_word' id='word_1_243' title='bbox 565 2271 684 2330; x_wconf 62' lang='lat' dir='ltr'>saperem</span> <span class='ocrx_word' id='word_1_244' title='bbox 699 2273 726 2316; x_wconf 87' lang='lat' dir='ltr'>et</span> <span class='ocrx_word' id='word_1_245' title='bbox 739 2264 899 2323; x_wconf 79' lang='lat' dir='ltr'>sanctitutis,</span> <span class='ocrx_word' id='word_1_246' title='bbox 913 2270 944 2315; x_wconf 89' lang='lat' dir='ltr'>ut</span> <span class='ocrx_word' id='word_1_247' title='bbox 960 2262 1076 2316; x_wconf 80' lang='lat' dir='ltr'>sanctiti-</span> 
     </span>
     <span class='ocr_line' id='line_1_29' title="bbox 76 2335 1077 2403; baseline 0.005 -22"><span class='ocrx_word' id='word_1_248' title='bbox 76 2340 134 2384; x_wconf 86' lang='lat' dir='ltr'>caret</span> <span class='ocrx_word' id='word_1_249' title='bbox 148 2339 278 2402; x_wconf 82' lang='lat' dir='ltr'>conjuges</span> <span class='ocrx_word' id='word_1_250' title='bbox 295 2337 329 2386; x_wconf 87' lang='lat' dir='ltr'>ad</span> <span class='ocrx_word' id='word_1_251' title='bbox 350 2337 596 2403; x_wconf 85' lang='lat' dir='ltr'>repraesentandam</span> <span class='ocrx_word' id='word_1_252' title='bbox 615 2337 742 2389; x_wconf 85' lang='lat' dir='ltr'>unionem</span> <span class='ocrx_word' id='word_1_253' title='bbox 761 2335 860 2387; x_wconf 89' lang='lat' dir='ltr'>Christi</span> <span class='ocrx_word' id='word_1_254' title='bbox 874 2349 935 2388; x_wconf 89' lang='lat' dir='ltr'>eum</span> <span class='ocrx_word' id='word_1_255' title='bbox 949 2335 1077 2397; x_wconf 85' lang='lat' dir='ltr'>Ecclesia,</span> 
     </span>
     <span class='ocr_line' id='line_1_30' title="bbox 73 2401 1078 2473; baseline 0.004 -19"><span class='ocrx_word' id='word_1_256' title='bbox 73 2401 135 2466; x_wconf 82' lang='lat' dir='ltr'>juxta</span> <span class='ocrx_word' id='word_1_257' title='bbox 152 2408 219 2458; x_wconf 88' lang='lat' dir='ltr'>illud</span> <span class='ocrx_word' id='word_1_258' title='bbox 246 2409 277 2458; x_wconf 88' lang='lat' dir='ltr'>D.</span> <span class='ocrx_word' id='word_1_259' title='bbox 301 2407 404 2458; x_wconf 87' lang='lat' dir='ltr'>Pauli:</span> <span class='ocrx_word' id='word_1_260' title='bbox 427 2405 483 2459; x_wconf 84' lang='lat' dir='ltr'>Viri</span> <span class='ocrx_word' id='word_1_261' title='bbox 503 2407 606 2473; x_wconf 79' lang='lat' dir='ltr'>clitipiic</span> <span class='ocrx_word' id='word_1_262' title='bbox 628 2410 846 2468; x_wconf 70' lang='lat' dir='ltr'>coacervatam,</span> <span class='ocrx_word' id='word_1_263' title='bbox 869 2409 936 2460; x_wconf 83' lang='lat' dir='ltr'>siout</span> <span class='ocrx_word' id='word_1_264' title='bbox 961 2403 1078 2460; x_wconf 73' lang='lat' dir='ltr'>ciratus</span> 
     </span>
     <span class='ocr_line' id='line_1_31' title="bbox 76 2471 1027 2544; baseline 0 -14"><span class='ocrx_word' id='word_1_265' title='bbox 76 2471 151 2531; x_wconf 73' lang='lat' dir='ltr'>tiela</span> <span class='ocrx_word' id='word_1_266' title='bbox 162 2477 322 2544; x_wconf 77' lang='lat' dir='ltr'>Ecclesiam,</span> <span class='ocrx_word' id='word_1_267' title='bbox 335 2481 360 2532; x_wconf 83' lang='lat' dir='ltr'>ct</span> <span class='ocrx_word' id='word_1_268' title='bbox 374 2493 400 2530; x_wconf 82' lang='lat' dir='ltr'>se</span> <span class='ocrx_word' id='word_1_269' title='bbox 415 2479 505 2544; x_wconf 81' lang='lat' dir='ltr'>ipsum</span> <span class='ocrx_word' id='word_1_270' title='bbox 519 2477 635 2532; x_wconf 85' lang='lat' dir='ltr'>tradidit</span> <span class='ocrx_word' id='word_1_271' title='bbox 650 2493 698 2543; x_wconf 81' lang='lat' dir='ltr'>pra</span> <span class='ocrx_word' id='word_1_272' title='bbox 713 2493 752 2531; x_wconf 85' lang='lat' dir='ltr'>ea.</span> <span class='ocrx_word' id='word_1_273' title='bbox 768 2479 811 2530; x_wconf 83' lang='lat' dir='ltr'>Ad</span> <span class='ocrx_word' id='word_1_274' title='bbox 823 2475 920 2542; x_wconf 77' lang='lat' dir='ltr'>aphes.</span> <span class='ocrx_word' id='word_1_275' title='bbox 936 2479 960 2530; x_wconf 84' lang='lat'>5.</span> <span class='ocrx_word' id='word_1_276' title='bbox 1025 2515 1027 2520; x_wconf 26' lang='lat'><strong>¹</strong></span> 
     </span>
    </p>
   </div>
   <div class='ocr_carea' id='block_1_5' title="bbox 7 2688 1151 3656">
    <p class='ocr_par' dir='ltr' id='par_1_5' title="bbox 7 2688 1151 3656">
     <span class='ocr_line' id='line_1_32' title="bbox 7 2688 1076 2767; baseline 0.001 -20"><span class='ocrx_word' id='word_1_277' title='bbox 7 2735 8 2756; x_wconf 61' lang='lat'>,</span> <span class='ocrx_word' id='word_1_278' title='bbox 101 2692 154 2750; x_wconf 77' lang='lat' dir='ltr'>alo.</span> <span class='ocrx_word' id='word_1_279' title='bbox 173 2689 390 2767; x_wconf 81' lang='lat' dir='ltr'>llonogamiam</span> <span class='ocrx_word' id='word_1_280' title='bbox 403 2688 529 2750; x_wconf 88' lang='lat' dir='ltr'>instituit</span> <span class='ocrx_word' id='word_1_281' title='bbox 540 2689 605 2766; x_wconf 90' lang='lat' dir='ltr'>ipse</span> <span class='ocrx_word' id='word_1_282' title='bbox 627 2695 704 2751; x_wconf 84' lang='lat' dir='ltr'>Deus</span> <span class='ocrx_word' id='word_1_283' title='bbox 716 2695 854 2762; x_wconf 75' lang='lat' dir='ltr'>creator3</span> <span class='ocrx_word' id='word_1_284' title='bbox 869 2688 980 2748; x_wconf 75' lang='lat' dir='ltr'>adamo</span> <span class='ocrx_word' id='word_1_285' title='bbox 993 2688 1076 2764; x_wconf 80' lang='lat' dir='ltr'>equi·</span> 
     </span>
     <span class='ocr_line' id='line_1_33' title="bbox 74 2771 1078 2855; baseline 0.004 -23"><span class='ocrx_word' id='word_1_286' title='bbox 74 2771 235 2840; x_wconf 88' lang='lat' dir='ltr'>demonem</span> <span class='ocrx_word' id='word_1_287' title='bbox 257 2780 339 2840; x_wconf 88' lang='lat' dir='ltr'>dedit</span> <span class='ocrx_word' id='word_1_288' title='bbox 360 2781 519 2855; x_wconf 80' lang='lat' dir='ltr'>oonjttgem</span> <span class='ocrx_word' id='word_1_289' title='bbox 542 2784 641 2852; x_wconf 85' lang='lat' dir='ltr'>Evam,</span> <span class='ocrx_word' id='word_1_290' title='bbox 662 2794 841 2854; x_wconf 89' lang='lat' dir='ltr'>quamquam</span> <span class='ocrx_word' id='word_1_291' title='bbox 861 2777 889 2837; x_wconf 93' lang='lat' dir='ltr'>in</span> <span class='ocrx_word' id='word_1_292' title='bbox 906 2776 1007 2837; x_wconf 90' lang='lat' dir='ltr'>mundi</span> <span class='ocrx_word' id='word_1_293' title='bbox 1021 2777 1078 2854; x_wconf 65' lang='lat' dir='ltr'>pri*-</span> 
     </span>
     <span class='ocr_line' id='line_1_34' title="bbox 73 2866 1151 2944; baseline 0.005 -23"><span class='ocrx_word' id='word_1_294' title='bbox 73 2869 179 2928; x_wconf 85' lang='lat' dir='ltr'>ncrdiis</span> <span class='ocrx_word' id='word_1_295' title='bbox 193 2873 297 2944; x_wconf 90' lang='lat' dir='ltr'>plures</span> <span class='ocrx_word' id='word_1_296' title='bbox 311 2880 435 2944; x_wconf 88' lang='lat' dir='ltr'>possent</span> <span class='ocrx_word' id='word_1_297' title='bbox 448 2869 542 2928; x_wconf 86' lang='lat' dir='ltr'>videri</span> <span class='ocrx_word' id='word_1_298' title='bbox 557 2869 620 2927; x_wconf 85' lang='lat' dir='ltr'>viro</span> <span class='ocrx_word' id='word_1_299' title='bbox 634 2867 821 2944; x_wconf 83' lang='lat' dir='ltr'>copulandae</span> <span class='ocrx_word' id='word_1_300' title='bbox 839 2883 959 2940; x_wconf 82' lang='lat' dir='ltr'>uxorea,</span> <span class='ocrx_word' id='word_1_301' title='bbox 980 2873 1013 2926; x_wconf 97' lang='lat' dir='ltr'>ut</span> <span class='ocrx_word' id='word_1_302' title='bbox 1034 2866 1075 2926; x_wconf 89' lang='lat' dir='ltr'>ci·</span> <span class='ocrx_word' id='word_1_303' title='bbox 1149 2884 1151 2891; x_wconf 90' lang='lat'>·</span> 
     </span>
     <span class='ocr_line' id='line_1_35' title="bbox 74 2951 1076 3034; baseline 0.003 -24"><span class='ocrx_word' id='word_1_304' title='bbox 74 2951 118 3014; x_wconf 88' lang='lat' dir='ltr'>tius</span> <span class='ocrx_word' id='word_1_305' title='bbox 128 2974 222 3032; x_wconf 81' lang='lat' dir='ltr'>genus</span> <span class='ocrx_word' id='word_1_306' title='bbox 236 2959 400 3017; x_wconf 87' lang='lat' dir='ltr'>humanum</span> <span class='ocrx_word' id='word_1_307' title='bbox 413 2963 639 3034; x_wconf 84' lang='lat' dir='ltr'>propagaretur.</span> <span class='ocrx_word' id='word_1_308' title='bbox 659 2961 721 3016; x_wconf 87' lang='lat' dir='ltr'>iloc</span> <span class='ocrx_word' id='word_1_309' title='bbox 736 2964 781 3016; x_wconf 88' lang='lat' dir='ltr'>est</span> <span class='ocrx_word' id='word_1_310' title='bbox 795 2955 973 3016; x_wconf 74' lang='lat' dir='ltr'>conantium</span> <span class='ocrx_word' id='word_1_311' title='bbox 983 2955 1076 3014; x_wconf 74' lang='lat' dir='ltr'>bone</span> 
     </span>
     <span class='ocr_line' id='line_1_36' title="bbox 72 3035 1075 3120; baseline 0.001 -19"><span class='ocrx_word' id='word_1_312' title='bbox 72 3042 148 3104; x_wconf 76' lang='lat' dir='ltr'>rabia</span> <span class='ocrx_word' id='word_1_313' title='bbox 158 3048 191 3106; x_wconf 85' lang='lat' dir='ltr'>in</span> <span class='ocrx_word' id='word_1_314' title='bbox 204 3035 352 3120; x_wconf 77' lang='lat' dir='ltr'>omnious,</span> <span class='ocrx_word' id='word_1_315' title='bbox 367 3054 394 3106; x_wconf 87' lang='lat' dir='ltr'>ct</span> <span class='ocrx_word' id='word_1_316' title='bbox 409 3047 511 3106; x_wconf 84' lang='lat' dir='ltr'>iberus</span> <span class='ocrx_word' id='word_1_317' title='bbox 522 3045 734 3105; x_wconf 80' lang='lat' dir='ltr'>immaculatus</span> <span class='ocrx_word' id='word_1_318' title='bbox 743 3051 793 3118; x_wconf 89' lang='lat' dir='ltr'>(l).</span> <span class='ocrx_word' id='word_1_319' title='bbox 805 3047 955 3105; x_wconf 87' lang='lat' dir='ltr'>Habentur</span> <span class='ocrx_word' id='word_1_320' title='bbox 964 3061 1035 3104; x_wconf 88' lang='lat' dir='ltr'>sane</span> <span class='ocrx_word' id='word_1_321' title='bbox 1044 3043 1075 3102; x_wconf 89' lang='lat' dir='ltr'>ln</span> 
     </span>
     <span class='ocr_line' id='line_1_37' title="bbox 73 3133 1074 3210; baseline 0.006 -24"><span class='ocrx_word' id='word_1_322' title='bbox 73 3144 101 3187; x_wconf 87' lang='lat' dir='ltr'>eo</span> <span class='ocrx_word' id='word_1_323' title='bbox 113 3143 215 3195; x_wconf 90' lang='lat' dir='ltr'>cuncta</span> <span class='ocrx_word' id='word_1_324' title='bbox 229 3134 410 3194; x_wconf 89' lang='lat' dir='ltr'>matrimonii</span> <span class='ocrx_word' id='word_1_325' title='bbox 431 3135 509 3194; x_wconf 88' lang='lat' dir='ltr'>bona</span> <span class='ocrx_word' id='word_1_326' title='bbox 524 3154 529 3192; x_wconf 95' lang='lat'><strong>:</strong></span> <span class='ocrx_word' id='word_1_327' title='bbox 547 3140 629 3193; x_wconf 87' lang='lat' dir='ltr'>easta</span> <span class='ocrx_word' id='word_1_328' title='bbox 641 3151 790 3210; x_wconf 77' lang='lat' dir='ltr'>regesque</span> <span class='ocrx_word' id='word_1_329' title='bbox 811 3133 921 3193; x_wconf 85' lang='lat' dir='ltr'>sobolis</span> <span class='ocrx_word' id='word_1_330' title='bbox 935 3149 1074 3209; x_wconf 88' lang='lat' dir='ltr'>procrea·</span> 
     </span>
     <span class='ocr_line' id='line_1_38' title="bbox 72 3217 1072 3299; baseline 0.005 -22"><span class='ocrx_word' id='word_1_331' title='bbox 72 3217 113 3291; x_wconf 87' lang='lat' dir='ltr'>tio,</span> <span class='ocrx_word' id='word_1_332' title='bbox 133 3232 272 3284; x_wconf 86' lang='lat' dir='ltr'>accurata</span> <span class='ocrx_word' id='word_1_333' title='bbox 293 3225 426 3298; x_wconf 79' lang='lat' dir='ltr'>eiusdem</span> <span class='ocrx_word' id='word_1_334' title='bbox 454 3223 600 3296; x_wconf 92' lang='lat' dir='ltr'>educati0,</span> <span class='ocrx_word' id='word_1_335' title='bbox 626 3222 741 3282; x_wconf 89' lang='lat' dir='ltr'>sincera</span> <span class='ocrx_word' id='word_1_336' title='bbox 765 3224 924 3299; x_wconf 79' lang='lat' dir='ltr'>conjugum</span> <span class='ocrx_word' id='word_1_337' title='bbox 945 3221 1072 3296; x_wconf 86' lang='lat' dir='ltr'>dilecti0,</span> 
     </span>
     <span class='ocr_line' id='line_1_39' title="bbox 73 3311 1072 3389; baseline 0.005 -25"><span class='ocrx_word' id='word_1_338' title='bbox 73 3318 196 3372; x_wconf 85' lang='lat' dir='ltr'>constans</span> <span class='ocrx_word' id='word_1_339' title='bbox 219 3313 331 3373; x_wconf 87' lang='lat' dir='ltr'>sobolis</span> <span class='ocrx_word' id='word_1_340' title='bbox 356 3329 451 3386; x_wconf 88' lang='lat' dir='ltr'>arnor,</span> <span class='ocrx_word' id='word_1_341' title='bbox 476 3313 600 3389; x_wconf 85' lang='lat' dir='ltr'>pacifica</span> <span class='ocrx_word' id='word_1_342' title='bbox 622 3311 810 3388; x_wconf 87' lang='lat' dir='ltr'>cohabitatio,</span> <span class='ocrx_word' id='word_1_343' title='bbox 831 3311 928 3372; x_wconf 85' lang='lat' dir='ltr'>unitas</span> <span class='ocrx_word' id='word_1_344' title='bbox 947 3311 1072 3384; x_wconf 85' lang='lat' dir='ltr'>iamiliae,</span> 
     </span>
     <span class='ocr_line' id='line_1_40' title="bbox 71 3399 954 3478; baseline 0.001 -21"><span class='ocrx_word' id='word_1_345' title='bbox 71 3407 252 3478; x_wconf 85' lang='lat' dir='ltr'>motuumque</span> <span class='ocrx_word' id='word_1_346' title='bbox 266 3401 398 3472; x_wconf 83' lang='lat' dir='ltr'>omnium</span> <span class='ocrx_word' id='word_1_347' title='bbox 412 3401 562 3460; x_wconf 75' lang='lat' dir='ltr'>auxlium.</span> <span class='ocrx_word' id='word_1_348' title='bbox 897 3399 898 3404; x_wconf 74' lang='grc'>’</span> <span class='ocrx_word' id='word_1_349' title='bbox 952 3441 954 3445; x_wconf 89' lang='grc'>-</span> 
     </span>
     <span class='ocr_line' id='line_1_41' title="bbox 100 3485 1073 3568; baseline 0.005 -26"><span class='ocrx_word' id='word_1_350' title='bbox 100 3485 285 3551; x_wconf 79' lang='lat' dir='ltr'>Nihilominus</span> <span class='ocrx_word' id='word_1_351' title='bbox 298 3489 497 3568; x_wconf 81' lang='lat' dir='ltr'>polygamiam</span> <span class='ocrx_word' id='word_1_352' title='bbox 511 3489 715 3550; x_wconf 87' lang='lat' dir='ltr'>simultaneam</span> <span class='ocrx_word' id='word_1_353' title='bbox 727 3488 756 3548; x_wconf 91' lang='lat' dir='ltr'>in</span> <span class='ocrx_word' id='word_1_354' title='bbox 776 3488 885 3548; x_wconf 81' lang='lat' dir='ltr'>satietis</span> <span class='ocrx_word' id='word_1_355' title='bbox 898 3485 1073 3548; x_wconf 74' lang='lat' dir='ltr'>patriarchis</span> 
     </span>
     <span class='ocr_line' id='line_1_42' title="bbox 72 3569 1071 3656; baseline -0.002 -18"><span class='ocrx_word' id='word_1_356' title='bbox 72 3569 201 3642; x_wconf 58' lang='lat' dir='ltr'>brabant</span> <span class='ocrx_word' id='word_1_357' title='bbox 215 3586 247 3641; x_wconf 88' lang='lat' dir='ltr'>et</span> <span class='ocrx_word' id='word_1_358' title='bbox 263 3581 354 3642; x_wconf 79' lang='lat' dir='ltr'>iacob</span> <span class='ocrx_word' id='word_1_359' title='bbox 370 3579 510 3656; x_wconf 86' lang='lat' dir='ltr'>toleravit</span> <span class='ocrx_word' id='word_1_360' title='bbox 522 3584 609 3653; x_wconf 81' lang='lat' dir='ltr'>licus,</span> <span class='ocrx_word' id='word_1_361' title='bbox 627 3573 785 3656; x_wconf 78' lang='lat' dir='ltr'>quiuiuex</span> <span class='ocrx_word' id='word_1_362' title='bbox 799 3577 897 3637; x_wconf 83' lang='lat' dir='ltr'>diviua</span> <span class='ocrx_word' id='word_1_363' title='bbox 919 3575 1071 3648; x_wconf 87' lang='lat' dir='ltr'>dispensa-</span> 
     </span>
    </p>
   </div>
   <div class='ocr_carea' id='block_1_6' title="bbox 0 0 1252 4062">
    <p class='ocr_par' dir='ltr' id='par_1_6' title="bbox 0 0 1252 4062">
     <span class='ocr_line' id='line_1_43' title="bbox 0 0 1252 4062; baseline 0 8"><span class='ocrx_word' id='word_1_364' title='bbox 0 0 1252 4062; x_wconf 95' lang='lat' dir='ltr'> </span> 
     </span>
    </p>
   </div>
  </div>
 </body>
</html>
