2524 4080
448 737 651 821 TITULUS
677 725 718 822 V.

383 979 419 1024 uu
436 977 561 1037 nmmuo,
581 979 616 1024 m
635 977 793 1024 clulrlolllt.

77 1177 230 1232 Suuunmuu:
245 1181 300 1232 tta.
315 1179 413 1232 Libellus
427 1179 547 1246 quotuplex
560 1179 597 1240 sit,
611 1182 635 1231 et
647 1179 685 1246 qul
702 1180 898 1233 conventionalia?
919 1207 950 1218 -
973 1182 1026 1234 lll.
1049 1182 1095 1242 Qui
1157 1243 1160 1250 Δ

103 1251 270 1302 accusatorius?
279 1279 310 1287 -
323 1251 378 1302 ltu.
394 1251 453 1311 Quae
463 1265 513 1302 esse
527 1251 623 1302 debeant
635 1250 776 1303 conditiones
789 1251 876 1302 libelli?
888 1281 918 1291 —
929 1252 984 1303 tlt.
996 1252 1091 1312 Quando

102 1322 189 1384 mnan,
204 1327 244 1374 aut
260 1323 378 1374 emendari
391 1321 477 1388 queat?
490 1347 521 1358 -
540 1323 595 1373 til.
618 1321 698 1374 citatio
710 1323 776 1389 ¹quid,
790 1326 813 1374 et
825 1337 875 1389 qum
887 1325 937 1389 uiuus
950 1324 1090 1378 necessitas?

102 1419 132 1430 -«
152 1395 207 1445 lla.
231 1394 352 1454 Quomodo
377 1393 507 1446 dividatur?
529 1421 560 1431 -
583 1394 638 1446 779.
666 1394 722 1454 Qua
744 1394 840 1446 debeant
861 1396 886 1446 in
906 1409 933 1447 ea
954 1395 1090 1448 observarit

101 1489 130 1502 -
149 1465 207 1518 780.
235 1466 356 1526 Quomodo
376 1465 445 1531 juder
470 1465 633 1518 oodesiastlous
656 1479 706 1518 unm
734 1465 844 1518 emittat?
862 1494 893 1504 -
911 1466 969 1520 tol.
994 1467 1088 1526 Quando

100 1535 158 1588 nula
170 1537 224 1590 sit?
239 1565 270 1575 -
283 1537 342 1589 782.
358 1537 421 1596 Quos
435 1535 527 1592 effeetus
542 1537 617 1590 dtatio
630 1537 728 1604 legitime
740 1537 870 1604 producat?

104 1725 326 1786 nasoniano
345 1725 527 1785 ordinarium
550 1742 568 1783 a
592 1726 690 1787 libello
705 1726 871 1787 inchoatur.
890 1727 1017 1788 Libellus
1031 1729 1088 1788 du·

70 1810 136 1883 pler
147 1819 204 1888 est,
219 1815 460 1888 conventionalia,
475 1815 523 1875 uel
546 1817 759 1876 momentarius.
779 1815 1016 1877 conventionalia
1035 1817 1087 1878 de·

44 1899 175 1977 ‚finitum
198 1905 292 1963 broulo
318 1905 476 1979 sumptuum,
500 1921 561 1980 quo
586 1905 693 1964 uotonis
719 1905 818 1981 petitio
840 1905 874 1964 dc
893 1907 981 1981 sueto,
1006 1905 1088 1966 etde

69 1992 169 2063 upeudi
195 1992 393 2068 fundamento
419 1993 507 2063 eluro,
530 1999 557 2052 ot
578 1994 711 2053 distincta
730 1994 827 2070 judici
851 1994 1026 2068 proponitur
1048 1995 1088 2054 od

68 2077 269 2160 obtinendum!
284 2082 362 2158 quod
386 2081 440 2141 sibi
463 2082 602 2156 dolatum
629 2081 771 2142 attribue
799 2087 916 2140 constat
942 2081 1086 2157 pertibus,

67 2181 170 2244 nempe
196 2171 382 2244 corrutione,
406 2187 496 2231 mauu
519 2171 644 2246 petendi,
672 2176 702 2230 et
733 2170 925 2230 conclusione.
954 2172 1087 2232 Narratio

66 2257 194 2318 continet
216 2258 288 2318 laeti
303 2245 547 2334 propositionem,
568 2274 643 2331 rem,
660 2257 723 2318 sive
746 2257 940 2334 quantitatem
955 2257 1086 2334 petitam,

66 2359 181 2420 nomen,
198 2363 378 2423 cognomen,
394 2354 423 2406 ct
435 2347 560 2424 patriam
572 2346 682 2406 actoris
695 2353 785 2422 atque
799 2347 842 2406 rei
852 2364 859 2419 3
870 2353 901 2406 et
912 2346 1034 2422 insuper
1048 2365 1087 2408 ex

62 2434 126 2508 jura
147 2435 295 2496 canonico
322 2453 443 2510 nomen,
471 2437 534 2496 siva
561 2435 692 2495 officium
716 2435 835 2510 judicis.
856 2439 948 2494 Causa
964 2437 1084 2511 petendi

64 2521 170 2584 indicat
193 2525 353 2598 actionem,
376 2543 443 2601 quae
463 2533 562 2585 tamen
580 2525 750 2604 necessario
773 2524 951 2600 exponenda
965 2541 1025 2583 non
1040 2532 1087 2584 est

64 2613 183 2688 proprio
195 2613 326 2684 nomina,
341 2619 375 2672 ut
386 2613 417 2673 in
424 2617 490 2688 jure
500 2619 643 2685 Romano,
658 2613 712 2673 sed
726 2611 836 2672 suffieit
849 2612 979 2687 allegare
990 2613 1041 2688 Jua
1054 2614 1085 2672 in

63 2702 235 2772 particulari
250 2703 350 2778 specie
371 2701 464 2761 actori
478 2708 651 2777 competens
665 2718 734 2762 cum
748 2700 909 2761 momentis
926 2701 1085 2776 rationum,

64 2794 92 2847 et
110 2791 307 2868 expressione
327 2791 489 2865 titulorum,
510 2790 567 2864 die,
585 2807 675 2860 anuo,
704 2807 740 2850 ac
761 2796 884 2850 anctore
904 2791 1086 2852 sufficienter

62 2876 271 2954 determinato,
283 2891 286 2907 ·
297 2885 330 2939 ut
349 2896 420 2939 reus
441 2880 479 2939 de
498 2897 531 2939 re
555 2897 573 2939 a
596 2897 630 2940 sc
643 2879 734 2956 petita
746 2885 829 2940 recte
843 2879 953 2940 certior
966 2880 1017 2940 flat
1030 2883 1082 2960 (1).Ι

63 2969 193 3046 lienique
215 2967 368 3029 conclusio
388 2967 480 3028 refert
498 2968 609 3029 actoris
629 2968 886 3044 supplicationem,
906 2974 941 3029 ut
956 2985 1026 3030 reus
1038 2970 1096 3029 ci··

61 3060 146 3132 tetur,
162 3065 194 3118 et
209 3064 357 3134 quatenus
374 3074 451 3134 opus
465 3056 512 3130 sit,
528 3057 686 3116 damnetur
699 3057 737 3116 ad
751 3057 862 3133 aliquid
876 3058 1017 3132 dandum,
1032 3065 1084 3118 aut

61 3143 240 3219 laciendum,
263 3148 312 3206 uel
337 3163 398 3206 nun
413 3165 420 3206 :
436 3161 506 3206 nam
528 3146 673 3206 sententia
698 3145 769 3206 inda
789 3146 969 3222 proferende
994 3146 1083 3206 debet

61 3247 124 3292 esso
136 3234 241 3295 libello
254 3233 441 3306 conformis(
461 3238 482 3306 ).
584 3309 587 3314 ἣ

89 3389 124 3456 (1)
140 3391 209 3457 Gap.
225 3391 249 3457 6,
269 3391 303 3444 da
322 3390 408 3457 judio.
423 3417 454 3429 -
475 3391 511 3457 (i)
526 3391 618 3443 Solent
639 3392 771 3456 praeterea
793 3391 822 3443 in
845 3390 937 3444 libello
955 3389 1080 3454 quadam

59 3459 138 3525 adjici
154 3463 298 3529 clausulae,
319 3477 380 3529 quae
396 3476 517 3528 persaepe
531 3468 594 3515 sunt
617 3462 734 3522 inutiles,
749 3467 796 3514 aut
809 3477 843 3514 ax
863 3463 921 3530 ipso
941 3464 1005 3528 juro
1019 3475 1081 3528 sup

58 3530 186 3594 plentur3
202 3534 257 3586 illae
267 3537 357 3586 tamen
366 3535 400 3586 da
409 3533 551 3597 fructibus,
566 3533 703 3592 interesse,
716 3534 816 3597 usuris,
830 3536 857 3585 et
867 3533 1076 3598 expansisutili-

61 3601 99 3652 ter
112 3609 298 3669 apponuntur.
312 3605 482 3670 pellegrinus
495 3608 563 3670 part.
577 3605 602 3670 t,
613 3609 678 3656 suet.
695 3603 716 3668 l,
730 3605 846 3656 subeant.
862 3604 884 3664 t,
898 3615 925 3656 u.
939 3604 964 3656 8.
