2494 4062
566 93 691 150 ..3-

106 213 189 290 tiqoae
206 213 299 290 legis,
314 212 360 274 uti
373 218 444 273 erat
452 211 647 288 circumcisio,
664 219 763 290 Agnus
785 209 945 288 paschalis,
969 211 1079 274 oblatio
1093 213 1138 272 vi·

101 303 274 376 ctimarum,
286 301 467 375 purificatio,
482 303 669 362 consecratio
683 303 888 376 sacerdotnm,
905 307 962 362 ete.
977 305 1051 362 Nam
1072 301 1138 362 haeo

100 407 159 450 non
172 392 302 451 fuerunt
314 408 333 449 a
347 390 461 451 Christo
478 389 619 464 instituta,
635 393 720 468 artius
735 398 821 452 erant
834 391 947 452 nmbrae
971 396 1001 450 et
1020 389 1136 466 iignrae.

100 480 182 540 Unde
195 478 396 540 Innocentius
413 484 461 553 ΙΙΙ,
476 480 514 540 de
532 479 770 550 circumcisione,
785 487 816 540 et
837 479 987 558 Baptismo
1010 479 1138 555 loquens

101 569 163 628 haec
177 569 295 628 habet:
312 568 377 628 Etsi
387 568 541 644 orioinaiis
553 569 640 645 culpa
653 568 859 630 remittebatur
869 586 922 645 per
938 568 1137 630 Circtnncisia·

104 658 146 718 nis
160 657 359 734 mysterium,
375 664 401 716 ct
415 657 617 738 damnationis
634 657 801 734 paruulum
824 657 989 732 vitabatur3
1014 674 1078 718 non
1091 665 1137 718 tu·

106 763 168 806 rnen
181 745 413 822 perveniebatur
426 747 466 806 ad
478 763 604 822 reanum
627 746 776 815 celorum,
795 746 872 824 quod
889 763 980 823 usquc
994 747 1033 806 ad
1053 762 1136 822 mor-

105 840 158 894 tem
173 834 292 895 Christi
304 834 364 909 fuit
390 833 525 894 mntem
542 835 732 908 obseratum
755 835 806 894 sed
827 851 881 912 per
905 833 1136 896 Sacramentum

104 921 251 1000 Baptnmi
275 921 388 983 Christi
410 923 554 1000 sananim
580 923 724 984 nutrienti
748 923 835 1000 culpa
858 923 1033 994 remittitur,
1057 923 1134 984 nita-

106 1018 151 1072 tur
174 1009 369 1089 aniculam,
395 1019 423 1071 ct
444 1013 485 1072 ad
507 1028 634 1086 reanum
663 1011 808 1072 neuram
835 1011 926 1073 ctiam
948 1009 1133 1089 peruenitur,

102 1101 187 1176 mins
195 1099 334 1176 ianuam
350 1097 460 1162 diruti
471 1101 593 1179 sanquis
606 1100 739 1178 fidetidus
761 1100 824 1162 suit
847 1101 1075 1162 misaunduer
1087 1116 1137 1162 rc·

102 1191 212 1250 serant
225 1191 282 1263 (l).

135 1311 169 1376 (l)
186 1311 254 1377 Gap.
267 1311 282 1362 3
297 1309 331 1364 de
339 1310 441 1378 baptis.
461 1361 472 1370 ,

50 1575 52 1582 y
136 1499 203 1557 305.
222 1493 369 1557 differant
386 1497 480 1560 multo
498 1497 594 1574 magis
619 1496 758 1558 Ecclesia
781 1501 973 1560 Sacramenta
995 1500 1134 1558 asscre-

99 1585 296 1658 mentalibus‚
317 1603 383 1662 quae
406 1586 572 1646 consistunt
595 1586 626 1644 in
646 1586 822 1662 quibusdam
839 1587 930 1646 rebus
948 1586 1051 1660 sacris,
1071 1584 1135 1646 sive

100 1674 248 1750 precihus
260 1674 298 1732 ab
311 1674 469 1750 apostolis,
486 1675 534 1756 rel
551 1675 590 1734 ab
608 1675 739 1735 Ecclesia
759 1673 900 1737 institutis
920 1675 1134 1738 adventatium

101 1769 301 1838 peecatorum
313 1763 519 1822 remissionem
533 1761 736 1836 obtinendam,
748 1774 799 1825 aut
813 1763 851 1822 ad
866 1763 995 1840 aliquem
1008 1761 1134 1838 gratiam

100 1850 334 1926 impetrandam,
350 1851 516 1928 cujusmodi
537 1857 607 1912 sunt
625 1845 866 1912 consecrationes
880 1867 1087 1933 personarum,
1103 1856 1133 1912 et

100 1955 215 2013 rerum,
230 1945 263 1998 ut
276 1939 432 2014 Abbatum,
453 1945 484 2000 et
506 1939 714 2014 declamarem,
736 1940 960 2001 benedictiones
983 1958 1000 2000 a
1025 1956 1133 2000 eonse-

102 2025 194 2086 cratis
217 2028 358 2088 Ecclesiae
381 2027 522 2088 ministris
542 2027 718 2105 impertitae,
738 2046 811 2090 usus
833 2045 934 2090 rerum
958 2027 1132 2090 benedicta·
1241 2033 1245 2040 '

101 2133 180 2189 rum,
204 2122 239 2176 ut
257 2134 343 2193 aqnae
359 2117 498 2189 lustralis,
513 2134 682 2191 cereorum,
698 2116 843 2192 cineam,
857 2135 893 2178 aa
906 2119 1084 2195 palmarum,
1101 2125 1133 2178 et

102 2221 209 2280 preces
223 2204 331 2266 sivein
350 2204 604 2266 administratione
626 2211 896 2282 sacramentorum,
916 2206 978 2268 sive
999 2206 1029 2266 in
1051 2207 1130 2268 cele-

101 2292 238 2354 bratione
251 2292 346 2354 llissae
358 2291 500 2364 recitatae,
522 2305 578 2356 etc.
600 2299 669 2355 Haee
683 2295 803 2372 quidem
817 2294 1048 2356 sacramentalia
1071 2309 1131 2354 non

102 2383 223 2442 luerunt
235 2401 254 2441 a
269 2382 385 2442 Christo
399 2381 542 2458 instituta,
559 2399 658 2460 neque
670 2383 795 2460 gratiam
811 2383 970 2445 conferunt
984 2400 1024 2444 ex
1038 2397 1133 2460 opero

104 2473 250 2546 operato(
270 2481 291 2544 ).

132 2610 169 2676 (l)
181 2610 234 2662 His
250 2609 362 2676 adjungi
375 2615 489 2678 possunt
503 2609 687 2676 indulgentia,
705 2623 767 2676 quae
783 2611 924 2663 remittunt
936 2625 1045 2677 poenam
1061 2618 1130 2666 tant·

100 2684 223 2748 penalem
236 2682 355 2747 peccatis
369 2683 450 2733 etiam
465 2682 623 2734 condonatis
636 2682 725 2734 adhuc
738 2682 868 2741 debitam,
879 2696 932 2734 non
945 2697 1008 2736 vero
1022 2685 1130 2752 culpam

100 2767 283 2826 peccatorum,
299 2761 404 2812 etiamsi
419 2762 505 2812 solum
516 2761 704 2813 venialiosint.
724 2761 763 2814 Da
779 2763 954 2827 indulgentiis
966 2777 1000 2816 ex
1014 2764 1130 2818 decretis

101 2835 126 2885 S.
141 2833 366 2898 congregationis
381 2831 612 2897 indulgentiarum
628 2833 743 2884 maximo
757 2845 791 2884 tx
803 2833 910 2885 decreto
927 2833 955 2885 ll
968 2836 1046 2900 april.
1061 2836 1129 2897 1856,

1 2913 2 2916 ’
102 2902 365 2957 iriasuntnotanda:
376 2903 407 2954 1¹¹
416 2904 486 2968 quod
498 2915 600 2964 omnes,
610 2904 657 2968 qui
668 2905 814 2970 impetrant
824 2904 1007 2970 indulgentias
1015 2921 1130 2972 genem.

103 2975 140 3028 les
150 2980 281 3028 tenentur
293 2975 345 3026 suh
361 2988 442 3040 poena
452 2974 585 3026 nullitstis
599 2975 693 3039 gratiae
706 2976 844 3040 exemplar
854 2977 1008 3028 earumdem
1019 2993 1128 3032 conces·

103 3048 207 3100 sianum
225 3047 260 3098 ad
279 3048 456 3098 secretarium
474 3045 687 3110 congregationis
703 3044 813 3097 Rituum
828 3046 943 3098 dolorre.
954 3050 986 3099 2¹¹¹
1000 3050 1073 3114 quod
1085 3049 1128 3106 ia·

103 3119 246 3186 dulgentiae
263 3133 318 3172 non
329 3119 359 3169 in
372 3118 490 3176 favorem
504 3117 611 3182 privati,
626 3116 672 3168 sed
683 3122 711 3168 tn
722 3117 842 3168 lavarem
855 3119 958 3184 populi,
967 3121 1129 3180 dabentan·

102 3193 209 3256 equam
224 3191 409 3256 publicentur,
420 3188 542 3241 exhiberi
555 3187 705 3242 ordinariis
724 3189 853 3248 locorum,
870 3190 916 3255 qui
936 3203 982 3242 oss
996 3205 1127 3257 recogno-

104 3265 184 3312 scant.
201 3265 227 3312 et
240 3261 376 3327 publicari
388 3259 559 3325 permittcnt3
574 3259 621 3311 sod
635 3259 685 3310 hac
698 3273 751 3310 non
761 3259 882 3324 procedit
892 3261 943 3312 sub
954 3262 1127 3326 poenanulli-

104 3333 170 3397 tatis,
185 3339 217 3384 ut
230 3345 334 3398 supra3
353 3331 388 3382 3²
406 3331 478 3396 quod
491 3331 603 3383 vetitum
624 3333 665 3386 est
677 3331 767 3394 adoro,
782 3335 809 3382 et
829 3331 969 3397 publicare
984 3333 1126 3396 indulgen-

103 3403 197 3458 tiarum
214 3403 313 3466 libros,
338 3401 436 3464 diaria,
459 3403 615 3465 summaria,
632 3403 732 3468 quibas
756 3403 945 3458 concessiones
967 3404 1127 3458 continean-

104 3479 151 3537 ων,
166 3477 271 3546 absque
286 3471 315 3529 S.
329 3473 551 3538 Congregationis
564 3473 679 3526 licentia.
