2426 4070
564 157 725 215 400..

138 281 348 352 prescribendis
361 281 616 334 denunciationibns
632 293 665 332 aa
680 280 739 343 luit,
753 279 826 332 utin
841 278 936 346 populi
951 279 1122 346 frequentia
1143 281 1212 334 fle«

138 359 199 407 tent
212 355 246 406 ad
268 353 518 420 impedimentorum
541 352 731 404 revelationem
749 351 934 403 obtinendam.
958 351 1001 403 Ita
1020 351 1074 403 init
1107 367 1138 405 a
1176 355 1212 414 S,

138 425 349 490 congregatione
364 424 521 488 resolutum,
536 425 669 474 annuente
683 423 730 473 Pio
744 423 783 473 VI
793 423 822 473 in
836 419 971 475 branensi
982 423 1010 474 17
1021 425 1081 490 jun.
1102 425 1212 484 1780,

138 500 166 548 ct
178 499 205 546 in
218 493 365 548 Tudertiaa
379 495 409 546 19
428 495 506 558 april.
525 493 718 546 leaenarum
737 494 772 545 ad
793 507 859 546 sess.
881 493 922 557 tl,
936 508 965 545 n.
983 493 1023 546 29.
1039 521 1072 534 -
1084 497 1144 562 (3)
1166 497 1212 550 Et

138 567 247 634 quidem
259 565 318 617 dari
332 565 433 618 debent
446 580 462 616 a
475 565 602 630 parocho,
617 563 809 616 nonobstante
829 565 1038 617 immemorabili
1052 579 1212 619 consue·

137 638 230 690 tudine
242 638 270 688 in
284 638 455 688 contrarium.
467 637 494 688 S.
507 639 589 701 (long.
604 636 684 687 Cone.
702 635 730 687 17
741 635 798 701 lun.
816 637 883 688 1820.
899 637 939 688 ld.
951 651 979 688 n.
991 637 1034 698 31;
1050 642 1079 688 et
1090 641 1212 704 juxta

137 709 250 760 allatum
264 709 413 759 Tridentini
428 708 566 760 decretum
583 707 654 758 inter
673 707 819 758 missarum
840 708 992 768 solemnia;
1013 709 1212 776 Episcopus

137 793 202 833 vero
212 795 245 831 ax
256 793 338 832 cansa
351 783 441 845 potest
454 780 622 846 dispensare,
637 781 667 828 ut
682 779 755 840 liant,
776 778 842 829 dum
860 777 957 830 diebus
983 778 1060 830 sestis
1078 785 1212 832 eanta-

138 855 184 903 tur
196 865 302 916 vesper.
317 852 345 902 S.
360 851 442 916 Gong.
454 851 535 902 Cone.
549 851 580 900 25
592 849 680 901 octob.
696 849 767 900 1586.
779 849 819 900 ld.
835 863 863 901 n.
880 849 919 901 10.
940 850 1000 902 Non
1014 851 1125 903 desunt
1147 855 1212 904 ta-

137 936 201 976 men
216 924 343 976 Doctores
359 922 553 986 probatissimi,
568 926 598 972 ut
614 920 641 972 S.
657 921 691 972 da
708 920 814 986 Ligario
827 920 844 972 l.
860 920 925 984 6,n.
935 920 992 986 991,
1007 925 1034 972 et
1046 921 1210 975 Reiffen-

119 1055 120 1062 ¹
139 993 210 1046 stuel
223 995 309 1045 adtit.
328 991 361 1044 de
376 993 464 1045 cland.
479 992 609 1059 despons.
627 1007 654 1043 n.
678 992 703 1054 6,
727 993 773 1058 qui
794 992 902 1055 docent,
923 992 1103 1057 probabiliter
1131 994 1210 1046 de-

139 1065 325 1117 nunciationes
338 1063 396 1115 fieri
411 1077 492 1130 posse
518 1064 600 1115 etiam
627 1066 748 1128 tempora
763 1064 930 1122 concionum,
945 1063 989 1124 vel
1015 1068 1206 1126 processio-

138 1151 204 1188 num
215 1141 291 1188 axtra
305 1135 362 1186 dias
375 1135 467 1194 festos,
482 1138 509 1186 et
526 1138 601 1186 extra
615 1135 765 1192 ecclesiam,
780 1135 858 1184 modo
876 1135 946 1186 adsit
967 1133 1108 1186 sufficiens
1125 1149 1204 1200 po-

139 1209 197 1275 puli
220 1220 378 1270 concursus,
397 1206 462 1271 quia
482 1205 521 1257 sic
539 1205 691 1256 Tridentini
708 1204 820 1255 intentio
837 1205 1012 1270 adimpletur,
1036 1205 1103 1256 dum
1118 1221 1207 1258 non

141 1279 194 1330 alia
208 1279 242 1330 de
261 1293 343 1330 causa
357 1278 508 1342 designavit
522 1277 579 1328 dies
599 1277 692 1339 iestos,
710 1279 738 1327 at
751 1277 896 1327 missarum
921 1277 1061 1340 solemnia,
1076 1278 1138 1328 nisi
1156 1283 1206 1332 ut

141 1349 248 1402 adesset
263 1349 356 1416 populi
373 1361 530 1400 concursus.
549 1347 602 1398 Sed
620 1361 681 1398 cum
698 1347 726 1398 S.
750 1348 934 1412 Congragatic,
949 1351 981 1398 ut
999 1362 1083 1414 supra
1100 1350 1202 1400 vidi-

140 1435 210 1481 mus,
225 1421 332 1482 dixerit,
351 1421 514 1484 Episcopum
528 1431 606 1483 posse
623 1418 780 1484 dispensare
796 1432 828 1467 ex
845 1431 937 1483 cansa,
953 1424 985 1469 ut
997 1419 1063 1469 liant
1080 1419 1110 1469 in
1126 1433 1198 1472 ve-

141 1492 237 1556 speris,
262 1496 389 1555 putamus
411 1489 507 1540 allatas
531 1490 676 1538 Doctorum
699 1487 846 1538 sententias
866 1492 931 1538 tuno
954 1487 1055 1538 habere
1070 1488 1193 1550 locum,

141 1576 202 1613 cnm
216 1563 293 1612 adest
303 1565 378 1626 justa
392 1573 482 1622 causa,
496 1562 521 1610 et
538 1559 663 1625 Episcopi
678 1558 853 1625 dispensatio,
873 1559 945 1622 qnod
959 1559 1117 1610 confirmari
1129 1563 1193 1611 vi-

142 1634 221 1686 detur
234 1632 268 1682 ab
280 1633 342 1682 aliis
352 1633 409 1696 jam
424 1632 513 1682 citatis
528 1630 555 1681 S.
571 1631 791 1694 Congregatioais
803 1628 987 1697 decisionibus
996 1630 1025 1681 in
1035 1629 1194 1684 Brunca-si

142 1707 168 1754 et
182 1701 337 1755 Tudertino.
350 1729 383 1740 -
395 1703 431 1766 (l)
444 1701 548 1753 idcirco
563 1702 586 1753 si
608 1715 680 1752 unus
694 1715 727 1752 ex
743 1701 849 1766 sponsis
868 1701 896 1751 in
910 1715 964 1752 nnn
977 1701 1108 1767 parochia
1126 1703 1191 1754 ha-

141 1775 217 1834 bitet,
228 1778 254 1824 et
264 1774 334 1825 alius
346 1773 373 1824 in
389 1772 451 1836 alia,
468 1773 497 1822 in
516 1778 631 1837 utraque
647 1777 710 1823 sunt
723 1771 945 1823 denunciationes
958 1771 1099 1824 iaciendas.
1115 1773 1187 1826 Rit.

32 1881 48 1898 „
142 1845 218 1896 Rem.
235 1846 267 1897 de
281 1847 340 1897 Sao.
356 1850 436 1895 matr.
447 1871 477 1882 -
490 1843 526 1909 (5)
539 1846 603 1908 Arg.
620 1857 678 1909 cap.
692 1845 717 1906 3,
733 1843 766 1894 de
785 1842 874 1894 oland.
889 1844 1017 1908 despons.
1034 1871 1065 1882 -
1078 1845 1116 1906 (6)
1132 1845 1189 1898 De

139 1919 278 1984 juravero
300 1915 458 1982 particulari
472 1913 633 1980 quandoque
647 1914 698 1965 hoo
719 1920 824 1978 tempus
846 1915 1040 1978 restringitur;
1061 1919 1088 1966 et
1109 1915 1185 1970 ideo

142 1989 266 2042 ridendae
276 1991 339 2040 sunt
351 1985 494 2054 synodales
508 1988 705 2054 cujuscumque
717 1985 843 2038 diaecesis
857 1985 1069 2038 constitutiones.

179 2212 240 2268 aaa.
261 2212 306 2268 Ex
320 2207 418 2293 distic,
429 2213 528 2285 potest
541 2208 711 2270 ordinarius
722 2222 813 2284 super
820 2205 1002 2266 matrimonii
1009 2205 1180 2266 denuncia-

143 2295 273 2358 tionibus
295 2296 480 2373 dispensare,
500 2298 552 2357 uhi
575 2299 675 2374 digna,
696 2304 726 2357 et
746 2298 827 2374 justa
851 2311 942 2354 causa
964 2293 1175 2372 intervenerit,

144 2387 221 2446 sicut
239 2393 309 2446 sunt
327 2392 507 2462 sequentes:
524 2385 767 2462 reprobabilis
786 2385 824 2444 sit
838 2383 981 2458 suspicio,
998 2401 1090 2460 posse
1104 2401 1174 2444 ma-

143 2475 316 2535 trimonium
337 2492 391 2551 pcr
407 2474 577 2551 quempiam
595 2474 742 2534 malitiose
760 2473 898 2549 impediri
914 2476 975 2544 (l),
991 2477 1020 2531 i·
1037 2472 1062 2531 si
1080 2472 1128 2532 vir
1139 2480 1174 2534 'et

50 2637 51 2640 Ἴ
143 2564 265 2624 foemina
283 2569 368 2623 extre
387 2563 608 2623 matrimonium
630 2563 661 2622 in
683 2563 779 2638 ligura
802 2561 983 2621 matrimonii
1000 2561 1113 2638 publici
1129 2562 1173 2621 vi-

143 2645 215 2712 rent
234 2655 292 2725 (it3
308 2657 337 2714 3·
351 2651 376 2711 si
388 2651 609 2712 matrimonium
624 2652 688 2728 jam
706 2658 895 2711 contractum
913 2651 953 2710 ob
971 2651 1093 2727 aliquod
1113 2651 1171 2714 irn-

143 2740 347 2817 padimentum
369 2742 502 2802 nullum·
518 2741 696 2816 reperiatur,
718 2747 748 2800 et
770 2739 884 2802 idcirco
909 2739 1080 2799 iterandum
1106 2740 1170 2814 sit3

143 2831 173 2886 1ι
185 2829 211 2887 si
219 2830 360 2888 alteruter
367 2846 406 2888 ex
412 2829 530 2904 sponsis
542 2829 579 2888 sit
592 2829 623 2888 in
634 2829 767 2904 periculo
780 2829 897 2901 mortis,
909 2834 939 2887 et
946 2826 1173 2889 matrimonium

145 2915 183 2976 ad
195 2914 415 2990 legitimandam
429 2917 566 2976 sobolem
581 2917 717 2989 ineatur3
734 2921 763 2976 5·
777 2917 802 2976 si
819 2915 942 2975 nimiam
956 2915 1085 2976 debeant
1100 2933 1172 2978 aru·

144 3005 267 3064 bascara
282 3005 384 3078 sponsi
398 3005 437 3064 ob
448 3021 588 3081 magnam
603 3004 792 3079 conditionis
807 3011 914 3076 status,
931 3011 982 3064 aut
995 3006 1091 3064 aetatis
1102 3006 1172 3066 inm

145 3091 336 3169 qualitatem
351 3097 379 3152 6·
394 3093 419 3152 si
439 3093 543 3169 sponsi
562 3093 621 3154 sint
641 3093 742 3154 animo
764 3095 979 3166 inconstantes,
994 3100 1024 3152 ct
1038 3095 1171 3156 maxime

146 3181 172 3242 si
187 3197 316 3258 sponsus
331 3182 443 3241 nonsit
467 3188 559 3241 tenax
577 3181 724 3257 prepositi
737 3181 782 3241 vir
799 3198 806 3254 3
829 3187 856 3240 7·
871 3182 896 3241 si
911 3181 986 3240 adsit
1003 3183 1173 3258 periculum

145 3269 286 3340 scandali,
311 3275 362 3329 aut
385 3270 483 3346 gravis
504 3271 606 3330 damni
627 3271 658 3330 in
679 3271 767 3330 bouis
793 3270 1003 3346 spiritualibus,
1027 3277 1058 3330 et
1081 3273 1170 3332 etiam

145 3357 359 3433 temporalibus
375 3376 382 3430 3
408 3363 435 3417 8·
449 3359 474 3417 si
488 3359 525 3418 de
545 3358 725 3435 Principum,
747 3367 777 3420 et
799 3365 1009 3434 magnatorum
1028 3362 1169 3438 conjugio

146 3453 261 3520 agatur,
276 3463 404 3522 qnorum
416 3446 475 3506 vita
489 3447 627 3508 omnibus
649 3453 721 3507 nota
734 3465 800 3507 essa
814 3448 891 3506 solet
905 3465 914 3518 ς
930 3453 957 3508 9·
975 3449 1001 3507 si
1015 3451 1169 3510 moraliter

147 3542 263 3595 certum
275 3535 322 3611 sit,
335 3537 413 3596 inter
427 3536 637 3610 contrahentes
651 3537 765 3596 nulum
782 3551 849 3595 esse
867 3551 955 3610 possa
969 3534 1167 3611 impedimen·
