2494 4062
538 179 680 236 -31-

111 299 255 366 parionibus.
272 301 324 354 Sed
338 292 488 366 Gregorius
498 301 548 360 ix,
559 300 635 354 dedit
647 300 799 368 Episcopls,
813 301 841 354 et
851 299 1002 352 minoribus
1014 297 1117 356 Praela-

110 372 138 421 tls
151 373 275 436 exemptis
289 372 453 438 facultatem,
468 377 500 423 ut
513 377 623 437 possent
636 373 689 424 sibi
704 373 805 438 eligere
828 371 1036 424 conlassarium.
1052 369 1114 434 Gap.

111 443 141 499 lt.
155 442 185 493 de
197 443 289 507 poenit.
303 447 429 496 eiramis.
444 443 665 496 et'lrideniinurn
682 444 762 495 tacite
776 443 804 512 in
818 443 869 495 hac
883 447 960 507 parte
974 443 1056 510 citato
1069 453 1116 492 ca·

110 513 150 577 pili
166 513 200 573 li,
212 514 301 579 quoad
316 527 410 566 omnes
424 515 570 579 derogavit,
584 515 650 566 dum
669 515 829 580 cuicumque
842 514 915 566 illleli
929 512 1071 571 concessit,
1086 509 1118 562 ut

110 597 150 634 sua
166 590 272 649 possent
294 591 404 650 peccata
427 586 546 638 confiteri
571 586 731 652 cuicumque
751 586 785 637 ab
805 585 948 640 Ordinatio
969 582 1117 650 approbato

110 653 262 707 confessario
278 657 411 721 saeculari,
426 658 482 709 siva
497 657 623 722 regulari,
645 670 711 708 sess.
733 655 773 721 23,
789 671 812 708 c.
829 655 866 715 le,
890 655 924 707 de
942 656 990 707 rel.
1008 660 1036 706 et
1048 666 1115 705 sess.

110 725 141 784 ll,
158 739 210 791 cap.
233 727 257 787 l,
277 727 311 779 de
335 729 428 794 poenit.
452 727 544 779 Poenae
563 731 652 778 autem
670 729 697 778 in
720 727 770 780 boc
790 728 970 790 continentur,
984 723 1055 792 quod
1069 723 1117 790 qui

111 794 160 847 huic
174 805 317 864 praeccplo,
331 805 358 850 et
373 805 511 864 praecepto
525 799 726 850 communionis
748 799 883 865 paschalis
903 797 1022 863 neglexit
1039 795 1118 848 satis-

109 866 192 932 lacare,
204 869 297 920 vivens
307 870 342 920 ab
357 869 482 934 ingressu
496 869 625 922 Ecclesia
636 869 786 934 privandus
796 875 847 934 est,
858 873 885 922 et
899 869 1018 922 moriens
1030 865 1114 918 eccle·

109 938 202 990 usatica
214 941 355 1004 sepultura
369 953 462 992 carere
475 940 566 1006 dabat,
581 943 612 992 ut
631 953 714 1007 supra
735 941 769 994 de
789 940 975 994 communione
995 935 1117 1006 paschali

110 1013 204 1076 eventa
212 1013 272 1077 jam
286 1013 491 1078 explicavimus.

135 1206 190 1264 334,
208 1207 328 1266 llullum
346 1212 392 1268 est
410 1214 577 1284 peccatum,
605 1207 686 1286 quod
703 1224 758 1286 per
775 1211 953 1283 potestatem
970 1202 1117 1264 achristo

107 1293 229 1366 Ecclesiae
252 1313 316 1355 suae
336 1296 470 1358 relictam
493 1297 604 1358 remitti
628 1315 690 1357 non
716 1295 811 1374 possit
842 1294 919 1366 :ait
947 1293 1027 1355 enirn
1052 1291 1117 1367 ipse

107 1381 222 1442 linitus
238 1403 244 1444 :
263 1385 458 1462 Quaecumque
477 1387 621 1448 solveritis
642 1404 731 1464 snper
751 1394 866 1446 tovana
880 1390 967 1445 crunt
978 1381 1077 1442 soluto
1091 1387 1141 1441 et·

106 1467 205 1531 incaelo
219 1476 272 1544 (l).
297 1475 477 1534 Vocabulum
497 1491 684 1551 quacumque
710 1472 810 1534 omnia
830 1478 954 1548 peccata
980 1485 1118 1546 compre·

106 1557 204 1634 leodii,
228 1569 260 1621 et
285 1563 400 1623 nullum
421 1564 562 1624 excludit.
578 1568 614 1623 nt
627 1561 796 1639 hujusmodi
821 1559 959 1622 Ecclesia
986 1566 1119 1635 potestas

104 1647 182 1707 variis
193 1649 292 1709 modis
306 1651 515 1712 Sacerdotibus
527 1650 730 1712 distribuitur:
746 1651 913 1711 aliihabent
927 1646 1117 1722 ordinariam,
1131 1681 1134 1686 ·

105 1741 132 1793 ut
151 1739 288 1812 Parochi3
310 1739 359 1798 alii
382 1741 559 1817 delegatam,
578 1747 611 1801 ut
630 1740 806 1802 Sacerdotes
831 1740 946 1816 absque
973 1734 1118 1797 beneflcio

105 1826 253 1898 parochiali
278 1828 448 1904 approbali;
473 1838 503 1889 et
519 1828 695 1906 approbatio
709 1828 773 1888 dari
784 1834 883 1904 potest
896 1827 926 1885 in
941 1841 1051 1902 genere
1063 1840 1119 1901 pro

105 1917 219 1990 utroque
238 1934 326 1990 sexu,
341 1919 388 1978 vel
409 1917 438 1977 in
462 1920 631 1994 speciepro
656 1919 737 1992 viris,
761 1919 806 1977 vel
835 1933 891 1993 pro
918 1914 1118 1976 monialibus:

14 1993 16 2042 ²
104 1997 482 2082 immoquidarngraviores
495 2024 583 2067 cesus
600 2012 726 2083 possunt
741 2007 771 2064 in
787 2003 1120 2082 quocumqucthemate

14 2129 15 2132 ,
104 2093 337 2168 asupcrioribus
360 2096 518 2157 reservari.
543 2097 626 2156 Unde
653 2095 855 2157 tridentinum
879 2093 1119 2168 anathemapro-

14 2241 15 2264 χ
103 2181 241 2242 nunciavit
255 2184 286 2242 in
300 2200 364 2256 eos,
381 2185 431 2260 qni
445 2185 589 2258 dicerent,
607 2185 759 2262 Episcopus
778 2201 841 2244 ooo
865 2183 970 2243 babere
990 2182 1044 2258 jos
1071 2197 1119 2240 re-

14 2273 15 2282 ’
104 2272 229 2330 siccandi
242 2272 298 2331 sibi
312 2289 397 2332 casus
411 2277 468 2346 (θη
481 2291 497 2332 a
509 2273 624 2334 lortiori
641 2275 700 2334 hoc
717 2273 797 2334 idem
814 2273 864 2348 jus
881 2272 991 2332 habent
1011 2269 1120 2330 summi

104 2357 252 2420 Pontifices
272 2359 302 2418 in
317 2361 457 2421 universa
471 2363 612 2423 Ecclesia.
629 2369 742 2423 Revera
760 2361 876 2432 merito,
893 2359 975 2419 aiunt
997 2357 1119 2419 Triden-

47 2489 50 2496 .
104 2442 270 2522 introires,
284 2449 439 2525 Pontifices
466 2452 595 2512 macinii
617 2469 672 2528 pro
689 2467 829 2528 supremo
850 2455 989 2525 potestate
1015 2446 1070 2506 sibi
1085 2447 1119 2506 ia

102 2530 216 2596 Ecclesia
244 2538 387 2597 ooioersc
414 2541 524 2600 tradito
546 2558 631 2601 casos
647 2541 761 2616 aliquos
783 2539 945 2619 criminum
971 2535 1118 2612 praetores

78 2709 80 2716 Ι
102 2633 315 2699 cooperuerant
324 2628 595 2704 pocottcrtjoctcto
608 2632 758 2690 reservare
769 2633 821 2702 (3).

125 2785 156 2851 (1)
170 2789 267 2840 Matth.
284 2790 321 2842 l8.
335 2817 366 2829 -
378 2791 411 2856 (i)
421 2793 495 2846 Trid.
507 2793 578 2846 Sese.
593 2794 630 2859 li,
645 2807 704 2846 can.
722 2793 759 2846 ii.
771 2820 802 2834 ·-
812 2793 847 2858 (3)
865 2793 906 2845 ld.
919 2805 985 2845 sess.
1002 2790 1041 2850 lt,
1057 2803 1116 2857 cap.

102 2854 262 2912 illidantur
278 2862 389 2928 insuper
403 2863 479 2915 bulla
501 2865 543 2915 Pii
569 2865 614 2923 vl,
638 2865 693 2916 diei
716 2865 747 2916 28
770 2865 908 2916 novembr.
934 2863 1002 2926 1786,
1019 2863 1047 2913 in
1061 2875 1115 2928 qua

101 2925 199 2982 damnat
222 2932 338 2996 impium
361 2932 512 2999 Cybelium,
534 2935 582 3001 ¹qui
606 2936 688 3000 Papae
708 2936 903 2987 reservationas
922 2934 1115 2998 maximoper-
1148 2943 1159 2953 ·

102 2997 155 3051 lidia
168 3001 359 3064 calumniatur,
371 3005 399 3055 in
409 3006 585 3058 abominabili
599 3019 648 3058 suo
660 3005 790 3059 liherculo
803 3023 810 3059 τ
825 3006 895 3074 Quid
910 3009 948 3059 cst
961 3003 1057 3070 caput

129 3206 187 3264 335.
203 3205 343 3284 Episcopi
355 3208 386 3269 in
400 3211 446 3269 his
465 3210 718 3271 reservationibus
731 3227 794 3288 prae
811 3211 906 3272 oculis
921 3211 1050 3274 babeant
1063 3229 1118 3274 ne·

101 3305 175 3354 cesse
187 3305 234 3358 est
247 3298 409 3360 tridentini
420 3299 575 3372 monitum,
587 3316 647 3376 quo
656 3307 851 3376 praecavelur‚
863 3307 896 3361 ut
904 3301 961 3361 hac
972 3307 1117 3377 potestate

101 3381 124 3442 iu
137 3388 274 3449 Ecclesiae
288 3387 514 3448 aedificationem
525 3395 656 3463 utantur,
670 3396 699 3450 cl
708 3408 767 3450 non
781 3391 811 3449 in
823 3390 1114 3462 destructionem),

101 3477 171 3549 quod
183 3477 338 3554 explicans
348 3483 438 3538 Sacra
450 3478 665 3554 Episcoporum
678 3481 882 3556 congregatio,
899 3482 1047 3540 Clemente
1056 3482 1116 3539 llll

102 3568 285 3642 approbante,
299 3566 463 3644 Episcopos
482 3568 641 3644 consuluit,
657 3574 691 3630 ut
704 3585 791 3662 casus
809 3585 917 3646 pooccs
934 3571 985 3642 (t),
1000 3581 1117 3645 cosque
