2432 4078
443 199 604 257 ...305-

41 320 199 374 oiiioemetur
223 321 322 375 dolium
341 323 408 384 vini,
424 335 536 375 eoerrue
552 322 690 386 frumenti,
713 326 762 376 eut
781 322 938 376 enimeiium
953 335 1028 390 grex.

41 393 142 444 Hoocesu
157 395 303 459 perieulum
317 397 421 464 spectet
444 394 479 446 ed
494 397 652 460 emptorem,
673 400 700 446 et
714 395 775 448 ideo
796 395 896 446 dieitur
909 395 1029 448 venditio

41 463 80 512 dori
99 477 140 529 per
153 465 325 529 aversionem,
343 466 408 531 quie
429 466 526 517 evertit
545 477 561 516 e
576 465 715 518 venditore
730 467 773 518 rei
787 465 905 538 vendite
927 467 1030 533 perieu-

41 534 86 594 lum,
98 540 119 588 et
126 537 249 589 transfert
261 537 289 588 in
302 540 457 604 emptorem.
475 533 650 589 Reiffenstnet
664 536 698 588 de
713 540 793 606 empt.
807 551 834 590 n.
848 536 903 589 221.

63 714 110 772 mr.
124 714 286 774 contractui
304 711 462 788 emptionis
483 717 513 772 et
532 711 711 772 venditionis
739 729 819 789 saepe
839 721 1030 790 opponuntur

38 801 252 878 indempnem,
275 817 403 879 quorum
417 800 567 878 praeoIpuo
581 807 650 861 sunt
668 821 675 860 :
693 808 813 876 paetum
834 802 868 862 de
881 810 1029 864 retrooen-

38 890 113 961 dendo,
133 900 251 968 pactum
277 891 345 967 lepis
370 885 586 959 commissoriae,
613 896 643 950 et
664 895 786 966 paetum
813 891 972 952 additionis
996 893 1031 952 in

38 977 99 1036 diem.
114 985 228 1041 Pactum
243 979 282 1039 de
294 978 545 1050 retrorendendo,
567 977 629 1038 sive
647 978 685 1038 de
703 978 878 1040 redimendo
892 986 937 1039 est
948 978 1031 1054 illud,

38 1081 74 1140 per
84 1068 154 1144 quod
175 1074 303 1144 emptor,
327 1067 451 1143 ejusque
474 1065 570 1125 heeres
593 1066 753 1142 debetvel
778 1072 878 1144 potest
891 1061 955 1128 rein
969 1082 1032 1128 em·

37 1161 102 1229 piem,
126 1157 270 1218 venditori
296 1154 521 1216 r'etrovendere.
549 1157 672 1230 Emptor
694 1154 784 1216 debet
806 1172 870 1215 rem
886 1155 1032 1217 venditori

36 1245 118 1318 petenti
129 1244 351 1317 retrovendere,
362 1243 386 1303 si
405 1243 463 1304 hoo
474 1248 596 1319 paetum
611 1242 781 1319 appositum
798 1244 836 1304 sit
855 1245 884 1304 in
899 1246 1031 1306 favorem

35 1332 175 1410 venditoris,
203 1351 265 1410 quo
290 1349 363 1392 oesu
377 1330 419 1391 rei
436 1330 564 1407 pretium
583 1331 659 1391 solet
680 1331 792 1406 minui,
808 1338 838 1394 et
850 1339 948 1409 potest
965 1349 1033 1394 rem

34 1422 149 1482 venditori
173 1421 399 1495 removendere‚
424 1419 450 1480 ei
477 1419 535 1480 hoc
548 1426 669 1496 peotmn
691 1421 721 1480 in
742 1421 875 1482 favorem
889 1421 1032 1497 emptoris

34 1512 170 1585 appositum
191 1511 241 1584 eit,
256 1528 317 1587 qno
333 1526 404 1569 oesu
422 1508 551 1584 pretium
569 1508 672 1584 augeri
688 1510 782 1583 solet,
800 1528 866 1588 quee
885 1509 972 1586 pretii
984 1509 1037 1589 de,

34 1597 137 1673 minotio,
149 1607 179 1662 et
191 1599 328 1661 eoeretio
342 1615 361 1657 e
374 1597 453 1674 poeti
465 1598 566 1657 favore
580 1614 636 1674 pro
652 1599 794 1658 alterutro
807 1599 1030 1674 cohonestetur,

34 1688 66 1760 qni
75 1690 183 1765 quidem
192 1696 241 1750 est
250 1687 346 1765 pretio
358 1685 548 1747 aestimehiiie
560 1691 623 1746 Hoc
634 1688 769 1762 profecto
783 1694 906 1765 paetum
917 1687 1032 1750 licitum

34 1783 63 1834 est
74 1781 116 1850 (t),
131 1780 219 1840 etiem
235 1778 266 1837 in
279 1775 451 1838 venditione
465 1791 609 1835 cenenum
624 1769 675 1850 (Ξ),
690 1775 781 1835 modo
794 1792 918 1837 usuram
932 1777 1031 1853 pellia-

34 1869 138 1928 tamnon
163 1867 332 1938 contineat,
349 1870 378 1926 et
406 1869 577 1940 contractus
600 1881 728 1924 comeo
754 1863 843 1924 initus
859 1865 900 1925 ite
917 1864 1032 1926 validus

34 1959 70 2025 est,
90 1962 119 2017 ut
141 1963 261 2032 emptor
274 1971 370 2030 usque
390 1952 429 2014 ed
446 1953 730 2014 retrovenditionem
745 1958 898 2030 tamquam
916 1955 958 2014 rei
976 1955 1030 2014 do-

34 2041 105 2104 minus
118 2062 221 2106 omnes
236 2046 352 2104 fruetus
362 2047 519 2119 perceptos
534 2041 622 2102 faciet
639 2059 721 2116 euos,
736 2048 767 2102 et
780 2042 945 2119 pendentes
955 2042 1032 2104 inter

34 2128 113 2208 ipsum,
127 2141 155 2195 et
169 2133 357 2196 venditorem
370 2148 425 2208 pro
438 2141 504 2194 rete
523 2130 581 2191 sint
595 2129 754 2189 dividendi.
771 2130 800 2190 si
817 2148 890 2192 vero
901 2147 950 2192 res
961 2148 1030 2207 per·

34 2225 72 2293 eat,
83 2230 191 2299 emptor
206 2222 296 2300 perit,
316 2226 345 2281 et
358 2221 481 2297 pootur'n
494 2217 655 2296 evanescit,
669 2218 739 2295 qnia
751 2219 831 2296 quod
844 2236 905 2280 non
916 2219 1025 2295 existit,
1063 2259 1067 2266 .

45 2324 86 2370 reo
96 2311 275 2387 retrovendi,
291 2327 348 2372 noe
356 2308 444 2370 vendi
453 2314 561 2386 potest.

52 2461 77 2525 (i)
85 2463 130 2515 Sed
141 2479 195 2517 non
206 2467 250 2516 est
263 2462 366 2514 licitum
380 2464 498 2526 peotum,
513 2473 575 2527 quo,
591 2459 683 2525 elepso
698 2462 771 2512 certo
792 2462 920 2526 tempore,
935 2459 1030 2512 vendi·

33 2531 60 2580 tor
71 2547 117 2585 rem
132 2537 266 2588 redimere
282 2536 416 2594 teneatur,
431 2538 531 2584 etcum
545 2545 598 2584 non
608 2531 693 2596 possit
705 2530 848 2590 redimere,
862 2545 920 2583 rem
930 2531 958 2581 in
970 2545 1034 2584 oon-

33 2600 154 2658 dnotionem
168 2607 287 2670 eooipiet
299 2619 347 2672 pro
367 2607 440 2656 certo
454 2617 566 2662 oenone,
579 2603 626 2669 qni
640 2602 720 2666 vulgo
735 2602 835 2654 dieitur
848 2602 908 2668 etto
923 2600 1030 2667 frendo.

32 2673 75 2734 mie
86 2675 131 2730 hoe
142 2683 252 2744 paetum
272 2677 447 2741 reproborum
471 2675 523 2726 tuit
542 2687 558 2724 e
577 2675 603 2726 S.
626 2673 838 2738 Congregetione
852 2673 885 2726 de
905 2673 1031 2726 mandato

31 2739 96 2798 mvl
107 2752 136 2800 ut
148 2750 196 2801 ref.
208 2748 332 2798 Ferraris
346 2747 374 2798 in
387 2747 454 2797 bibl.
465 2747 548 2797 verbo
563 2751 649 2799 contr.
663 2748 741 2810 empt.
759 2748 786 2796 et
799 2743 879 2796 card.
892 2743 982 2808 Soglie
997 2745 1031 2796 de

30 2811 68 2873 jur.
78 2820 138 2882 priv.
153 2821 166 2885 ξ
186 2820 238 2870 rto.
255 2845 285 2856 —
297 2818 334 2884 (2)
346 2819 448 2870 Census
462 2816 538 2868 varie
550 2817 697 2882 significem
714 2814 762 2867 sed
776 2815 819 2866 hio
834 2815 967 2880 decipitur
982 2828 1031 2881 pro

30 2885 72 2946 iure
85 2889 247 2955 percipiendi
260 2890 364 2940 fruetus
378 2903 451 2942 exre
464 2888 603 2952 frugifero,
618 2888 689 2954 quod
702 2886 866 2952 quidemjns
878 2888 960 2938 etiem
970 2901 1031 2938 cum

31 2961 86 3016 poeto
97 2959 127 3012 de
139 2959 351 3014 retmvendendo
365 2960 437 3012 lieite
451 2959 532 3010 vendi
545 2962 639 3020 potest.
654 2959 695 3009 Ad
710 2958 783 3009 huno
801 2961 890 3010 temen
904 2957 1030 3010 effectum

31 3035 116 3082 neeesse
134 3037 174 3085 est
195 3032 361 3084 odemuesim
383 3032 527 3083 observare
550 3030 741 3095 dispositiones
762 3030 1029 3096 Extrevegentiuml

31 3099 72 3161 eti,
82 3101 111 3154 de
124 3109 206 3168 empt.
222 3104 270 3154 int.
283 3116 350 3154 com.
366 3101 414 3154 sed
425 3102 540 3153 menime
558 3100 643 3152 Bullae
657 3101 699 3151 Pii
716 3100 747 3152 V.
759 3098 826 3154 dum
840 3115 916 3165 onus,
932 3102 961 3153 in
977 3115 1031 3168 que

31 3172 141 3228 predicte
163 3176 373 3239 Extrevegontee
400 3174 598 3225 confirmantur.
624 3171 695 3222 Huio
717 3175 808 3224 temen
831 3172 914 3224 bullen
937 3173 1030 3238 plures

31 3248 176 3297 accesserunt
195 3247 286 3299 Soorae
307 3244 526 3311 congregationis
547 3242 708 3295 decisiones.
732 3242 861 3295 direldue
884 3243 919 3295 ed
941 3241 1029 3294 titio

32 3315 93 3376 impr.
105 3316 132 3367 in
144 3319 189 3370 dn.

55 3491 106 3549 628.
123 3494 242 3552 Paetum
261 3493 336 3569 legis
358 3490 580 3566 commissoriae,
607 3490 669 3552 sive
689 3490 861 3567 simpliciter
877 3489 927 3549 lex
946 3501 1030 3548 oom-

34 3572 155 3658 nesorio,
177 3588 228 3644 aut
241 3590 363 3660 peotum
377 3580 616 3646 commissorium
629 3586 675 3644 est
695 3579 778 3655 illud,
800 3595 860 3655 quo
878 3579 1028 3638 eeontre-
