2524 4080
480 153 635 212 „431-

100 277 157 333 786.
177 274 244 335 Litis
263 273 478 335 contestatione
492 273 580 347 iacta,
597 273 691 350 judex
704 274 742 332 ad
755 273 924 334 instantiam
936 273 1074 350 partium,

66 363 159 422 velex
175 363 272 423 officio
285 363 445 424 terminum
458 363 664 440 probatorium
678 361 856 439 praescribit,
872 362 965 438 quiin
981 363 1078 425 causis

67 451 192 512 civilibus
206 454 371 514 communis
394 460 439 513 est
454 451 571 528 utrique
585 452 672 528 parti,
687 451 781 511 actori
795 452 907 512 scilicet
927 453 965 512 ad
983 453 1077 513 actio-

38 615 39 620 *
65 556 140 615 nem,
161 548 190 601 et
215 559 268 602 rec
297 543 333 602 ad
361 541 563 602 defensionem
589 542 785 618 probandam.
802 540 854 600 Hic
869 541 1013 602 terminus
1036 559 1076 602 err

62 629 125 703 jure
138 632 280 692 canonico
294 639 340 692 est
353 633 383 692 in
400 632 521 692 arbitrio
532 631 651 708 Judicis‚
666 630 765 689 habito
783 638 921 706 respectu
943 632 981 691 ad
994 633 1076 692 loco-

64 733 126 778 mm
152 719 329 792 distantiam,
349 721 386 780 ad
414 721 585 797 qualitatem
607 735 812 796 personarum,
836 725 865 779 et
880 737 988 780 causae.
1006 727 1079 782 Cum

63 806 113 866 luit
125 815 250 868 statutus
263 815 308 869 est
318 807 547 886 peremptorius,
562 807 678 868 etiamsi
688 809 753 868 haec
767 807 891 884 qualitas
905 827 966 869 uon
979 812 1078 886 expri-

64 902 165 956 matur.
181 897 377 958 Nihilominus
384 916 422 958 ex
433 899 512 976 justa
522 915 611 957 causa
620 904 719 973 potest
731 895 857 959 concedi
872 899 1032 975 secundus,
1049 908 1080 961 et

64 984 162 1044 tertius
174 986 330 1059 terminus,
353 985 485 1062 praestito
503 985 680 1045 insecundo
699 991 847 1061 apeteute
858 987 1027 1062 juramento
1042 988 1080 1049 de

61 1071 134 1146 juste
147 1073 350 1152 impedimenti
362 1092 461 1147 causa,
486 1081 516 1134 ct
535 1074 603 1134 data
617 1092 672 1150 pro
691 1075 778 1134 tertio
793 1067 969 1151 probatione
983 1077 1080 1136 adhuc

62 1163 276 1237 majore3-ultra
288 1181 361 1224 vero
378 1163 498 1223 tertium
514 1163 675 1234 terminum
688 1181 728 1224 ex
740 1162 846 1222 eodem
857 1164 925 1239 jure
943 1181 1022 1225 nove
1036 1165 1079 1224 di-

63 1249 128 1311 latio
142 1252 268 1313 concedi
282 1270 343 1312 nou
356 1258 456 1329 potest
467 1257 519 1325 (l).
916 1315 918 1324 x

78 1342 284 1404 .Contumacia
299 1341 406 1402 deinde
423 1347 523 1417 potest
542 1339 670 1414 definiri,
690 1347 880 1416 contemptus,
897 1343 956 1402 sive
980 1341 1078 1413 inobe-

64 1429 178 1502 dientia,
193 1449 253 1508 que
264 1432 328 1508 quis
338 1431 434 1506 judici
445 1431 636 1508 praecipiente,
646 1429 705 1489 siue
714 1429 798 1489 initio
814 1429 884 1504 litis,
899 1431 958 1490 sice
971 1431 1004 1491 in
1019 1431 1081 1506 aies

61 1522 257 1593 prosecutione
275 1519 470 1595 obtemperare
495 1525 621 1579 recusat.
650 1523 746 1590 Quare
769 1520 956 1579 contumacia
981 1520 1083 1582 dolum

64 1605 194 1683 involvit,
210 1609 273 1668 sive
286 1609 473 1684 propositum
493 1607 703 1668 contemnendi
713 1607 853 1683 judicem,
872 1615 923 1668 aut
937 1608 1077 1670 adversa·

64 1695 137 1756 rium
154 1696 352 1768 molestand13
368 1714 427 1772 qua
446 1697 485 1756 de
500 1713 589 1756 causa
604 1695 635 1753 in
652 1695 852 1755 becretalibus
872 1697 938 1756 hacc
958 1697 1083 1758 materia

63 1789 202 1846 tractatur
217 1787 247 1846 in
272 1785 355 1844 titulo
380 1783 413 1843 de
441 1783 516 1855 dolo,
535 1791 561 1843 et
587 1783 781 1844 contumacia.
806 1789 969 1845 contumax
984 1794 1085 1848 autem

63 1873 195 1949 efficitur,
212 1873 264 1950 qui
282 1873 376 1933 tribus
389 1871 503 1932 vicibus
516 1873 633 1945 citatus,
652 1878 704 1932 aut
722 1874 813 1932 semel
831 1875 1032 1950 peremptorie
1046 1875 1085 1935 ad

60 1961 203 2035 iudicium
214 1961 319 2022 venire
333 1962 478 2021 detrectat
493 1965 552 2034 (2);
569 1959 620 2036 qui
638 1961 675 2019 ad
689 1961 833 2036 judicium
849 1964 977 2038 primum
992 1965 1083 2040 venit,

63 2051 112 2110 sed
125 2059 234 2129 postea
253 2051 372 2124 deserit,
393 2052 442 2110 vel
455 2049 639 2125 respondere
656 2056 786 2124 recusat,
800 2058 851 2111 aut
866 2051 1004 2128 ambigue
1021 2059 1085 2113 tan·

62 2146 122 2200 tum
135 2141 371 2217 respondebant
382 2137 568 2198 frustratorie
582 2138 710 2213 appellat
726 2143 779 2211 (3);
797 2145 826 2198 et
837 2139 887 2214 qui
901 2139 1031 2216 impedit,
1046 2159 1085 2202 ne

62 2231 154 2302 possit
180 2231 220 2289 ad
242 2228 363 2288 citatum
386 2227 541 2303 pervenire
566 2223 665 2285 citatio
679 2231 730 2297 (t).
749 2231 823 2286 Sunt
848 2229 994 2289 tamenin
1013 2231 1082 2304 Jure

62 2321 207 2379 canonico
223 2317 361 2395 quaedam
369 2333 477 2390 causae,
492 2331 558 2390 quae
572 2333 590 2374 a
603 2314 790 2374 contumacia
804 2332 949 2376 excusare
959 2325 1085 2396 queunt,

62 2406 102 2464 uti
116 2416 163 2468 est
176 2408 312 2479 morbus,
323 2408 406 2465 locus
420 2411 585 2478 uectatus,
599 2403 713 2463 notaria
722 2402 830 2479 judicis
843 2404 1085 2484 incompetentia,
1106 2451 1108 2458 .

61 2501 108 2556 uel
117 2498 200 2558 eliud
212 2498 327 2574 justum
340 2494 609 2570 impedimentum(
629 2496 649 2565 ).

90 2686 125 2752 (l)
140 2685 207 2738 Gan.
233 2677 353 2734 raucae
366 2679 388 2742 ξ,
410 2675 529 2744 apetium
553 2689 577 2726 c.
594 2677 618 2738 3,
633 2687 659 2738 q.
674 2675 697 2738 3,
712 2678 738 2726 et
756 2687 813 2740 cap.
827 2673 905 2728 littra
920 2677 1030 2731 tertium
1049 2679 1082 2732 de

62 2759 150 2810 testib.
165 2758 258 2809 dustae
280 2757 370 2804 eutem
391 2761 481 2800 causae
494 2748 555 2797 novi
570 2745 733 2798 concedendi
750 2746 855 2796 termini
881 2753 944 2800 sunt
955 2769 960 2795 ;
973 2751 1079 2813 justum

63 2828 297 2897 impedimentum,
310 2823 422 2874 suborta
433 2831 503 2871 nera
517 2817 648 2883 probatio,
660 2817 783 2882 probatio
801 2817 929 2882 impedite
947 2819 1017 2872 iacto
1036 2823 1083 2873 ad-

61 2901 185 2960 versarii,
205 2897 230 2949 si
253 2891 395 2960 agamede
415 2888 571 2941 consistorio
586 2887 728 2952 Principis,
749 2889 792 2939 vel
808 2888 944 2954 Episcopi,
960 2893 983 2942 si
1006 2896 1080 2943 actor
1101 2925 1105 2930 -

64 2973 143 3023 addat
160 2967 267 3034 aliquid
286 2967 314 3016 iu
325 2963 427 3024 libello,
444 2960 467 3012 si
481 2965 572 3024 partes
585 2958 639 3009 siut
653 2963 811 3024 praesentes,
826 2973 875 3010 nec
892 2962 1075 3015 contradicent

63 3044 85 3095 ai
105 3040 284 3110 superveniet
306 3033 416 3100 aliquod
430 3030 561 3091 incidens,
582 3028 605 3080 si
619 3033 715 3093 agatur
728 3029 761 3080 de
785 3030 898 3082 absenti.
915 3033 1085 3098 Pellegrinug

63 3119 131 3178 part.
142 3117 168 3179 3,
185 3116 254 3164 sect,
266 3111 291 3167 3,
303 3107 421 3158 subsect.
435 3104 459 3162 3,
472 3116 500 3152 n.
516 3101 539 3158 3,
550 3103 577 3150 et
587 3113 665 3164 seqq.
680 3123 707 3136 -
722 3100 755 3164 (e)
770 3101 835 3166 cap,
849 3102 894 3154 flu·
907 3103 941 3155 de
954 3103 1085 3155 testib.-

64 3185 98 3251 (3)
110 3187 178 3252 Cap.
196 3185 226 3236 et
238 3183 261 3240 8,
277 3179 335 3230 eod.
350 3177 413 3227 inb.
427 3201 458 3212 -
470 3173 501 3236 li)
518 3172 580 3243 Gap.
594 3171 617 3233 5,
632 3175 663 3222 ut
684 3171 725 3224 lu.
738 3176 808 3222 cont.
823 3177 876 3224 oto.
890 3201 921 3212 —
934 3176 969 3238 (5)
983 3176 1082 3226 contu.

63 3260 149 3312 mucia
162 3273 181 3310 a
194 3251 359 3306 Doctoribus
383 3245 557 3308 distinguitur
580 3243 608 3293 iu
629 3255 731 3302 oerum,
743 3247 769 3294 et
782 3243 810 3294 in
821 3243 923 3306 fictam,
940 3246 1012 3298 pem
1031 3247 1080 3300 est,

64 3331 172 3396 quaudo
188 3325 252 3392 quis
267 3323 317 3374 luit
331 3317 509 3385 personaliter
525 3315 630 3374 citatus,
645 3314 688 3364 vel
706 3313 734 3363 in
748 3313 826 3365 domo
840 3329 895 3366 suae
905 3315 1083 3374 habitationis
1177 3341 1178 3346 ,

65 3407 91 3453 et
103 3401 197 3453 citatio
223 3391 394 3463 pervenitad
414 3391 474 3454 ejus
496 3386 627 3444 notitiem,
643 3390 670 3436 et
687 3386 746 3450 ipsa
765 3399 819 3437 non
838 3388 1002 3452 comparuit;
1018 3388 1079 3438 fleta

63 3473 173 3538 quarmo
187 3468 252 3536 quis
266 3465 361 3527 latitat,
376 3475 410 3513 ne
423 3459 527 3516 citetur.
541 3469 590 3508 vec
603 3456 823 3538 impedimentum
840 3459 958 3524 apponit,
969 3472 1002 3509 ua
1017 3461 1083 3510 cito-

63 3546 101 3598 uo
113 3545 231 3598 aueum
243 3536 390 3604 pervenre,
408 3531 450 3586 vu
463 3529 571 3596 quando
588 3541 650 3594 eus
662 3528 714 3580 suit
731 3529 829 3580 citatus
848 3531 877 3579 u
895 3528 972 3580 uomo
993 3531 1081 3582 arruns
