2524 4080
492 247 596 304 -dll
617 273 653 286 -·

101 367 158 426 739.
178 367 345 427 advocatus
358 372 388 428 et
401 371 579 444 procurator
592 365 695 443 nequit
716 381 787 427 eum
800 365 909 427 cliente
923 366 1032 442 pacisci
1046 367 1084 426 de

71 461 154 532 quota
166 454 235 530 litis,
247 473 286 516 ne
298 473 353 532 per
366 458 449 517 nefas
462 456 493 515 in
502 454 657 515 victoriam
671 452 781 514 nitatur
792 473 800 528 3
813 453 884 515 item
898 453 1001 532 nequit
1014 471 1083 516 cum

69 544 169 606 eodem
181 549 365 606 contractum
380 543 538 622 emptionis
551 551 582 605 et
594 541 782 622 venditionis,
796 545 845 604 vel
859 543 1086 620 permutationis

69 633 189 692 aliumve
202 633 328 694 similem
338 633 424 708 inire,
439 651 477 694 ne
498 633 586 694 timor
606 632 666 692 litis
685 631 829 708 iustitiam
840 632 1085 694 commutativam

68 720 151 780 laedat
160 724 199 792 (t)
209 739 217 796 3
227 722 286 782 hoc
299 721 398 798 ipsum
413 721 533 798 quidam
546 721 712 782 extendunt
721 721 759 781 ad
768 729 889 797 pactum
900 721 981 782 circa
989 723 1084 782 hono·

68 812 182 884 rarium,
194 811 274 887 quod
282 827 351 872 mea
361 812 507 872 sententia
522 817 593 872 tunc
608 817 721 872 tantum
734 817 837 888 posset
850 811 960 872 habere
973 813 1083 884 locum,

70 914 134 958 oum
153 905 221 974 post
240 899 323 964 litem
347 905 553 974 contestatam,
569 906 599 961 et
617 905 686 960 ante
706 901 930 962 conclusionem
950 900 981 960 in
995 917 1086 962 causa

70 987 159 1062 fieret,
173 1003 234 1050 non
245 1005 317 1049 vero
331 989 391 1050 alio
404 993 555 1065 tempore:
571 1005 642 1049 narn
656 988 754 1064 primo
769 1006 841 1050 casu
856 989 951 1051 edens
965 996 1012 1050 est
1024 990 1086 1050 rel-

68 1075 107 1134 uti
119 1083 238 1138 coactus
251 1077 290 1136 ad
305 1077 552 1138 consentiendum
569 1077 598 1136 in
619 1078 812 1143 honorarium
825 1079 915 1139 etiam
925 1095 1012 1154 aeqno
1023 1093 1087 1138 ma·

66 1163 121 1240 jus,
133 1181 171 1225 ne
185 1167 362 1241 advocatus,
372 1167 420 1226 vel
429 1173 607 1243 procurator
615 1165 715 1242 agnita
724 1183 822 1226 causae
834 1173 950 1227 secreta
958 1165 988 1225 in
998 1165 1087 1225 clien-

68 1249 103 1311 tis
122 1253 328 1331 praejudicium
349 1254 476 1331 prodat3
496 1255 589 1316 altero
609 1261 709 1314 eutem
723 1272 794 1314 casu
807 1256 871 1315 haec
885 1254 960 1315 ratio
972 1260 1088 1328 cessat,

68 1345 96 1399 et
108 1342 229 1404 aliunde
240 1345 326 1418 juxta
340 1346 369 1404 S.
384 1343 590 1420 augustinum,
613 1341 677 1402 ticet
690 1343 827 1404 advocato
839 1342 1089 1419 vuuacjustum

1 1483 2 1498 ,
67 1431 275 1507 patrocinium,
290 1438 317 1491 et
324 1431 540 1508 jurisconsulto
553 1437 668 1490 reatum
682 1431 838 1492 masiliam
850 1433 902 1504 (ι).

1 1617 2 1622 ,
70 1576 259 1718 ο’(ιᾶὶαέῗιιιὸι.
284 1593 308 1632 o.
327 1579 352 1639 3,
375 1593 401 1648 q.
424 1577 542 1646 7.-(r)
561 1577 682 1643 Genii,
703 1593 727 1631 c.
752 1580 791 1633 ll.
813 1593 841 1648 q.
872 1581 897 1645 ³,
917 1582 944 1633 st
963 1593 1024 1634 cau.
1050 1581 1089 1634 ts.

101 1854 162 1912 760.
182 1851 331 1914 Iudicium
353 1827 532 1930 quandoque
556 1872 595 1915 ex
617 1855 832 1930 convenientia,
852 1855 1030 1934 quandoque
1050 1872 1090 1915 ex

68 1941 246 2020 necessitate
255 1942 327 2002 alias
341 1960 460 2020 quoque
475 1949 582 2019 praeter
597 1952 785 2006 eumnerates
797 1944 923 2021 requirit
934 1961 1089 2022 personas,

66 2029 108 2088 ud
124 2037 170 2092 est
183 2033 329 2102 Asscssor,
346 2032 502 2093 Promotor
512 2033 634 2108 fiscalis,
644 2032 845 2094 Cancellcrios
858 2039 887 2093 et
904 2033 1023 2094 Cursor.
1039 2039 1091 2096 as-

67 2135 166 2181 sessor
180 2127 228 2182 cst
241 2121 286 2180 vir
296 2120 495 2198 jurisperitus,
517 2138 606 2197 quem
622 2122 716 2199 judex
736 2122 774 2182 ad
796 2129 878 2183 recte
896 2121 1091 2199 judicandum

68 2215 222 2287 tamquam
244 2207 445 2270 consiliarium
467 2209 522 2268 sibi
545 2209 673 2270 associat
694 2213 746 2283 (l),
765 2216 795 2270 et
817 2209 924 2270 dicitur
944 2227 1090 2286 assessor,

68 2297 135 2374 quia
148 2316 246 2376 penes
258 2297 390 2375 iudicem
403 2297 534 2360 assidere
548 2300 632 2360 solet.
644 2303 733 2359 Datur
745 2316 763 2358 a
777 2298 940 2375 superiore,
953 2299 1001 2360 vel
1012 2315 1092 2359 assu-

67 2385 156 2448 mitur
178 2388 218 2448 ab
239 2386 306 2464 ipso
322 2385 433 2464 judice,
449 2387 569 2464 quando
587 2388 635 2447 vel
649 2388 687 2446 ob
698 2387 774 2464 juris
788 2386 976 2464 imperitiam,
991 2389 1039 2448 vel
1052 2389 1091 2448 ob

68 2478 261 2552 negotiorum
281 2475 528 2554 multiplicitatem
547 2475 647 2536 omnia
662 2493 716 2554 per
729 2493 762 2537 se
774 2476 868 2552 judex
882 2475 1024 2552 expedire
1038 2492 1093 2538 ne·

68 2565 129 2640 quit
141 2571 194 2640 (2).
211 2571 256 2626 Ex
268 2564 378 2626 veriori
391 2565 536 2626 sententia
549 2566 630 2626 nulla
642 2566 733 2642 pollet
743 2564 946 2640 jurisdictione
969 2569 1019 2638 (3),
1035 2583 1092 2626 uec

65 2653 203 2729 judicum
215 2653 422 2731 praerogativis
434 2653 550 2728 fruitur,
565 2671 622 2714 nec
636 2654 787 2731 publicum
806 2653 883 2730 gerit
898 2653 1027 2714 officium
1040 2657 1092 2728 (l).

68 2743 120 2802 sed
131 2744 283 2819 privatum
298 2747 423 2815 tantum,
437 2759 491 2818 per
502 2743 582 2818 quod
594 2749 694 2803 tamen
701 2743 832 2820 judicem
847 2742 1004 2820 iustruere,
1019 2743 1094 2805 etin

70 2831 150 2892 omni
160 2829 362 2910 judiciiparte
373 2829 527 2908 diligenter
542 2833 683 2909 adjuvere
698 2839 814 2894 tenetur
825 2835 877 2906 (ὅ).

100 2999 135 3062 (l)
153 2997 221 3064 Gap.
239 2997 278 3061 ll,
288 2997 300 3062 l
312 2997 470 3050 Antenorem
483 2997 516 3049 de
531 2988 653 3063 rescript.
668 3000 697 3048 in
710 2998 734 3058 6,
744 2997 799 3050 etl.
815 2997 836 3064 t,
849 2997 907 3049 sod.
923 2997 957 3049 de
971 3011 1093 3050 assesso·

70 3068 120 3121 rib.
134 3095 165 3106 -
176 3069 214 3134 (2)
228 3067 383 3134 Capitulum
397 3070 487 3119 tamen
501 3081 555 3119 non
569 3071 658 3134 potest
669 3068 734 3120 dare
747 3082 910 3121 assessorem
925 3083 973 3121 suo
987 3069 1095 3120 Vicario

70 3141 168 3200 electo;
185 3139 234 3206 sed
248 3139 307 3204 ipse
320 3138 446 3190 vicarius
463 3152 525 3190 eum
539 3143 629 3206 potest
642 3140 695 3191 sihi
716 3153 863 3192 assumere.
875 3141 901 3191 S.
918 3140 1095 3205 congregatio

70 3210 267 3276 Episcopomm
286 3209 318 3261 tt
333 3210 459 3262 novemb.
479 3210 543 3261 anni
564 3210 631 3261 1604.
654 3237 684 3246 -
706 3211 742 3276 (8)
763 3211 856 3262 Abhas
875 3211 904 3262 iu
926 3223 986 3276 cap.
1009 3207 1096 3274 Super

68 3281 245 3346 qaaestionem
258 3281 291 3333 de
305 3279 374 3332 offic.
392 3279 480 3347 deleg.
500 3295 527 3330 ιι.
544 3279 581 3333 16.
598 3281 650 3333 Sed
666 3295 727 3334 cum
739 3282 850 3334 consilio
864 3296 916 3348 quo
926 3283 955 3334 in
964 3281 1098 3346 judicium

71 3349 179 3414 iniiam,
191 3365 224 3403 ex
236 3352 537 3419 eausapotsstallegori
552 3356 708 3418 suspectum
720 3356 746 3404 et
756 3352 842 3419 judex
856 3353 936 3404 debet
945 3353 1015 3403 hano
1029 3351 1097 3402 alle-

70 3425 211 3487 gationem
222 3426 369 3489 suscipere,
384 3423 451 3474 alias
468 3423 545 3474 fleret
563 3423 622 3489 ipse
645 3429 796 3490 suspectus.
817 3425 986 3490 Pellegrinds
1006 3424 1033 3472 in
1051 3422 1097 3473 cit.

69 3498 157 3560 praet.
172 3498 242 3560 part.
261 3493 287 3558 t,
301 3494 418 3560 premis.
442 3496 466 3558 3,
481 3509 508 3546 n.
527 3495 567 3555 ιθ,
589 3495 701 3547 Verum·
712 3496 736 3548 si
757 3496 836 3547 datus
850 3498 922 3547 esset
934 3505 1055 3545 assessor
1068 3493 1098 3544 in

70 3574 156 3617 causa
169 3565 205 3616 de
218 3577 351 3618 consensu
364 3566 491 3632 partium,
505 3579 559 3618 non
573 3569 665 3632 posset
679 3567 795 3630 amplius
813 3565 925 3629 allegari
943 3568 1095 3631 suspectus,

75 3637 141 3703 qais
153 3649 206 3702 per
218 3637 318 3690 famam
331 3636 450 3703 exceptio
463 3637 623 3704 suspicionis
637 3637 796 3690 excinditur.
813 3661 842 3676 υ·
858 3636 891 3701 (l)
905 3636 970 3688 ideo
983 3633 1098 3690 clericus
