2432 4078
620 235 781 296 ..304-

184 357 229 420 rei
244 357 434 424 commodum
448 361 517 434 post
537 361 724 420 conuectum
745 355 783 418 nd
796 356 933 419 eumdem
951 359 1102 433 ompureo
1112 371 1169 431 spe

185 451 257 520 otet,
271 446 341 522 quio
354 463 395 508 ex
405 447 508 522 regiola
518 446 604 522 iuris,
620 447 669 522 qui
680 447 768 507 seuit
781 463 858 506 onus
871 447 959 507 etium
969 453 999 506 et
1007 444 1169 506 commodum

183 533 294 596 sentim
307 534 396 596 debet
408 540 460 609 (l).
476 540 598 612 nuptor
609 535 721 596 idcirco
730 535 856 612 percipit
872 535 915 596 rei
926 536 1047 607 imotus,
1060 540 1084 593 rt
1096 548 1170 592 omne

182 629 397 698 augumentum
409 623 453 684 rei
465 623 648 700 adjunctum,
663 625 726 686 sive
739 624 778 684 sit
790 643 810 684 s
823 631 937 700 notura,
949 631 983 684 ut
995 623 1026 684 in
1038 621 1170 693 alluvione,

182 711 246 773 sive
256 710 295 772 sit
305 730 324 772 o
335 729 419 788 runi,
433 719 467 774 ut
474 712 506 773 iu
518 712 702 775 incremento
716 713 812 790 pretii.

211 881 248 948 (l)
264 881 337 934 Illud
355 882 400 936 liic
412 883 568 944 notandum,
583 882 655 950 quod
675 883 802 938 solutioni
826 884 1011 952 equiporotur
1023 881 1086 938 tides
1096 880 1171 932 libito

181 952 607 1090 lllw‘llllffllillllllll’
615 952 1170 1079 litlultlutlostultiut·

180 1101 225 1148 eet
236 1095 263 1148 in
275 1040 424 1162 emptori&
436 1096 523 1148 solum
536 1099 598 1162 post
611 1041 791 1157 trodl’uglriem
801 1101 832 1149 ut
842 1110 925 1162 supro
936 1097 1060 1155 diximus,
1072 1099 1096 1146 st
1116 1092 1171 1160 quod

180 1170 375 1233 oomequenter
386 1167 545 1231 periculum,
562 1172 590 1220 et
611 1168 780 1220 commodum
803 1169 843 1222 rei
861 1167 959 1221 debeat
980 1181 1060 1235 penes
1073 1165 1170 1218 vendito-

179 1251 238 1294 rem
248 1251 373 1301 monero;
386 1252 450 1292 uem
461 1237 512 1290 hoc
523 1238 639 1306 speciale
653 1243 695 1292 ost
708 1239 737 1290 in
750 1238 913 1299 venditione,
928 1239 993 1305 quio
1007 1240 1034 1290 in
1047 1239 1171 1300 coemptor

179 1323 229 1375 per
241 1310 328 1362 solum
342 1313 507 1362 contractum
521 1309 637 1376 quodem
655 1311 727 1377 juris
740 1309 846 1362 fictione
862 1309 901 1362 rei
924 1309 1047 1362 domiuus
1061 1309 1170 1365 censetur,

169 1393 240 1432 cum
253 1394 285 1433 ex
296 1382 367 1445 juris
376 1380 517 1447 principio,
531 1380 577 1446 oui
586 1381 621 1432 od
632 1394 689 1433 rem
701 1381 834 1434 sotionem
848 1380 939 1440 hebet,
948 1395 1008 1434 rem
1018 1381 1097 1447 ipsam
1106 1377 1169 1428 hebo·

179 1463 209 1502 re
220 1451 353 1503 videntur.
367 1479 392 1490 -
421 1451 457 1515 (3)
472 1451 587 1517 Insuper
601 1453 718 1516 pretium
732 1451 851 1504 solutum
863 1453 980 1518 emittit,
995 1453 1022 1503 et
1041 1451 1064 1502 si
1076 1447 1171 1500 nondun

178 1520 297 1586 solverit,
308 1523 412 1576 solvere
425 1523 506 1576 debet
518 1523 610 1576 eodem
625 1523 714 1586 modo,
724 1537 757 1576 uc
770 1524 793 1574 si
809 1537 852 1576 res
866 1523 974 1588 integre
991 1518 1171 1586 moneretque

179 1596 331 1648 contructus
342 1593 394 1648 luit
406 1593 550 1662 perlectus.
564 1621 595 1636 -
606 1594 643 1662 (t)
656 1593 722 1662 usp.
735 1595 776 1662 55,
786 1594 820 1648 de
832 1608 888 1662 rog.
900 1595 957 1661 jur.
977 1593 1006 1648 in
1020 1593 1043 1646 6.

212 1789 274 1849 oto.
298 1791 367 1850 llaec
390 1792 489 1850 umen
506 1787 609 1865 regule
626 1789 727 1866 plures
748 1788 838 1852 hebet
851 1789 1054 1866 exceptiones,
1067 1783 1170 1848 nomrci

176 1877 342 1954 mnodum
364 1876 491 1953 pertinet
508 1877 818 1940 odvenuitorem.:10
843 1879 869 1940 si
886 1879 959 1940 illud
983 1893 1076 1955 usque
1091 1869 1170 1935 edroi

176 1965 364 2028 deditionem
375 1981 430 2042 per
446 1973 568 2041 poclum
585 1967 616 2028 in
629 1984 662 2028 sc
675 1968 839 2044 susceperit
854 1967 942 2044 :quie
954 1985 996 2028 ex
1009 1965 1104 2043 regulo
1112 1959 1169 2038 jonio
1194 1981 1195 2021 l

176 2060 349 2115 contractus
366 2071 385 2114 o
405 2056 602 2134 conventione
623 2057 720 2133 legem
739 2056 887 2134 occipiunt
902 2060 958 2131 (l);
979 2062 1011 2116 2⁰
1032 2055 1056 2114 si
1077 2052 1169 2125 exejus

175 2143 255 2216 dolo,
281 2149 333 2204 out
355 2145 442 2222 culpe
455 2146 525 2221 luta,
538 2146 587 2206 vel
604 2145 693 2208 etiam
706 2146 764 2207 levi
778 2163 827 2207 res
841 2145 961 2223 perierit
981 2161 1071 2206 :nam
1090 2139 1169 2216 regulo
1193 2185 1194 2218 ς

175 2238 221 2294 est
235 2233 273 2294 oh
287 2232 425 2294 omnibus
447 2234 624 2296 Ductoribus
640 2235 779 2309 admisso,
801 2235 833 2296 iu
845 2236 1047 2296 contractibus
1058 2232 1168 2292 bilatere·
1193 2223 1194 2251 ¹

174 2320 252 2384 libus
264 2321 294 2381 in
307 2321 462 2399 utriusque
476 2322 678 2384 contrahentis
685 2325 878 2384 commodum
891 2318 1168 2401 reconpensatio

175 2425 243 2471 csse
254 2411 364 2472 nedum
378 2412 496 2488 culpem
508 2413 608 2486 latam,
624 2412 721 2474 sedet
738 2414 834 2474 levem
850 2416 911 2492 (2),
926 2417 958 2472 ἒ)ο
974 2413 1001 2472 si
1011 2428 1058 2472 res
1071 2402 1167 2486 perierit
1192 2437 1193 2481 ,

174 2516 215 2560 ex
228 2499 361 2577 antiquo,
376 2506 407 2560 et
420 2502 538 2562 occulto
557 2500 638 2576 vitio,
654 2501 735 2578 quod
751 2501 868 2564 videtur
882 2501 1038 2563 continere
1059 2506 1167 2559 errorem

173 2589 204 2650 in
219 2588 397 2661 substentic3
418 2594 450 2656 t-
469 2589 495 2650 si
512 2607 562 2650 res
583 2589 704 2650 vendite
719 2589 817 2665 fuerit,
832 2597 865 2650 ut
882 2590 995 2658 dicunt,
1011 2589 1165 2662 augustuni
1191 2655 1192 2660 γ

173 2676 392 2750 adnumerum,
417 2684 469 2737 out
491 2679 529 2738 sd
545 2694 728 2752 mensuram,
747 2680 795 2738 rel
816 2678 855 2738 od
869 2678 997 2754 pondus,
1011 2684 1040 2738 et
1058 2670 1166 2734 nondum
1191 2691 1192 2708 ¹

172 2765 336 2840 degustate,
350 2773 514 2841 numeratu,
524 2767 743 2841 admensuraoa,
753 2768 802 2828 vel
812 2767 1052 2843 odpensufuerit,
1062 2761 1122 2840 quia
1130 2773 1165 2816 oo·

174 2858 202 2912 te
224 2854 413 2928 operationes
426 2856 498 2916 istus
516 2873 681 2918 consensus
698 2858 791 2918 fertur
806 2858 837 2917 in
850 2857 1008 2930 incertum,
1023 2854 1070 2914 vel
1080 2849 1163 2911 salton
1190 2881 1191 2939 ,

172 2945 218 3000 est
227 2941 457 3017 conditionatos,
472 2961 509 3004 oo
518 2945 643 3022 proinde
656 2953 825 3007 contractus
838 2945 942 3023 perfici
954 2943 1075 3022 nequit(
1091 2943 1110 3012 ).

202 3108 237 3175 (l)
252 3109 316 3176 Cup.
331 3111 370 3170 85,
387 3111 419 3164 ds
432 3127 486 3180 reg.
499 3116 555 3181 jur.
569 3115 598 3167 in
613 3115 637 3166 6.
652 3143 682 3153 -
694 3115 729 3181 (t)
743 3115 819 3169 idem
833 3115 977 3168 dicendum
995 3115 1019 3167 si
1032 3113 1088 3180 post
1100 3101 1161 3176 profit
1189 3108 1190 3167 l

170 3181 329 3233 solutionem
345 3183 419 3236 solus
432 3186 554 3238 venditor
570 3187 605 3238 sit
614 3187 643 3239 in
657 3201 733 3238 moro
747 3200 803 3239 rem
818 3186 950 3245 tradendi.
964 3185 1028 3252 quie
1039 3193 1108 3236 mort
1120 3171 1164 3226 oul·

169 3265 231 3317 pam
245 3253 341 3304 saltem
354 3254 441 3308 levem
452 3257 577 3319 ostendit,
594 3261 622 3310 et
637 3271 712 3310 moro
725 3258 836 3310 cuilibet
848 3262 934 3311 nocet.
953 3258 1017 3323 cop.
1031 3256 1069 3313 ti.
1083 3248 1164 3304 eod·-

168 3323 205 3390 (3)
219 3325 306 3377 Aliter
316 3339 379 3378 vero
394 3340 438 3379 res
459 3327 588 3393 procedit,
603 3329 627 3380 sl
643 3328 820 3384 venditiollot
834 3329 868 3380 od
883 3342 981 3395 corpus
1002 3341 1050 3393 per
1065 3317 1161 3396 oromo-

166 3410 238 3459 uem,
253 3400 283 3447 ut
296 3397 421 3450 dicebant
436 3398 558 3462 Romani,
573 3401 615 3452 vel
631 3400 659 3451 in
674 3413 773 3462 muoso,
787 3405 817 3451 ut
830 3399 901 3462 Itali,
917 3402 964 3451 eut
983 3397 1084 3454 culleo.
1095 3385 1160 3442 utu

127 3514 130 3520 .
169 3473 234 3519 cunt
254 3467 334 3519 Gelli.
358 3469 423 3520 Haec
444 3469 525 3534 plene
543 3470 661 3523 venditio
680 3472 727 3534 lit,
749 3485 809 3523 cum
830 3471 909 3523 unico
933 3469 1072 3522 constituto
1092 3460 1159 3528 pull

168 3537 249 3601 pluro
267 3538 405 3591 individuo
425 3553 545 3606 corpore,
568 3556 617 3594 seu
633 3543 736 3606 species
759 3548 893 3605 eruuntur,
915 3544 943 3594 st
966 3539 1108 3594 vendimur
1124 3536 1161 3596 por

164 3607 277 3660 nodum
289 3609 370 3662 ouius
384 3609 562 3684 obsqueullo
580 3613 719 3679 ponderis,
733 3618 781 3668 sut
800 3625 938 3668 mensure
962 3597 1161 3678 expressioneul

1181 3891 1186 4048 l
