2494 4062
522 203 676 267 -ιι-·

106 323 156 394 rati,
170 321 317 407 etdivina
334 329 482 396 tenentur,
506 329 536 386 et
556 323 779 390 matrimonium
797 321 951 400 publicare
969 331 1107 402 renuant,

104 411 197 487 poterit
207 412 379 474 ordinarius
391 413 613 476 matrimonium
627 419 731 474 notum
744 413 853 486 iacere,
866 413 935 489 quia
948 413 1013 490 ipse
1024 420 1107 476 tene·

103 507 143 562 tur
158 501 324 564 addelibus
341 500 515 566 scandalum
529 510 664 564 avertere
677 505 727 575 (a).
744 507 776 562 4⁰
790 501 819 562 si
832 501 900 563 tiliis
913 520 952 562 ex
968 503 1027 564 boc
1043 520 1107 566 ma·

102 589 223 652 trimonio
236 591 344 667 genitis
355 593 495 654 obveniat
507 593 674 666 baereditas,
686 593 733 652 rel
747 590 858 668 pingue
871 592 1012 668 legatum,
1025 593 1107 670 quod

102 677 276 753 legitimitatio¹
299 681 503 744 conditionem
525 682 675 758 requirat:
702 697 771 740 nom
792 687 874 755 tnnc,
892 681 1107 752 reluctantibus

103 767 266 840 genitoribus
278 771 678 848 matrimoniumpubticare,
692 770 723 830 id
737 769 847 846 exequi
859 769 967 848 poterit
982 770 1106 831 Ordina-

100 855 157 933 n'ns,
170 865 201 920 nt
213 861 359 922 damnum
373 880 391 922 a
403 861 489 938 prole
501 867 654 922 removeat
668 864 720 935 (t)

123 1022 205 1086 (ilcit.
220 1026 278 1077 bul
304 1025 556 1092 ξ12.(2)(1αι(1
571 1024 745 1090 SogliaInst.
760 1024 814 1089 tur.
840 1022 910 1088 priv
923 1021 936 1089 ξ
957 1023 1055 1078 170.-
1025 1025 1105 1092 -(3)

99 1090 254 1150 Giraldusan
275 1112 336 1162 cap.
361 1097 386 1161 2,
408 1097 442 1148 da
465 1098 553 1150 claud
569 1098 645 1163 desp
661 1095 708 1163 qni
730 1102 814 1156 notat,
827 1093 1005 1148 Benedictum
1027 1095 1103 1156 XIV.

96 1164 192 1234 primam
204 1182 366 1234 expressam
383 1183 492 1220 causam
506 1168 654 1220 formaliter
674 1167 801 1232 probare,
820 1167 868 1218 sed
884 1167 965 1218 tacite
988 1168 1104 1232 probare

96 1227 162 1286 etiam
174 1239 249 1291 alias
264 1241 344 1303 Quod
362 1243 385 1293 si
401 1240 547 1304 publicatio
562 1238 727 1290 matrimonii
752 1238 807 1290 tisri
824 1251 879 1288 non
895 1239 985 1303 posset
1000 1237 1104 1303 absque

96 1310 237 1368 gravissimo
261 1315 407 1391 conjugum
425 1313 532 1372 damno,
548 1312 599 1378 ipsi
628 1313 714 1362 forent
740 1309 873 1368 monendi,
897 1311 928 1358 ut
947 1309 1103 1364 cautissime

95 1380 252 1439 procederent
266 1372 418 1436 ador'nnarn
437 1384 581 1434 tollendam
600 1384 721 1435 scandali
746 1382 924 1438 occasionem,
941 1379 983 1430 vel
1004 1394 1101 1433 consu-

95 1447 162 1508 lendi,
176 1457 204 1502 ut
217 1453 251 1504 ad
266 1455 334 1504 alies
347 1463 463 1506 remotas
477 1455 601 1519 regiones
615 1467 645 1506 sa
668 1454 838 1512 conferrent,
854 1451 921 1501 alias
944 1451 1102 1502 scandalum

94 1523 238 1579 matrimonii
257 1526 442 1590 publicatione
455 1529 644 1590 reparandum.
662 1553 692 1562 —
705 1525 741 1589 (i)
755 1524 804 1576 cit.
822 1521 922 1586 Soglia,
933 1523 980 1586 qui
995 1522 1044 1574 boc
1055 1536 1100 1574 ex·

93 1591 165 1642 tendit
176 1594 209 1644 ad
222 1595 292 1646 alios
312 1610 401 1659 casus,
416 1597 556 1662 inquibus
570 1596 658 1659 proles
675 1602 802 1661 suscepta
820 1593 931 1644 alterius
945 1596 1099 1658 cujuscum-

93 1675 135 1726 qua
144 1665 220 1730 juris,
239 1669 288 1718 ant
302 1669 427 1719 utilitatis
438 1670 573 1732 jacturam
587 1668 734 1718 notabilem
755 1665 889 1718 sustinere
907 1664 1026 1724 deberet,
1046 1666 1100 1718 nisi

92 1737 277 1788 matrimonium
292 1740 425 1790 occultum
448 1740 611 1820 publicatur.
625 1739 669 1790 An
683 1745 772 1789 antem
793 1737 844 1788 hoc
858 1737 1018 1787 extendatur
1032 1751 1098 1801 quo·

91 1806 177 1869 gnaad
190 1817 484 1875 extraneaspersones‚
498 1810 590 1875 quiex
604 1811 707 1861 occulto
722 1806 892 1860 matrimonio
908 1807 1098 1872 prejudicium

91 1877 201 2000 isiacum
194 1882 425 1944 mterDoctores
433 1884 646 1934 controvertitur
657 1881 725 1934 Vide
734 1880 833 1946 Soglra
846 1881 873 1930 et
881 1877 1020 1940 Doctores
1030 1893 1098 1946 quos

114 1962 177 2000 rem
190 1952 283 2004 refert.

117 2173 172 2231 tit.
196 2175 414 2235 Matrimonium
427 2177 465 2236 ad
478 2173 711 2252 morganaticam
725 2174 757 2234 in
771 2171 926 2232 Germania
943 2186 1000 2229 usu
1012 2186 1096 2231 rece·

90 2263 160 2330 Pium
177 2269 222 2322 est
241 2264 326 2337 illud,
340 2263 419 2340 quod
435 2265 531 2324 aviro
544 2263 635 2323 nobili
650 2268 719 2339 post
735 2267 865 2321 mortem
877 2259 981 2335 primae
993 2259 1097 2320 uxoris

91 2347 185 2416 pariter
199 2352 318 2425 nobilis,
333 2369 402 2413 cnm
419 2370 514 2412 ttxore
536 2351 681 2412 inferioris
696 2348 873 2410 conditionis
887 2365 922 2406 ee
940 2349 1005 2423 lege
1023 2363 1095 2406 con-

91 2437 207 2512 trabitur,
222 2449 257 2500 ut
278 2459 355 2500 nora
372 2457 458 2513 uxor,
475 2443 604 2517 novique
622 2437 884 2514 liberi·dignitatiS,
902 2443 932 2496 et
947 2435 1095 2496 bonorum

89 2526 166 2596 patris
175 2538 332 2590 consortes
344 2548 404 2591 non
414 2531 490 2603 sint3
504 2532 557 2591 sed
568 2539 600 2590 ut
613 2546 702 2600 uxor,
714 2539 743 2587 et
752 2525 837 2587 liberi
853 2530 966 2585 tantum
980 2530 1095 2599 partem

89 2609 200 2678 habeam
218 2620 276 2679 sibi
294 2619 373 2680 inter
392 2621 540 2696 sponsalia
559 2607 831 2694 assignatumque
852 2611 1024 2688 germanico
1041 2630 1094 2672 vo-

89 2702 179 2766 cabalo
199 2709 373 2785 Morgengop
393 2717 422 2769 et
440 2709 531 2768 latino
546 2706 745 2783 Morgonctico
763 2704 928 2781 appellatur
944 2705 995 2774 (t).
1011 2701 1093 2761 Ratio

89 2789 123 2850 tic
137 2797 313 2858 matrimonii
326 2798 520 2858 contrahendi
534 2804 588 2868 est,
601 2803 635 2856 ut
648 2794 755 2854 viduus
768 2793 875 2852 babeat
891 2807 953 2848 suae
966 2788 1094 2850 inconti-

88 2883 179 2944 nentia
195 2885 371 2959 remedium,
385 2893 415 2946 et
428 2893 461 2946 ut
476 2886 641 2946 secuudum
654 2879 875 2943 matrimonium
889 2877 1095 2955 prejudicium

89 2979 136 3028 non
152 2975 254 3035 afferat
274 2973 376 3036 liberis
389 2975 476 3052 primi
493 2971 683 3044 matrimonii,
698 2972 756 3043 vel,
773 2969 808 3028 iis
828 2983 889 3029 non
910 2967 1091 3041 extantibus,

88 3057 140 3118 aliis
152 3064 274 3138 agnatis,
290 3065 340 3140 qni
356 3059 393 3123 iad
407 3063 630 3124 successionem
643 3067 800 3132 vocantur,
818 3075 856 3116 ne
871 3056 988 3117 familiae
1006 3055 1093 3116 nobi-

12 3171 13 3176 *
87 3142 146 3205 lesa
158 3153 277 3228 proprio
287 3153 447 3228 splendore
457 3151 605 3211 decidant.
620 3149 694 3209 Talis
707 3145 892 3207 cousuetudo
905 3145 1049 3221 probatur
1061 3143 1092 3202 in

88 3231 156 3296 libris
168 3243 332 3301 Fandornm
347 3246 397 3314 (2),
415 3246 444 3300 et
462 3241 572 3316 passim
587 3257 605 3298 a
619 3237 745 3309 turistis,
761 3242 790 3296 et
804 3234 958 3310 Theologis
972 3238 1089 3294 Germa·

89 3321 159 3400 uicis,
171 3336 273 3405 utpote
288 3347 355 3405 quae
369 3330 441 3388 nihil
455 3329 588 3388 continet
602 3334 707 3387 contra
729 3324 934 3394 substantiam,
946 3328 976 3381 et
987 3331 1092 3381 contra

88 3417 191 3478 modum
209 3417 330 3494 legitimi
346 3425 375 3478 et
395 3418 452 3478 rati
469 3417 648 3478 matrimonii
667 3419 717 3487 (3).
738 3412 931 3474 Nihilominus
951 3409 976 3468 si
1000 3412 1089 3482 legeS,

89 3506 113 3558 ct
129 3507 351 3574 consuetudines
374 3508 536 3568 Germaniae
559 3506 598 3566 ad
619 3507 733 3564 bonurn
754 3501 907 3578 publicum
929 3501 1091 3576 potuerunt

91 3592 216 3658 rationem
233 3599 398 3659 naturalem
419 3597 610 3673 limitare„ne
629 3593 682 3654 filii
701 3590 897 3653 succederent
911 3585 998 3663 patri,
1012 3601 1090 3647 nutr-
