2432 4078
171 327 233 378 dete
247 339 294 391 pro
304 326 375 384 dote,
384 325 498 391 quieibl
508 327 549 376 eet
558 339 625 377 onus
641 327 790 378 sustinendi
803 339 886 378 onere
895 325 1060 376 matrimonii.
1070 325 1124 390 Cep.
1134 325 1163 384 li,
1208 309 1209 382 l

174 399 209 450 de
221 411 307 461 usur,
317 399 345 448 in
354 398 467 519 pignore
477 397 539 448 dete
548 410 596 461 pro
611 397 698 450 sendo.
714 399 776 462 Cep.
791 397 813 458 l,
823 398 856 448 de
866 398 938 449 leud.
951 397 1015 462 Cep.
1027 399 1048 455 8,
1057 397 1085 449 de
1096 411 1164 454 usur..
1208 395 1209 398 ’

171 473 199 522 et
210 469 238 518 in
253 469 365 533 pignore
399 471 439 519 oto
450 482 499 533 pro
510 469 601 519 usuris
612 470 843 533 compensatoriis,
855 469 962 534 quando
972 469 1039 519 edsit
1045 471 1122 540 justus
1130 481 1165 518 ets

169 539 293 604 exigendi
309 539 413 590 tltnlus.
422 567 453 576 —
469 539 504 603 (l)
515 539 626 590 Pectnm
636 539 703 604 legis
715 539 991 606 commissoriae,qnod
1004 539 1098 592 licit‘ern
1106 539 1167 590 estin

168 611 351 675 emptione-ut
364 613 512 676 suprejem
526 610 714 672 vidimue‚non
727 616 768 664 est
776 611 878 663 licitum
886 611 914 662 in
923 612 1034 676 pignore
1043 612 1097 662 dete
1105 611 1128 661 in
1136 623 1166 662 se

169 683 310 733 curltetem
320 681 499 732 creditiznem
509 682 630 746 inprime
638 695 703 734 casn
711 682 790 734 modo
799 683 872 734 licito
882 680 1167 746 solvituremptlovendi·

168 753 215 816 tto,
226 759 253 805 et
260 753 361 804 nemini
372 752 498 804 domnum
510 753 657 817 irrogatum
673 753 700 804 in
711 753 828 804 secundo
838 767 909 812 vero,
924 767 985 804 cnm
996 753 1087 818 pignus
1101 751 1167 804 soleti

168 825 298 877 excedere
313 837 445 875 summam
457 823 550 887 debiti,
564 823 682 874 creditor
692 824 745 874 eibi
760 823 938 876 adscribendo
950 824 1047 888 pignus
1056 823 1167 888 plusrecl-

166 896 215 962 pit,
226 907 307 962 quem
318 895 371 946 sibi
380 895 501 946 debetur.
518 895 608 958 cepi,
621 894 654 945 de
669 895 853 961 piemon-(5)
863 897 1007 960 Postquam
1019 895 1051 946 de
1062 894 1167 946 societate

167 967 281 1032 egimus,
291 965 324 1017 de
338 966 450 1031 reliquis
464 966 662 1016 haeonotemns.
671 965 803 1017 l⁰Census
813 968 906 1029 estjus
916 965 1079 1031 percipiendi
1088 965 1168 1014 tructus

167 1051 199 1090 ex
209 1039 292 1090 fundo
302 1038 446 1102 frugifero,
462 1037 534 1088 unde
548 1051 660 1088 neuram
676 1037 777 1088 hebere
787 1038 889 1102 nequit.
905 1038 1050 1102 Extreveg.
1063 1039 1072 1087 l
1083 1041 1106 1088 et
1115 1034 1168 1096 lle

167 1113 252 1180 empt.
273 1114 300 1162 et
313 1109 392 1160 vend.
408 1110 455 1159 int.
470 1122 536 1159 com.
547 1111 573 1159 et
586 1109 643 1159 hul.
655 1107 722 1161 Ocno
735 1121 802 1160 ortuo
814 1108 841 1158 S.
858 1109 900 1158 Pii
913 1108 945 1159 V.
961 1109 988 1159 i·
999 1109 1128 1160 cambium
1138 1108 1170 1156 est

166 1181 328 1246 permutatio
346 1181 467 1245 pecunie
488 1195 550 1231 oum
567 1181 690 1246 pecunie,
703 1179 775 1244 quod
790 1180 813 1230 si
827 1179 863 1230 sit
876 1193 969 1231 verum
989 1184 1019 1232 et
1042 1179 1115 1238 reale,
1128 1178 1170 1228 sire

166 1253 310 1316 minutum,
324 1253 381 1304 sive
396 1251 479 1304 lecolo
498 1265 551 1302 non
561 1256 603 1302 est
612 1253 778 1303 usurarium.
794 1251 855 1302 Bul.
870 1249 905 1304 Itt
918 1265 979 1304 cnm
992 1253 1022 1303 S.
1033 1251 1107 1302 Pilll:
1120 1249 1169 1300 dict·

165 1326 211 1374 tur
225 1324 306 1382 reale,
321 1327 347 1374 et
356 1336 450 1374 verum
464 1336 525 1374 cnm
540 1322 654 1386 pecunie
672 1336 733 1374 cum
758 1321 811 1372 alie
830 1321 945 1386 pecunie
958 1336 1025 1376 vere
1044 1326 1070 1374 et
1083 1320 1171 1372 realiter

166 1399 355 1456 commutetur,
370 1397 400 1444 ut
415 1393 438 1444 si
448 1393 564 1458 pecunie
584 1399 712 1458 argentee
726 1405 787 1442 cnm
808 1405 892 1443 auree
908 1392 936 1444 in
947 1393 1044 1444 eodem
1057 1393 1108 1443 loco
1118 1404 1171 1442 oon·

164 1468 294 1528 mutetur,
309 1478 361 1530 ono
376 1477 440 1515 cusu
452 1464 604 1530 appelletur
619 1465 754 1515 cambium
775 1464 919 1526 minutum,
931 1467 978 1515 ent
990 1466 1017 1515 si
1027 1463 1170 1530 pecuniose·
1208 1467 1209 1482 ¹

165 1537 282 1603 cipietur
298 1537 326 1586 in
342 1535 400 1586 loco
421 1549 465 1586 ex.
488 1549 530 1600 gr.
550 1534 661 1599 Gennae,
676 1541 704 1587 et
727 1537 756 1587 in
770 1535 823 1586 elio
837 1535 962 1586 tredotur
975 1549 1019 1587 ex.
1034 1551 1073 1601 gr.
1090 1535 1171 1594 Rome,
1208 1525 1209 1598 l

165 1621 218 1672 quo
232 1621 297 1658 casu
318 1607 471 1672 appelletur
491 1606 583 1658 locale.
600 1607 660 1658 Non
675 1611 716 1658 est
730 1609 820 1659 entem
841 1607 1008 1668 usurarium,
1028 1607 1088 1672 quie
1100 1616 1170 1669 opere.

165 1684 193 1729 et
211 1678 327 1728 officinm
346 1678 503 1742 campsorls,
519 1679 579 1742 ejus
595 1676 700 1728 lucrum
714 1691 832 1738 cessans
848 1682 876 1728 et
891 1677 1057 1743 pretiositas,
1069 1691 1097 1728 ec
1114 1687 1170 1726 con·
1208 1735 1209 1744 ἵ

164 1749 280 1799 medices
297 1748 419 1812 pecuniae
439 1761 487 1813 pro
502 1747 556 1797 ella
577 1747 688 1798 minoris
704 1748 898 1810 estimationis,
912 1753 952 1799 est
969 1749 1038 1814 quid
1055 1747 1131 1813 pretio
1147 1757 1173 1794 e·
1208 1747 1209 1810 l

165 1818 387 1884 stimebile,quod
399 1821 488 1883 potest
497 1819 697 1883 proportionale
707 1820 780 1870 lucro
791 1819 969 1884 compensari.
977 1819 1115 1870 Comitium
1123 1827 1172 1866 vero
1208 1817 1209 1838 ³

165 1891 267 1942 siccum
286 1891 329 1940 vel
340 1891 431 1940 lictum
441 1895 578 1954 tamquam
591 1889 746 1940 usurarium
756 1890 906 1940 damnetur.
918 1889 978 1939 Bul.
993 1887 1062 1942 cum
1080 1887 1139 1940 utut
1151 1883 1173 1935 S.
1208 1901 1209 1956 ;

165 1962 208 2014 Pii
224 1963 245 2014 V
261 1982 267 2013 :
283 1962 350 2028 retio
364 1965 414 2022 est,
425 1961 490 2026 quio
500 1965 573 2012 curet
582 1962 656 2024 jnsto
672 1961 760 2021 titulo,
774 1965 801 2012 et
816 1963 993 2027 representet
1017 1973 1113 2027 purum
1126 1971 1174 2008 nn·
1208 1957 1209 1984 l

164 2039 240 2085 tuum
257 2054 263 2084 :
279 2033 430 2084 neminen
446 2045 571 2096 cempsor
591 2032 637 2082 det
658 2033 802 2097 pecuniam
821 2033 973 2097 cempserio
995 2029 1174 2084 solvendemin
1208 2047 1209 2102 }

164 2105 258 2157 eodem
268 2105 336 2165 loco,
351 2103 481 2154 confectis
491 2102 588 2154 litteris
602 2103 636 2152 ed
658 2103 741 2153 olium
756 2103 853 2162 locum,
869 2102 903 2153 ed
915 2117 998 2168 quem
1013 2115 1106 2155 revere
1117 2100 1174 2150 litte-
1208 2105 1209 2176 j

164 2189 203 2227 rae
216 2189 271 2226 uon
285 2177 435 2237 mittuntur,
449 2178 496 2224 eut
518 2176 541 2225 sl
564 2173 709 2224 mittuntur
727 2173 795 2225 nihil
809 2179 966 2240 operentur,
982 2175 1050 2240 quie
1065 2183 1171 2236 cempsor
1208 2238 1209 2241 Ἴ

163 2247 222 2307 ecit,
234 2247 414 2311 compserium
428 2259 482 2296 nou
495 2243 595 2295 hebere
607 2245 750 2309 pecnniem
771 2248 833 2296 ectu
848 2247 1021 2310 etpoiestete
1033 2246 1062 2296 in
1074 2245 1134 2301 loco,
1147 2238 1174 2290 ed
1208 2265 1209 2270 κ

164 2332 244 2384 quent
258 2318 354 2369 littere
367 2317 521 2368 mittuntur.
536 2317 561 2366 3⁰
578 2315 655 2367 Mons
673 2316 783 2380 pietalis
802 2316 920 2382 denique
931 2316 1097 2368 censistitin
1108 2326 1176 2378 pecn-
1208 2329 1209 2386 j

162 2391 225 2449 nim,
240 2392 287 2440 ent
299 2389 427 2440 frumenti
447 2400 560 2445 summe,
572 2401 633 2450 quae
648 2387 758 2454 publice
773 2388 932 2439 anctoritate
948 2386 982 2438 od
998 2385 1172 2454 opitulandum
1208 2443 1209 2446 Ἴ

163 2461 328 2526 pauperibus
343 2460 496 2523 deputetur,
515 2471 547 2508 ox
561 2471 615 2522 que
629 2457 696 2525 ipsis
718 2459 885 2525 pauperihus
907 2463 1036 2510 mutuum
1050 2453 1175 2520 detur,pl·

162 2544 245 2596 gnere
257 2531 291 2581 nb
304 2531 344 2584 eis
357 2536 474 2595 eccepto.
489 2529 764 2592 decipientes'temen
788 2534 911 2580 mutuum
927 2529 1029 2581 dehent
1044 2529 1096 2596 ipsi
1109 2524 1177 2578 Menti
1208 2527 1209 2530 ’

163 2602 266 2666 eliquid
280 2601 394 2659 solvere,
404 2615 454 2666 pto
470 2599 656 2651 ministrorum
666 2603 872 2664 sustentatione,
883 2615 931 2666 pro
942 2596 1094 2659 laboribus
1103 2604 1127 2650 et
1138 2609 1176 2648 ex·
1208 2595 1209 2598 ’

162 2673 254 2738 pensis
265 2673 299 2724 nb
310 2673 349 2724 eis
366 2671 541 2732 sustinendis,
561 2674 590 2720 ut
605 2669 682 2722 Mons
706 2673 860 2724 conservari
882 2674 974 2737 queet;
991 2672 1066 2724 unde
1082 2668 1177 2722 hocin·
1208 2687 1209 2694 ¹

162 2757 239 2794 crum
251 2757 305 2794 non
319 2747 460 2807 reputetur
472 2741 636 2801 usurarium,
645 2746 678 2793 ut
691 2742 813 2795 definivit
827 2741 879 2795 Leo
894 2743 920 2794 X
934 2744 963 2794 in
982 2743 1094 2796 concilii
1110 2743 1175 2794 Lete·
1208 2737 1209 2753 *

162 2815 272 2866 renensi
284 2813 318 2866 V.
329 2813 389 2865 Bul.
403 2812 481 2868 Inter
490 2811 659 2878 multiplicer.

195 3048 259 3106 ott.
278 3045 357 3104 Alter
369 3048 540 3104 contractus
552 3041 699 3103 reelisest
712 3041 946 3117 commodatum,
962 3041 1048 3118 quod
1068 3037 1112 3102 sic
1132 3053 1176 3114 ep-

161 3135 304 3210 pelletur,
331 3131 416 3207 quasi
435 3132 472 3192 eit
491 3130 646 3196 inolentis
664 3131 822 3190 commodo
836 3131 947 3190 datum.
962 3131 1178 3191 commodatum

160 3223 309 3293 definitur,
325 3229 491 3281 contractos
513 3220 614 3290 reolo,
629 3235 685 3295 quo
705 3235 753 3278 res
771 3235 833 3279 ooo
849 3219 1001 3295 suopibilis
1020 3219 1062 3279 ad
1076 3224 1178 3278 certent

161 3316 314 3386 temperet
331 3325 422 3369 osum
440 3310 532 3384 protis
551 3310 594 3368 ilo
619 3307 759 3380 truditur,
781 3316 826 3379 ut,
849 3309 933 3384 finito
950 3325 1019 3378 oso,
1041 3307 1140 3368 eodem
1152 3304 1178 3362 io
1208 3281 1209 3364 i

158 3402 248 3478 specie
259 3399 443 3459 restituetur.
459 3403 503 3457 Ex
516 3399 573 3457 hec
588 3397 760 3458 definitione
774 3397 859 3458 facile
878 3398 1036 3473 colligitur,
1052 3409 1176 3456 commo-
1206 3427 1209 3476 l

160 3488 261 3548 datum
280 3488 383 3548 differe
407 3493 566 3546 emutuo:
594 3503 664 3546 nam
687 3486 759 3546 illud
781 3493 918 3546 vereatur
941 3486 1022 3545 circa
1040 3502 1108 3546 rem
1127 3496 1177 3541 non

159 3574 331 3648 furgibilem
343 3574 494 3648 mobilem,
514 3575 577 3634 site
598 3574 789 3650 immobilem,
806 3575 993 3652 corporalem
1006 3573 1073 3636 sive
1087 3573 1179 3632 incor-
1206 3615 1207 3622 ,
