2560 4080
514 185 672 242 ..459-

89 302 224 378 injustum
241 307 462 368 matrimonium
479 305 683 382 possieaverti
703 310 759 380 (2);
781 307 854 368 item
870 324 938 368 cum
955 307 1052 383 agitur
1073 308 1112 368 dc

49 453 52 460 Δ
88 393 181 454 causis
194 394 405 468 criminalibus
420 403 471 454 aut
481 387 519 455 de
533 395 711 471 exceptione
724 395 972 472 incompetentes,
987 397 1113 470 autlulei

87 483 297 556 procuratoris,
317 492 368 544 aut
382 484 420 544 de
431 483 572 560 petitione
584 483 778 546 restitutionis
791 484 822 544 in
837 485 996 562 integrum,
1011 492 1062 546 eut
1075 487 1114 546 de

88 570 238 648 similibus,
254 589 321 650 quae
338 571 438 634 omnia
460 579 529 648 post
546 571 643 652 ipsam
660 572 883 638 concluseram
895 580 1022 652 possunt
1042 591 1113 654 pro·

87 659 156 734 poni
169 662 220 734 (3).

117 817 150 882 u)
162 817 225 886 cap.
244 817 282 881 ro,
303 817 337 870 <u
354 818 400 870 rc.
415 818 542 871 instrum.
553 844 584 857 -
598 817 636 886 (a)
649 781 807 878 unsarans
820 818 854 871 ce
865 819 973 894 prount.
984 832 1011 886 q.
1028 819 1069 884 u,
1084 821 1114 872 ru

94 900 197 953 praem.
213 903 240 942 n.
255 889 294 942 45.
312 888 348 956 (3)
358 888 530 954 pellegrinus
543 893 611 956 part.
626 889 650 950 t,
665 893 729 942 sect.
746 889 771 950 2,
786 890 905 942 subsect.
925 891 963 954 ta,
977 904 1004 942 u.
1019 890 1047 943 9.

119 1096 181 1152 att.
201 1096 272 1152 Post
286 1091 510 1152 conclusionem
523 1091 662 1153 emissam
675 1093 847 1170 apartibus,
858 1093 907 1154 rel
917 1109 972 1170 per
982 1092 1116 1169 jndicem

86 1180 161 1240 intra
177 1181 334 1242 definitum
350 1187 470 1256 tempus
489 1180 704 1258 prescriptam,
727 1182 761 1242 fit
779 1181 940 1258 assignatio
961 1198 1058 1242 causae
1077 1182 1116 1242 ad

86 1269 273 1343 sententiam,
290 1273 320 1328 et
339 1274 441 1345 partes
459 1286 498 1328 ex
518 1270 585 1344 jure
603 1269 748 1330 canonico
766 1287 822 1346 pro
844 1276 926 1330 carta
939 1268 987 1330 die
1009 1269 1046 1329 ad
1063 1285 1115 1328 au-

86 1355 225 1417 diendam
249 1357 428 1416 seutentiam
447 1357 593 1417 citantur:
618 1374 678 1434 quo
701 1362 836 1434 tempore
855 1355 961 1419 iisdem
982 1356 1118 1433 partibus

86 1445 239 1505 confertur
253 1446 378 1506 facultas
391 1445 539 1521 allegandi
551 1444 582 1504 in
598 1446 677 1523 jana,
688 1451 721 1506 et
734 1445 766 1505 ln
776 1447 866 1520 facto,
876 1463 963 1520 roca,
977 1446 1025 1506 rel
1047 1445 1117 1506 scri-

85 1532 143 1608 ptis
155 1533 300 1610 quidquid
313 1532 446 1594 voluerin
451 1540 471 1610 t,
487 1540 517 1594 et
530 1535 690 1610 potuerint.
706 1539 808 1612 Neque
820 1535 888 1595 ideo
902 1535 967 1595 haec
980 1534 1117 1612 allegatio

85 1621 283 1696 interdicitur,
298 1622 454 1699 quodiam
467 1621 546 1684 sitin
561 1641 651 1684 causa
665 1626 854 1698 conclusum3
871 1641 941 1685 nem
950 1622 1119 1700 allegarein

66 1710 160 1786 iure,
176 1719 207 1772 et
221 1710 254 1771 in
267 1711 347 1771 iacto
366 1711 416 1772 hic
434 1712 581 1788 significat
597 1712 792 1775 intentionem
808 1730 863 1790 per
882 1713 1074 1791 probationes
1088 1711 1117 1772 in

15 1789 19 1834 '
82 1800 229 1874 J'udicium
248 1800 392 1860 deductas
406 1802 622 1876 demonstrare,
640 1819 766 1878 eamque
777 1801 894 1878 juribus
911 1802 944 1880 iu
955 1803 1034 1862 lacto
1048 1817 1119 1876 pro-

86 1889 184 1963 posito
203 1895 390 1963 asseverare,
412 1890 493 1965 quod
512 1891 681 1952 nullatcnus
701 1897 811 1956 statum
828 1890 1001 1967 quaestionis
1022 1894 1116 1953 mutat

85 1981 136 2049 (l).
150 1978 205 2038 bie
223 1977 333 2038 deiude
345 1983 454 2038 statuta
465 1995 520 2056 per
533 1978 662 2056 partium
676 1979 850 2054 aduocatos,
864 1985 894 2038 et
906 1986 1120 2056 procreatores

86 2068 224 2128 solemne
252 2084 356 2128 coram
373 2066 528 2142 judicent
550 2067 837 2128 contradictorium:
863 2067 966 2144 incipit
991 2069 1122 2142 allegare

85 2157 251 2218 advocatus
275 2155 396 2231 actoris,
419 2163 449 2216 et
470 2162 576 2233 postea
590 2156 759 2220 advocatus
780 2155 834 2231 rei,
856 2155 928 2221 dum
947 2163 1014 2216 acta
1034 2155 1123 2233 primi

86 2261 208 2324 semper
221 2245 334 2306 debent
346 2251 413 2306 acta
425 2245 550 2306 secundi
562 2245 747 2322 praecederet
761 2244 911 2312 sarmatia
924 2245 1053 2322 deique
1064 2261 1122 2322 ¹per

81 2334 218 2410 judicem
231 2336 383 2412 protertur
397 2338 449 2407 (ἲ).
543 2367 550 2382 ·

15 2494 16 2513 ¹
117 2484 153 2550 (l)
169 2473 284 2536 scaccis
300 2481 334 2534 de
343 2481 427 2548 judic.
442 2481 499 2536 ll.
512 2496 571 2550 cap.
585 2483 623 2548 12,
634 2497 662 2534 u.
674 2484 711 2535 18.
722 2510 749 2521 -
762 2483 797 2546 (t)
815 2481 954 2536 Sententia
961 2495 995 2534 cx
1006 2483 1120 2549 antiqua

89 2559 169 2622 praxi
200 2556 283 2608 etiam
316 2555 344 2605 in
372 2554 454 2606 Curia
484 2553 606 2606 Romana
635 2554 698 2606 olim
728 2555 870 2606 ferebatur
892 2567 983 2605 coram
1015 2554 1123 2606 duobus

86 2629 208 2680 testibus
233 2626 285 2678 sub
299 2625 385 2677 altera
402 2638 435 2676 ex
453 2623 515 2676 istis
532 2625 665 2688 formulis,
677 2638 790 2690 nempaz
808 2624 893 2690 judex
914 2625 1123 2691 pronunciabat,

83 2702 170 2764 proin
182 2697 217 2752 tn
226 2695 321 2750 maula
337 2695 430 2749 danda
443 2714 450 2757 ;
464 2694 506 2748 rel
529 2695 675 2750 terminum
687 2696 807 2752 habebat
825 2708 874 2760 pre
894 2698 1009 2762 seruato,
1025 2696 1059 2748 de
1071 2709 1125 2764 quo

87 2768 170 2828 inira.
1133 2787 1138 2796 ·

120 2958 190 3015 ata.
214 2951 340 3022 Quando
359 2967 398 3012 ex
411 2951 533 3027 antiqua
550 2951 764 3011 consuetudine
779 2948 869 3012 eiam
887 2967 969 3011 nunc
982 2949 1128 3027 aliquibus
1162 2961 1165 2966 ·

87 3042 186 3102 Curiis
202 3039 352 3100 sententia
366 3039 581 3116 pronunciatur
590 3047 679 3116 prout
689 3040 723 3099 tu
737 3039 841 3101 cedula
854 3039 965 3114 danda,
974 3039 1069 3117 judex
1081 3040 1129 3100 de

84 3131 138 3192 bat
154 3146 229 3190 eam
246 3128 323 3188 infra
336 3127 455 3203 triginta
468 3127 533 3188 dics
549 3127 628 3188 odie
641 3127 896 3204 pronunciationis
909 3129 1129 3205 computandos

87 3220 259 3292 conticere,
274 3233 390 3292 suoque
405 3216 522 3277 notario
536 3218 665 3290 tradere,
680 3223 713 3276 ut
726 3218 902 3292 publicetur.
920 3216 1043 3288 Quando
1055 3233 1128 3276 vero

84 3308 257 3370 terminum
270 3303 360 3366 habet
371 3321 425 3382 pro
438 3312 562 3379 servolo,
575 3304 770 3380 judexidebct
783 3305 861 3366 intra
875 3305 985 3365 similes
999 3303 1063 3364 dies
1076 3302 1133 3381 de,

81 3414 157 3460 cem
174 3393 340 3456 tenuinum
353 3395 480 3470 aperire,
496 3400 526 3454 et
538 3393 715 3454 sententiam
728 3393 758 3453 in
773 3401 840 3454 scta
854 3393 1029 3466 transterre;
1045 3390 1131 3453 aliter
1202 3461 1204 3464 ,

85 3486 112 3548 si
127 3481 285 3564 praemissi
297 3481 417 3544 termini
430 3483 543 3560 absque
556 3481 710 3544 sententiae
729 3482 858 3542 editione
871 3483 975 3555 fluant,
992 3497 1071 3541 nora
1083 3487 1130 3572 est

86 3593 169 3653 opus
192 3573 327 3650 partium
348 3570 499 3648 citatione,
522 3577 553 3632 et
575 3570 731 3634 sententiae
750 3569 1009 3648 pronunciatione.
1029 3570 1129 3632 sedo

209 3671 241 3724 ll
957 3669 988 3721 21
