2410 4068
430 161 590 222 -2'51-

46 281 115 342 adhuc
131 283 256 360 possidet,
277 283 345 360 quia
363 287 502 360 generale
522 291 569 345 est
588 283 706 360 scitum,
729 285 808 360 quod
829 301 919 346 nemo
932 286 1018 348 inau-

46 372 108 444 ditus,
128 379 152 432 et
171 373 229 433 siue
247 390 344 434 causae
369 373 539 450 cognitione
561 391 616 434 sua
638 373 839 452 possessione,
862 377 908 435 vel
933 375 1019 452 quasi

46 459 249 538 spoliaripotest(
269 467 290 535 l.

67 611 146 680 tltcap.
154 613 182 666 28
190 613 222 667 de
231 613 318 682 preb,
331 614 360 668 in
369 615 393 666 6.

68 834 112 893 ddi.
119 833 254 896 Possessio
267 835 298 894 iu
307 834 531 895 beneficialibus
541 835 669 896 multum
681 837 813 912 prodest,
825 837 863 898 de
877 854 937 912 qua
945 839 1022 898 duas

46 917 151 981 luemus
163 923 346 984 cancellariae
364 925 493 999 regulas,
508 924 564 982 sub
584 939 667 984 urum.
694 928 730 984 35
743 932 773 985 et
795 929 839 985 36.
864 931 896 984 ln
915 926 1021 1002 prima,

47 1009 246 1080 quainscribitur
260 1013 295 1073 de
309 1013 416 1074 urreatt
428 1029 601 1090 possessore,
612 1013 650 1072 ad
657 1013 723 1074 lites
739 1014 962 1088 praecavendas,
976 1013 1025 1074 uel

45 1093 83 1154 cito
92 1097 249 1160 dirimendas
268 1101 340 1161 illud
355 1100 498 1176 sancitur,
521 1101 601 1176 quod
620 1102 783 1178 impetrans
795 1101 974 1162 beurefloium
988 1102 1026 1160 ab

45 1181 82 1242 aio
93 1202 242 1259 perannum
252 1189 378 1266 pacifice
388 1179 563 1266 possessum
574 1195 711 1249 teneatur
722 1189 891 1264 exprimere
904 1204 1026 1262 nomen,

44 1271 141 1350 eldam,
161 1283 189 1338 et
207 1277 392 1338 nobilitatem
411 1279 603 1355 possessoris,
634 1284 707 1354 quot
728 1278 814 1337 annis
830 1277 903 1338 illud
924 1293 1027 1354 posse·

13 1407 14 1410 ,
44 1358 102 1434 derit,
114 1371 139 1423 et
149 1366 371 1428 determinatam
386 1384 519 1442 causam,
538 1374 766 1444 propterquam
781 1373 919 1443 constare
933 1365 1028 1442 possit

13 1471 18 1528 3
46 1449 126 1510 nntium
136 1453 180 1528 jus
195 1455 292 1515 eidem
305 1456 474 1531 possessori
487 1461 659 1530 competere
668 1466 759 1530 super
772 1453 919 1514 beneficio
930 1453 1025 1529 impe-

43 1541 102 1596 trato.
115 1542 177 1602 lllud
192 1559 312 1620 quoque
323 1544 353 1602 in
368 1545 474 1604 eadem
487 1545 592 1620 regula
605 1544 748 1618 sancitur,
765 1544 846 1620 quod
864 1544 1028 1620 impetrans

13 1621 15 1648 *
44 1621 180 1691 beneficium
199 1647 382 1709 perannum
404 1633 443 1694 ab
460 1633 518 1692 alio
541 1649 714 1708 possessum
730 1639 864 1692 teneatur
884 1633 961 1694 intra
976 1649 1031 1690 sex

13 1755 14 1760 η
44 1727 128 1778 nenses
140 1737 341 1796 possessorem
360 1721 389 1780 in
407 1720 552 1797 judicium
566 1738 685 1794 vocare,
705 1727 793 1780 etex
813 1727 885 1780 tunc
907 1737 1030 1780 oausam

13 1827 14 1830 ¹
44 1797 202 1870 iuinsnuum
220 1827 318 1886 usque
339 1810 377 1870 ad
401 1809 579 1869 sententiam
591 1809 773 1870 definitivam
794 1808 938 1870 inclusive
959 1825 1029 1884 pro-

44 1893 112 1968 sequi,
125 1897 191 1958 elias
203 1899 300 1974 gratia
315 1899 354 1958 sit
371 1899 452 1958 nulla
468 1903 478 1971 (
498 1904 519 1970 ).

61 2079 235 2145 titulatarum
250 2086 441 2154 compeditaeit
452 2086 604 2153 Rigautiad
619 2087 706 2142 eamd.
723 2100 778 2154 reg.
795 2089 834 2153 35,
844 2102 870 2140 n.
889 2088 904 2141 9
919 2089 948 2140 et
976 2087 1000 2140 5.

64 2297 396 2360 tu.1nseeundaver0
415 2316 454 2360 ex
471 2297 559 2358 dictis
579 2299 701 2374 regulis,
724 2315 791 2376 quae
811 2299 980 2360 inscribitur
999 2301 1033 2358 de

44 2381 228 2457 tuinultum
244 2389 395 2461 delinitur,
410 2388 492 2464 quod
507 2389 687 2465 quicumque
701 2406 756 2464 per
769 2389 930 2448 triennium
943 2389 1034 2448 bene-

42 2465 113 2533 leium
126 2479 227 2550 malus,
244 2477 307 2538 sive
321 2477 420 2536 minus
439 2476 564 2554 pacifice
577 2477 744 2554 possederit
765 2494 835 2536 cum
848 2477 932 2538 titulo
952 2478 1035 2536 colo·
1073 2485 1076 2492 '

43 2563 95 2632 lato,
115 2578 198 2640 super
224 2565 372 2626 beneflcio
396 2565 441 2624 sio
466 2581 606 2642 possesso
641 2564 794 2627 molestari
823 2565 950 2640 emplius
980 2580 1035 2622 ne-

43 2655 105 2715 lueat
122 2670 128 2709 :
146 2669 260 2730 exque
279 2660 413 2730 apparet,
438 2655 660 2730 possessionem
679 2654 856 2714 triennalem
877 2652 1035 2729 pacificam

43 2738 125 2798 litum
140 2737 223 2804 ricard
247 2743 382 2813 colorato
405 2741 435 2800 in
459 2741 683 2802 beneficialibus
706 2743 960 2818 praescriptionem
981 2759 1035 2816 pa-

43 2832 97 2896 rere,
119 2845 180 2903 quae
204 2848 243 2891 ex
266 2835 428 2890 Doctorum
447 2829 593 2890 sententia
613 2829 822 2906 proscriptioni
842 2830 1036 2907 quadraginta

43 2919 342 2995 uunommaequivalet3
358 2927 388 2978 et
403 2926 561 2995 propterea
576 2919 627 2996 qui
639 2921 697 2980 hoc
710 2920 818 2980 fruitur
828 2919 940 2979 auxilio
954 2926 1036 2980 tutus

42 2999 103 3060 estin
115 3005 175 3066 loro
188 3006 257 3080 fori,
273 3014 303 3066 et
315 3007 404 3067 etiam
426 3005 456 3066 iu
471 3008 536 3066 loro
552 3007 750 3081 conscientiae,
770 3007 795 3067 si
808 3009 889 3068 hona
901 3009 976 3068 tides
990 3009 1035 3068 in-

42 3088 179 3155 tervenerit.
195 3095 347 3157 Possessio
360 3094 469 3154 dicitur
480 3093 615 3171 pacifica,
630 3111 700 3156 cum
712 3095 876 3172 possidenti
889 3115 944 3174 per
958 3097 1033 3158 inte·

41 3186 104 3244 itum
117 3183 270 3244 triennium
289 3185 371 3244 nulla
394 3189 476 3256 mota
493 3183 547 3244 luit
566 3185 867 3261 controuersiajmis,
887 3193 938 3246 aut
951 3185 1034 3258 facti,

42 3258 176 3345 injudicio,
191 3271 241 3334 uel
258 3279 352 3333 extra.
371 3272 483 3332 Titulus
496 3272 603 3334 dicitur
618 3275 780 3348 coloratus,
795 3273 915 3350 quando
927 3289 1034 3348 proce·

43 3345 72 3409 fflt
85 3356 116 3415 ab
131 3359 257 3422 habente
275 3358 465 3436 originariam
483 3360 690 3422 auctoritatem
707 3360 889 3437 conterendi,
910 3361 979 3420 licet
996 3375 1037 3420 ex

43 3438 116 3516 aliquo
128 3449 281 3510 occidendi
300 3447 440 3510 inutiliter
454 3449 599 3509 conterat.
620 3449 672 3510 llic
688 3450 791 3512 titulus
804 3465 923 3524 semper
934 3447 1034 3523 requi-

42 3523 104 3608 1t'tur,
118 3536 171 3596 nisi
188 3545 292 3613 agatur
307 3539 346 3598 de
368 3555 543 3614 possessore
565 3540 642 3598 ultra
660 3537 821 3598 tresdecim
834 3553 939 3609 annue,
964 3554 1025 3614 qno
