2560 4080
555 225 588 238 ..
607 196 660 253 m
678 223 714 237 ..

128 333 216 390 rum,
239 323 269 377 et
290 316 438 376 rationum
455 316 681 393 expressionem
700 313 919 387 oalunrniandi‚
940 319 971 374 el
996 291 1151 374 cavillandi

131 408 297 485 prebeatur
310 405 448 478 oooesio;
464 411 494 466 el
507 406 574 466 talis
592 404 647 466 luit
666 405 787 480 antiqua
805 401 997 464 tribunalium
1011 403 1152 464 ecclesia·
1264 485 1265 488 Ἴ

129 497 272 556 elicorum
292 494 404 570 praxis.
422 494 479 554 Sed
492 495 606 570 aequior
620 493 769 554 contraria
787 491 933 552 sententia
946 491 1078 566 videtur,
1090 508 1155 568 quae

129 585 167 644 ad
180 585 351 659 exemplum
363 583 553 644 tribunalium
566 582 696 644 civilium
708 583 740 642 in
750 581 843 642 onriia
854 579 1066 642 eoelesioaliois
1074 597 1156 641 nuno

128 680 264 734 servatur
278 691 285 732 ε
305 688 376 732 nam
388 672 477 746 ratio¹
497 680 528 733 et
541 689 633 732 nausa
644 670 803 732 decidendi
824 678 870 731 eol
887 669 980 746 ipsine
994 667 1157 730 decisionis
1264 747 1265 750 Ἴ

128 760 235 834 anima,
251 767 281 821 et
302 777 374 821 rena
388 777 444 837 per
455 761 568 821 motiva
586 761 741 822 convietus
756 760 798 820 ita
817 757 963 820 uenientia
979 755 1157 834 revincitrn,

127 855 161 910 ιιι
173 849 255 912 nullo
267 850 359 912 ruodo
369 849 597 940 queatamplius
609 849 761 928 protelare
772 847 857 912 lilem
869 851 922 924 (l).

159 1013 194 1078 u)
209 1013 273 1082 cap.
290 1015 328 1078 re,
338 1013 372 1066 ue
386 1017 454 1068 ιωι.
469 1017 497 1068 ιι
509 1027 539 1066 re
548 1013 635 1080 juon.
649 1013 743 1079 ruique
754 997 843 1070 orosa
858 1009 997 1071 nomina
1009 1013 1040 1064 aa
1053 1008 1157 1064 zuon-

127 1097 177 1150 801’
189 1084 202 1150 Ι
215 1085 270 1138 ⁴05·
285 1086 378 1148 Queri
387 1086 438 1138 laoo
450 1085 508 1138 looo
521 1085 637 1138 ulterius
648 1087 747 1150 potent,
756 1097 791 1138 aa
800 1084 886 1149 judex
895 1085 978 1149 queat
989 1081 1155 1136 omnem·
1264 1069 1265 1126 l

128 1168 167 1216 ra,
182 1170 264 1222 quern
276 1170 310 1208 ex
324 1156 448 1222 allegatis
461 1157 489 1210 in
505 1169 587 1208 cauea
605 1157 710 1208 constat
724 1168 786 1208 esse
804 1167 891 1215 ream,
911 1154 977 1206 dum
996 1153 1058 1220 ipse
1068 1151 1154 1218 judex

127 1241 162 1278 ex
175 1227 288 1280 seientia
302 1228 410 1294 privata
418 1231 491 1280 cerlo
506 1227 558 1280 soit
571 1240 632 1279 esse
642 1227 833 1280 innoeenteml
847 1225 944 1280 Plures
956 1238 1020 1278 oum
1034 1224 1063 1276 S,
1082 1223 1154 1276 Tho·
1264 1219 1265 1272 i

127 1311 172 1350 ma
184 1299 290 1358 dooenn
304 1299 425 1364 jndioem
438 1299 467 1350 in
480 1312 546 1352 oaau
559 1297 659 1352 debere
674 1312 751 1350 reum
768 1297 906 1362 damnare,
923 1297 988 1362 quia
997 1295 1085 1360 jndex
1099 1307 1153 1346 non

127 1369 248 1434 proceda
262 1370 412 1434 injudicio,
425 1373 457 1422 ιιι
469 1383 586 1436 persona
599 1369 714 1436 privato.
728 1369 777 1424 aad
789 1375 820 1423 ιιι
831 1381 947 1433 pareone
956 1367 1154 1433 polumque
1264 1357 1265 1396 ³

127 1439 162 1492 ed
171 1453 214 1500 ea.
227 1453 289 1508 quae
298 1440 406 1506 publiea
420 1443 551 1501 consum,
566 1454 598 1494 oe
614 1440 739 1506 allegata.
757 1442 786 1492 el
804 1440 883 1504 plene
896 1439 1013 1505 probata
1025 1441 1100 1501 sunt,
1112 1442 1153 1489 aa·

128 1511 240 1564 andere
254 1511 344 1571 debet,
359 1512 438 1564 aliter
450 1513 552 1564 bonum
572 1511 714 1578 publicum
727 1511 857 1564 damnum
873 1513 1022 1578 pateretur.
1036 1508 1094 1560 alil
1107 1521 1153 1560 ve·
1264 1505 1265 1520 ¹

127 1596 157 1634 ro
172 1583 301 1642 sentiunt,
316 1583 390 1636 nullo
407 1583 436 1635 in
449 1597 514 1634 oasa
535 1582 563 1634 id
577 1582 667 1643 lioere,
688 1582 753 1648 quia
771 1582 855 1648 iudea
875 1585 968 1647 egerat
978 1585 1077 1634 oonlra
1090 1592 1153 1644 pro·

126 1652 213 1716 priam
228 1654 431 1718 conscientiam,
444 1667 476 1705 ao
486 1653 595 1720 publice
610 1657 637 1704 et
646 1667 697 1720 per
710 1653 871 1705 senientiam
883 1653 1016 1716 injustam
1027 1651 1154 1705 menlire·

127 1725 171 1774 tur
181 1726 452 1790 oontraprreoeptum
464 1724 548 1776 Exodi
559 1739 619 1789 cap.
629 1725 670 1784 23,
688 1726 698 1775 1
713 1729 740 1776 et
749 1724 773 1776 2.
789 1724 960 1790 Pellegrinus
969 1725 1041 1788 para
1050 1723 1075 1786 2,
1089 1723 1155 1774 aeui

126 1794 150 1852 l.
164 1794 281 1846 subseol.
299 1795 323 1857 3,
338 1809 366 1846 n.
381 1797 405 1852 8.
421 1799 447 1847 el
468 1795 604 1859 zellingor
617 1794 665 1846 loo.
682 1795 728 1846 ιιι.
742 1795 771 1846 in
781 1798 838 1846 not.
853 1795 909 1846 Nos
921 1806 985 1844 vero
999 1792 1029 1844 in
1044 1792 1096 1845 hoo
1110 1806 1155 1844 oa·

126 1878 158 1916 eu
171 1863 283 1927 difficili,
297 1866 344 1931 qui
358 1876 419 1917 rero
429 1868 517 1933 potest
525 1879 677 1926 occurrere,
689 1869 825 1933 putamus,
837 1865 936 1918 debere
947 1864 1071 1930 judicem
1082 1885 1089 1915 ε
1102 1863 1154 1930 pri-

125 1947 169 1988 mo
186 1935 362 2002 probationes
375 1936 531 2001 diligentins
544 1937 669 1996 emulari.
683 1942 713 1988 ιιι
724 1937 813 2004 possit
819 1949 916 1990 oerum
926 1936 1049 1988 deloolus
1060 1949 1153 2001 oogno
1264 1943 1265 1946 ’

126 2019 220 2068 aoore;
236 2008 355 2060 seeundo
370 2007 464 2072 dubia,
477 2008 501 2060 ei
515 2021 577 2074 quae
587 2008 612 2060 ei
623 2009 651 2060 ia
660 2021 744 2060 eausa
755 2013 908 2068 ooourrunl.
924 2007 1155 2071 tannetarium
1264 2015 1265 2034 ³

127 2090 173 2130 reo
188 2091 349 2144 proponere,
362 2083 393 2130 ιιι
406 2078 461 2130 illia
482 2079 674 2143 respondeant.
696 2079 867 2146 Pallegrinns
890 2079 941 2134 loo.
963 2078 1009 2130 oit.
1034 2077 1154 2130 subeant.

128 2145 166 2208 ll,
180 2161 209 2200 n.
222 2147 255 2208 23
269 2149 349 2201 terlio
363 2163 414 2215 per
429 2148 638 2210 excusationem,
659 2155 707 2203 aut
727 2149 893 2210 dilationem,
909 2153 956 2201 aul
977 2147 1152 2216 compositio·
1264 2149 1265 2168 i

125 2231 199 2282 nem,
213 2223 261 2272 aot
272 2235 322 2286 per
335 2221 419 2272 alium
436 2221 553 2273 similem
569 2222 679 2273 modum
702 2221 843 2274 senlenliae
858 2219 1037 2286 prolationem
1058 2219 1154 2272 vilare.
1264 2235 1265 2280 i

126 2289 204 2352 Quod
217 2293 241 2344 si
253 2297 370 2358 ιιοιριοιι
382 2291 476 2358 oliqno
485 2294 559 2358 justo
575 2293 664 2345 medlo
676 2305 706 2345 ea
727 2292 893 2344 aaentenlia
906 2289 1070 2358 proferenda
1087 2290 1156 2342 libe-
1264 2285 1265 2354 i

126 2375 196 2422 rara.
213 2377 273 2416 eam
288 2361 370 2414 debet
384 2364 506 2429 prolerre
515 2365 594 2430 jaula
607 2369 676 2426 aeta,
686 2367 715 2415 οι
726 2363 976 2429 pleneprobata,·et
986 2375 1045 2414 -non
1059 2375 1157 2414 moun·

127 2432 189 2484 dum
205 2433 232 2484 id
249 2432 320 2500 quod
342 2435 401 2499 ipse
421 2433 510 2485 noscit
532 2438 669 2500 tamquam
687 2435 793 2499 privata
813 2446 938 2500 persona.
952 2431 1051 2498 Neque
1063 2432 1157 2486 strioie

126 2503 262 2570 loquendo
275 2501 365 2571 polest
383 2504 445 2563 dici,
456 2504 576 2570 judicem
595 2505 714 2573 mentiri,
729 2519 790 2558 cum
811 2505 972 2558 sententiam
985 2504 1109 2572 proferat
1121 2502 1155 2556 do

125 2575 246 2641 publioo,
258 2580 339 2642 prout
351 2576 466 2628 resultat
476 2589 510 2627 ex
528 2575 605 2635 notis.
626 2589 680 2628 non
694 2580 774 2643 prout
786 2576 913 2642 privatim
926 2573 1008 2628 senua
1021 2591 1028 2624 ε
1044 2577 1155 2627 senlen-

126 2647 163 2698 tia
177 2647 251 2699 enim
263 2661 319 2700 non
330 2647 461 2698 lundalur
472 2646 503 2698 in
516 2646 621 2713 privato
635 2646 733 2700 affeetu
746 2652 773 2699 et
789 2644 950 2712 eogniaione',
974 2645 1023 2698 aed
1036 2646 1065 2696 ln
1087 2645 1156 2698 ania

126 2721 153 2768 et
164 2719 294 2784 probatis.
306 2719 422 2785 Insuper
435 2718 480 2769 hio
487 2718 571 2782 judex
583 2732 638 2770 non
651 2719 708 2784 agit
721 2722 814 2770 oonlre
828 2718 1021 2770 conscientiam
1037 2716 1154 2782 judicia,
1264 2769 1265 2784 2

125 2789 165 2839 ιιιὶ
179 2794 221 2841 est
234 2804 351 2855 persona
365 2791 475 2854 publica
491 2809 497 2841 ι
512 2789 620 2856 quando
635 2790 707 2842 enim
727 2789 897 2855 pronunciat,
913 2802 989 2840 reum
1007 2789 1154 2856 essejuri·
1264 2799 1265 2838 3

126 2859 186 2911 dice
198 2861 359 2920 convicium,
374 2860 402 2911 id
416 2865 520 2912 tantum
533 2859 661 2924 declarat,
683 2861 754 2926 quod
769 2874 801 2912 ex
822 2861 890 2912 uotis
903 2859 1025 2920 resultat,
1049 2864 1078 2911 et
1099 2873 1156 2912 non
1264 2865 1265 2904 i

126 2930 197 2996 quod
212 2930 270 2994 ipse
286 2932 369 2982 sentit
384 2934 522 2998 tamquam
536 2945 652 2998 persone
665 2932 781 2997 privata.
798 2932 893 2984 Deroti
909 2931 942 2983 de
961 2935 1029 2984 sent.
1045 2929 1059 2999 fl
1074 2931 1113 2996 ¹0,
1127 2932 1156 2984 in
1231 2981 1235 2992 ,

125 3004 180 3052 not.
197 3001 304 3054 Abhao
323 3009 414 3054 tamon
436 3003 530 3067 regule
551 3007 687 3068 putamus,
710 3002 902 3069 excipiendum
925 3017 985 3056 ease
1002 3016 1109 3064 nasum,
1128 3005 1155 3055 in
1230 3017 1235 3030 ·
1264 3065 1265 3070 ¹

126 3085 180 3138 qno
189 3073 278 3136 egitur
290 3073 324 3124 de
338 3074 427 3125 causis
437 3073 623 3126 criminalibus
637 3074 795 3139 majoribus,
809 3077 874 3142 quia
887 3073 1008 3127 occidero
1023 3075 1153 3128 innoeen-

126 3147 179 3195 tem
190 3149 231 3196 est
244 3157 293 3210 per
304 3157 333 3196 se
346 3144 491 3196 intrinsece
508 3145 618 3205 malum,
630 3148 657 3198 el
671 3148 804 3210 repugnat
825 3146 882 3212 jun·
897 3145 986 3197 divino
1004 3149 1032 3198 el
1045 3149 1155 3198 natura·

126 3213 155 3280 ii,
170 3214 213 3267 oui
223 3214 353 3280 derogare
365 3214 460 3281 nequit
472 3214 660 3281 quodcumque
671 3216 719 3280 jus
733 3215 879 3280 positivum
891 3216 1049 3268 humanum.

162 3403 224 3458 852.
245 3382 396 3458 Sententia
409 3397 517 3458 deinde
531 3399 711 3476 proferenda
725 3407 771 3460 esi
784 3401 950 3461 seeundum
960 3405 1029 3460 aula¹
1038 3403 1073 3460 el
1081 3415 1151 3476 ¹pro

126 3485 209 3558 heta,
224 3485 255 3546 id
274 3491 329 3558 eal,
344 3485 443 3562 potitis
462 3485 493 3545 in
513 3487 623 3561 libello,
639 3487 819 3564 allegationi
840 3489 975 3568 probetis
985 3489 1025 3564 en·
1040 3488 1153 3566 fficio
1264 3483 1265 3506 ι

126 3571 215 3628 debet
228 3589 294 3631 esee
307 3573 469 3633 conformis
483 3577 542 3646 (l):
558 3591 628 3635 nam
641 3591 696 3650 per
710 3583 778 3636 anta
791 3581 821 3637 el
829 3577 962 3654 probate
971 3578 1067 3656 judex
1080 3577 1151 3642 ello·
