2426 4070
484 131 647 186 ..(55.-

80 259 122 312 aut
135 252 161 312 in
176 252 426 324 confraternitate,
445 251 494 311 vel
514 249 737 323 communitate,
752 254 803 310 aut
819 249 968 327 hospitali,
987 260 1038 312 eut
1057 253 1086 312 in

79 341 240 415 carceribus,
256 340 326 417 quie
340 357 411 401 curn
423 339 490 399 haec
507 340 575 399 loco
586 339 624 398 ad
637 337 786 415 publicem
799 339 954 401 utilitatem
968 339 1027 402 siut
1041 343 1086 402 in-

79 430 172 502 stitute,
196 430 313 505 publica
337 445 405 489 esee
431 427 571 489 dicuntur
584 431 636 501 (2).
654 427 768 487 idcirco
784 427 813 486 in
833 429 975 489 oratoriis
990 431 1088 505 puhli-

79 518 122 590 cis,
135 535 197 592 quae
221 516 443 578 similitudinem
468 518 603 576 reiemnt
623 515 832 589 Ecclesierum,
852 523 951 592 potest
968 535 1088 580 sacrum

53 597 55 605 ’
79 606 139 679 ieri,
149 613 178 666 et
186 605 339 666 audientes
349 606 381 664 in
393 605 440 666 die
452 606 528 666 lesto
540 604 663 664 missam
675 603 858 665 satisfaciunt
869 613 1020 684 praecepto
1034 613 1086 682 (3).

107 693 237 756 Dicuntur
250 694 360 754 deinde
372 694 506 754 oratoria
527 694 653 771 private,
669 710 736 769 quae
747 692 779 752 in
798 693 935 754 domibus
955 697 1088 773 privato·

80 798 133 841 rom
156 784 270 858 privata
290 781 467 843 auctoritate
492 792 562 842 sunt
582 787 693 842 erecta.
717 787 787 843 llaec
811 782 941 858 quidem,
963 802 1030 860 qnee
1049 785 1088 846 ad

79 871 177 932 iamiliae
189 871 331 948 pictatem
347 871 507 932 fovendam
528 887 712 946 magnopere
729 877 800 930 sunt
813 872 1007 946 consulenda,
1020 875 1089 950 jure

80 961 259 1022 Ecclesiamm
273 979 335 1020 nou
348 961 504 1034 fruuntur3
529 966 560 1021 et
581 959 612 1018 in
629 959 676 1020 his
694 959 820 1036 proinde
841 960 955 1037 absque
972 966 1088 1023 Sanctae

80 1049 148 1108 sedis
162 1050 277 1110 indulto
288 1065 410 1110 sacrum
420 1049 486 1110 fieri
496 1048 599 1126 nequit
613 1051 664 1120 (l).

103 1169 133 1234 (1)
141 1171 292 1224 Oratorium
306 1169 396 1222 differt
408 1183 425 1221 a
436 1171 550 1235 capella,
565 1185 626 1235 quae
637 1169 784 1222 secundum
795 1183 963 1222 communem
974 1172 1087 1238 loquen-

79 1241 100 1290 di
112 1257 184 1294 usum
211 1243 344 1310 accipitur
363 1257 413 1308 pro
430 1242 510 1294 elteri
525 1242 632 1305 minori,
646 1245 693 1292 eut
713 1255 762 1307 pro
778 1241 877 1293 sacello
890 1242 918 1292 in
937 1242 1029 1308 alique
1043 1258 1087 1295 ec-

79 1311 148 1365 clesie
167 1315 287 1374 fundato,
310 1314 345 1366 ed
363 1316 441 1379 cujus
460 1313 625 1364 erectionem
642 1313 779 1366 Ordinerii
796 1312 942 1364 aucteritas
964 1315 1089 1368 similiter

80 1387 219 1450 requiritur,
231 1399 285 1436 non
297 1399 362 1437 vero
378 1384 501 1436 absolute
514 1383 573 1445 dos,
584 1397 647 1434 curn
660 1384 695 1434 ed
708 1387 831 1436 ornatum
842 1383 973 1438 Ecclesiae
987 1385 1090 1452 absque

79 1456 207 1508 missarum
223 1457 353 1508 oneribus
364 1455 524 1508 instituitur.
539 1455 579 1506 De
593 1455 637 1506 his
653 1455 766 1521 capellis
781 1455 912 1508 videndus
922 1462 964 1508 est
976 1457 1087 1510 Ventri-

79 1525 194 1589 glietom.
208 1528 233 1587 i,
247 1532 337 1579 annot.
355 1527 393 1590 19,
407 1541 423 1578 a
439 1542 465 1578 n.
480 1527 520 1576 tt.
534 1554 566 1566 ·-
579 1527 615 1590 (t)
633 1526 663 1577 S.
683 1527 722 1577 De
739 1526 848 1591 Ligario
869 1527 887 1577 l.
906 1528 930 1585 6,
946 1541 974 1578 n.
989 1528 1044 1579 357.
1060 1527 1087 1580 S.

80 1596 240 1664 congregatio
253 1599 295 1649 Ἠ.
314 1602 394 1650 mart.
413 1598 481 1650 1848.
497 1599 542 1648 An
557 1598 612 1649 tale
638 1597 719 1648 etiam
737 1600 773 1648 sit
795 1597 949 1650 Oretorium
969 1604 1090 1652 erectum

80 1666 170 1721 ireule
180 1671 353 1736 Magistratus
365 1669 462 1728 civilis,
477 1672 524 1720 eut
534 1668 691 1732 criminalis,
700 1668 809 1721 ridetur
819 1671 985 1734 negandum.
999 1671 1089 1722 Girel·

81 1738 121 1791 dus
131 1739 164 1792 ed
176 1755 242 1793 sess.
256 1741 295 1792 lt.
311 1739 386 1792 Trid.
396 1743 462 1792 sect.
477 1741 516 1792 69.
529 1765 561 1778 -
570 1739 607 1805 (3)
626 1740 694 1790 Cum
705 1739 834 1806 Epitcopi
848 1741 958 1794 licentia
969 1741 997 1792 in
1009 1743 1090 1796 dictis

80 1811 188 1863 oratoriis
208 1811 305 1863 haberi
321 1812 477 1874 conciones,
492 1810 666 1864 Poenitentiae
683 1814 710 1861 et
724 1810 900 1863 Eucharistiae
922 1817 1091 1866 accrementa

81 1879 246 1934 administrari
255 1887 377 1950 possunt.
387 1881 542 1934 Notandum
551 1883 642 1933 temen
654 1881 726 1947 quod
742 1881 770 1932 in
783 1881 879 1933 iisdem
894 1885 1018 1935 oratoriis
1030 1898 1091 1936 sen·

82 1951 184 2004 ctissime
192 1954 364 2006 Eucharistio
373 1952 484 2005 retineri
498 1953 593 2018 nequit
605 1953 708 2017 absque
723 1952 834 2017 speciali
848 1954 875 2004 S.
885 1954 964 2006 Sedis
978 1955 1091 2008 faculta-

81 2026 109 2080 te,
120 2025 184 2076 sicut
196 2025 263 2077 alibi
276 2025 430 2085 innuimus;
445 2028 472 2076 et
485 2024 555 2089 quod
572 2022 609 2074 ibi
621 2024 771 2074 sanctiones
783 2025 951 2086 parochiales
964 2039 1018 2078 rron
1028 2030 1092 2077 sunt

81 2095 251 2156 permittendae
267 2097 320 2164 nisi
335 2108 463 2146 excausa
480 2095 646 2158 assignatae
659 2093 816 2145 'tridentino
837 2095 867 2145 in
884 2109 951 2148 sess.
973 2097 1013 2156 tt,
1029 2111 1052 2148 c.
1066 2097 1093 2162 l,

82 2164 108 2214 de
119 2167 162 2216 rel.
177 2167 312 2218 Gaeterum
325 2166 492 2216 Monacellus
511 2164 596 2222 docet,
612 2165 774 2228 Episcopum
788 2179 842 2217 non
862 2166 962 2218 dehere
986 2168 1093 2218 fenilem

82 2247 105 2285 se
116 2239 229 2301 prebere
242 2239 272 2288 in
285 2237 468 2301 permittendo
481 2236 660 2288 oratoriorum
674 2236 810 2288 erectione
824 2237 853 2287 in
867 2240 954 2303 pagis,
970 2243 997 2290 et
1013 2238 1092 2304 oppi-

84 2305 124 2369 dis,
135 2323 166 2359 ne
177 2307 271 2361 fideles
285 2308 507 2359 abstrahenture
522 2305 690 2364 Pectoribus,
707 2310 734 2356 et
747 2309 880 2374 epascuis
890 2309 1091 2374 spiritualibus·

83 2375 142 2429 Part.
154 2380 177 2442 t,
191 2384 210 2430 t.
226 2378 266 2444 13,
281 2379 310 2430 in
324 2379 424 2430 decret.
443 2378 491 2429 cir.
515 2379 575 2429 rub.
590 2392 618 2427 n.
632 2377 673 2430 lt.
695 2405 725 2414 -
739 2377 775 2443 (l)
799 2377 864 2430 Gen.
879 2381 919 2438 33,
937 2380 1002 2432 dist.
1022 2381 1046 2444 l,
1059 2380 1093 2433 de

85 2460 170 2502 consec.

112 2617 164 2673 ll8.
175 2612 250 2673 Olim
260 2611 362 2671 miasae
369 2610 553 2672 sacrificium
562 2616 681 2688 poterat
691 2609 742 2670 ott
753 2611 813 2687 ipse
823 2609 980 2686 Episcopus
988 2612 1093 2687 pereni»

87 2709 148 2760 arat
159 2705 198 2774 (l)
206 2705 440 2776 :consequenter
452 2700 618 2760 concedere
628 2697 779 2759 licentiam
792 2705 911 2775 poteret
924 2701 1094 2760 celebrandi

89 2787 196 2850 etinmin
207 2785 350 2862 oratoriis
360 2787 547 2861 domesticis,
561 2787 681 2862 sedipsi
688 2789 754 2847 haec
766 2788 891 2848 facultas
899 2785 953 2848 luit
962 2788 1096 2863 limitata,

89 2879 224 2939 etsuhloto
237 2894 293 2954 per
306 2879 462 2938 decretum
472 2878 591 2938 concilii
597 2877 767 2950 Tridentini,
779 2879 860 2955 quod
870 2880 1045 2956 praescribit,
1059 2898 1097 2941 ne

89 2967 209 3043 Episcopi
222 2966 384 3043 patiantur,
397 2967 522 3042 priuatis
542 2967 577 3026 ia
595 2967 738 3038 domitus,
759 2975 846 3044 otqtre
868 2972 989 3032 omnino
1011 2979 1097 3030 cetra

90 3052 242 3131 Ecclesiam,
258 3064 286 3117 ct
304 3056 343 3115 cd
358 3057 493 3116 divinum
506 3055 621 3116 cultum
635 3057 731 3117 dicato
745 3057 882 3119 Orotorio
897 3069 1035 3121 salcetum
1047 3077 1096 3119 so·

90 3145 217 3217 orificium
243 3145 345 3220 percpi
366 3148 417 3217 (⁶2).
434 3150 477 3204 An
491 3162 564 3204 vero
584 3162 639 3220 per
656 3146 715 3204 hoc
737 3147 859 3207 omnino
883 3149 949 3209 hece
972 3150 1098 3208 facultas

92 3231 227 3308 Episcopis
239 3235 381 3308 adempta
395 3233 442 3306 ait,
458 3233 610 3294 dubitetur
624 3251 632 3306 ς
648 3235 701 3294 sed
712 3236 849 3311 negative
865 3238 1010 3298 sententia
1020 3235 1099 3294 vide-

93 3322 131 3377 tur
148 3322 336 3396 probabilior,
351 3329 381 3381 et
398 3322 487 3383 hodie
500 3329 584 3382 certa
603 3342 610 3382 :
625 3341 695 3383 nem
709 3342 814 3385 verum
828 3327 948 3402 quidem
962 3330 1017 3396 est,
1036 3325 1100 3398 plu·

94 3404 141 3482 ripe
160 3415 186 3472 S.
211 3410 476 3488 congregationem
503 3411 592 3472 etiam
613 3413 699 3487 jussu
717 3415 893 3474 Pontificum
919 3414 1099 3481 declarasse,

97 3493 331 3561 henclacnltetem
339 3499 493 3576 Episcopis
501 3501 592 3562 tuisse
600 3501 817 3578 ademptampt
828 3503 884 3562 soli
896 3507 1030 3562 Romano
1042 3505 1110 3570 Pori,

415 3593 419 3622 t
