2592 4018
571 738 773 822 TITULUS
800 737 866 820 ΙΙΙ.

460 961 497 1006 DE
514 961 697 1006 mucuintsrtu
715 961 749 1006 ΕΤ
767 959 954 1007 ΡΟΕΜΤΕΝἨᾸ.

200 1125 346 1182 sommum
359 1147 365 1178 ι
379 1125 434 1178 tut.
448 1125 591 1180 Eucheristin
606 1128 631 1176 ut
646 1127 810 1177 mmsmentum
823 1123 938 1177 detinitur.
951 1152 982 1162 -
995 1123 1050 1176 318.
1064 1123 1224 1190 (intestinius

234 1197 348 1260 minister,
361 1201 383 1250 ot
391 1197 533 1264 subiectum?
549 1225 580 1235 -
595 1196 649 1248 ³19.
667 1195 808 1248 Euohmistis
822 1195 931 1248 sumendo
941 1195 1054 1261 njejrrnis.
1064 1221 1096 1233 -·
1109 1194 1163 1246 320.
1174 1196 1224 1248 Sni·

233 1275 279 1323 tem
293 1271 364 1322 semel
376 1271 469 1322 menno
483 1270 507 1320 in
519 1267 637 1320 Pnsristo.
652 1295 683 1304 -
696 1267 751 1318 out,
767 1267 821 1327 Qun
830 1269 875 1320 sint
884 1281 957 1332 ooenn
970 1271 1050 1319 contro
1061 1265 1225 1320 oontomnoesi

234 1370 265 1381 -
277 1343 332 1394 322.
347 1341 490 1394 Eucharistie
503 1343 528 1391 ut
539 1339 673 1391 sacrificium
688 1337 801 1390 deuotum.
811 1367 842 1377 -
856 1339 911 1390 333.
925 1337 968 1397 Oui
977 1338 1031 1392 sint.
1045 1337 1083 1404 oui
1096 1338 1139 1390 hoo
1151 1337 1222 1392 mert-

234 1413 310 1466 itoium
328 1411 444 1464 offerunt?
456 1438 485 1450 -
501 1411 555 1462 itt.
576 1410 711 1461 Sacerdotes
724 1413 828 1460 tenentur
840 1409 932 1462 omniuo
945 1409 1063 1476 aliquoties
1076 1411 1098 1460 in
1110 1423 1171 1461 suno
1184 1409 1224 1462 ot-

233 1485 303 1536 ierre.
318 1509 350 1522 —
364 1483 419 1534 325.
435 1481 562 1546 Quotupiex
577 1481 606 1533 sit
617 1481 684 1546 hujus
698 1480 801 1531 seoriiirii
811 1479 912 1532 tructus?
924 1508 955 1518 -
966 1481 1021 1531 oto.
1038 1481 1173 1534 &orontes
1183 1493 1225 1544 nro

235 1555 285 1609 otiis
307 1553 445 1606 eelebrentes
463 1556 560 1619 possunt
578 1551 637 1603 licite
648 1552 733 1617 justam
754 1551 918 1617 eleemosynam
933 1553 1043 1617 accipere.
1056 1579 1086 1592 -
1097 1553 1154 1604 tir.
1168 1552 1226 1612 Qum

236 1627 296 1680 ciros
311 1626 370 1676 hano
381 1626 547 1690 eleemosynam
562 1623 608 1674 sint
622 1623 758 1689 proscripto
779 1623 883 1688 regulo?
895 1652 925 1662 -
941 1623 996 1676 338.
1010 1624 1088 1676 Onera
1104 1624 1227 1676 missorum

235 1695 378 1763 adimplendo
392 1700 444 1747 sunt
453 1697 518 1761 juntn
532 1707 617 1756 rernm,
632 1699 671 1744 nut
683 1699 843 1760 presumptum
855 1693 1022 1746 benefactorum
1034 1695 1179 1748 voluntatem.
1196 1723 1225 1734 -

234 1769 290 1822 3²9.
306 1767 361 1827 Qun
378 1767 423 1819 sint
444 1766 591 1818 observando
609 1765 693 1830 rogoin
713 1766 733 1818 si
752 1765 872 1818 missorum
886 1767 986 1818 redditus
998 1767 1179 1820 imminuantur?
1194 1793 1228 1806 —-

236 1839 292 1891 333.
307 1838 364 1898 onir
378 1838 407 1890 sit
418 1837 553 1904 compositio
571 1836 647 1899 orosi
661 1837 743 1888 missas
755 1850 803 1888 non
816 1836 956 1888 celebratos?
969 1866 999 1876 -
1013 1839 1068 1890 331.
1085 1838 1142 1897 Quid
1157 1835 1228 1889 redu·
1289 1871 1293 1888 .

235 1911 282 1964 otio
294 1912 423 1972 missarum,
438 1913 461 1962 et
474 1910 528 1976 quis
541 1907 622 1960 habent
634 1909 757 1960 reducendi
770 1909 919 1974 potestatem?
931 1937 956 1946 -
973 1909 1026 1960 333.
1039 1910 1094 1969 Ouo
1107 1910 1152 1961 sim
1166 1923 1229 1975 prae-

235 1983 306 2048 sinum
319 1982 476 2034 reiuotionum
489 1980 596 2046 regulo?
614 2007 644 2020 -
666 1980 720 2032 333.
740 1981 910 2031 Sacramentum
932 1979 1072 2032 Poeniteotiae
1091 1981 1155 2046 quid,
1176 1980 1230 2046 quis

236 2055 285 2120 ejus
300 2053 410 2113 minister,
427 2057 450 2104 et
463 2051 588 2118 subjectum
599 2050 612 2101 i
625 2079 656 2090 -
670 2052 725 2103 334.
743 2051 845 2103 Minister
863 2051 930 2102 habet
939 2051 1119 2116 jurisdictionem
1133 2051 1227 2104 ordine·

235 2125 300 2185 risu,
311 2123 346 2176 rei
359 2123 491 2188 delegatum.
513 2150 539 2159 -
554 2123 609 2174 335.
624 2121 771 2182 Qumdonsm
785 2121 885 2188 episcopi
898 2124 988 2187 possint
1001 2129 1142 2187 poeoniorum
1155 2123 1227 2174 obeo-

236 2196 346 2248 lutionem
360 2195 402 2247 situi
415 2193 553 2247 reservaret
567 2221 598 2231 -
611 2194 666 2245 333.
683 2193 778 2253 Quando
798 2192 860 2258 Pron
878 2192 921 2244 sibi
942 2192 1107 2248 obsolutionem
1127 2197 1231 2248 reservet

235 2278 328 2334 propter
342 2270 469 2334 posonium,
483 2264 609 2331 siquando
623 2271 716 2332 propter
729 2262 1001 2317 excommunicationem?

242 2440 306 2496 317.
318 2431 501 2494 Eucharistio
516 2431 695 2492 vocobulum
705 2446 837 2508 graecum
850 2436 906 2506 est,
921 2431 1002 2508 quod
1015 2398 1230 2507 apud‘uaunos

209 2523 355 2601 signifieat
369 2521 495 2598 gretiam
508 2520 628 2595 bonnm,
644 2522 691 2580 uel
710 2520 873 2596 gratiarum
888 2521 1046 2595 actionem,
1059 2525 1090 2582 et
1103 2519 1231 2582 sumitur

207 2631 263 2690 pro
281 2628 367 2673 novae
378 2611 464 2686 Legis
477 2619 675 2684 sacramento,
691 2617 721 2670 et
734 2627 790 2686 pro
804 2609 961 2670 snoniticio.
977 2609 1160 2671 Eucharistio
1173 2611 1231 2672 sub

210 2701 306 2778 primo
320 2705 459 2776 respectu
471 2705 593 2776 eccepto
608 2707 649 2760 est
659 2705 881 2759 sooromeotrun
894 2715 975 2760 mooe
988 2700 1066 2776 Leois
1080 2717 1100 2760 o
1115 2701 1232 2762 Christo

210 2790 393 2858 institutum,
407 2788 544 2848 omnium
562 2788 789 2860 mobilissimum,
805 2795 832 2846 et
854 2789 1034 2863 monimum,
1049 2789 1126 2865 quood
1146 2807 1231 2850 uero-

205 2880 276 2940 oiter
289 2878 415 2938 continet
430 2875 540 2953 corpus
550 2885 576 2936 et
589 2875 772 2952 Sooqoioeoo
783 2876 853 2938 Josu
863 2877 973 2938 Christi
985 2877 1038 2938 sub
1055 2879 1231 2938 consecratis

207 2968 305 3046 ponis,
319 2973 346 3027 et
360 2966 423 3027 oioi
433 2965 586 3042 speciebus.
605 2966 713 3026 Dicitur
727 2967 786 3048 hoo
797 2969 1021 3027 Sacramentum
1034 2966 1168 3027 omnium
1183 2984 1233 3027 uo·

210 3056 386 3116 bilissimum
398 3061 429 3114 et
443 3053 616 3128 maximum,
628 3053 696 3131 quin
707 3071 769 3114 nou
780 3055 877 3115 solum
891 3055 1021 3116 eontinet
1031 3057 1168 3132 gratiam,
1179 3057 1234 3116 sed

207 3144 305 3222 ipsum
319 3143 421 3220 gratioe
440 3151 595 3203 auctorem
612 3149 712 3204 iesum
735 3143 882 3205 Christum
901 3161 1006 3204 verum
1019 3149 1122 3219 Deum,
1134 3153 1164 3206 et
1177 3146 1233 3205 ho·

210 3225 333 3299 minem,
348 3241 366 3284 u
384 3240 445 3300 quo
462 3222 547 3284 miris
564 3223 661 3284 modis
678 3222 778 3284 divino
796 3224 890 3300 grstia
909 3224 1070 3300 reficimur,
1092 3233 1122 3286 et
1142 3241 1234 3302 euge·

211 3321 312 3456 mig-8·
325 3392 465 3466 itinister,
476 3393 526 3470 qui
538 3391 751 3453 Eucharistinm
766 3391 896 3468 coniicit,
911 3399 956 3454 est
969 3395 1051 3456 soius
1066 3397 1234 3460 sacerdos:

214 3485 296 3546 solos
310 3482 428 3560 quidem
448 3482 623 3543 Sacerdotes
642 3483 789 3542 allocutus
803 3489 849 3543 est
863 3481 993 3545 Christus
1008 3485 1038 3546 in
1060 3490 1150 3547 Coeno
1167 3498 1237 3565 post

209 3573 298 3652 huius
326 3571 504 3636 sacramenti
531 3571 746 3634 institutionem
767 3571 870 3634 dicens
883 3592 890 3634 ι
903 3573 963 3636 Hoo
974 3575 1062 3651 socio
1081 3577 1116 3638 io
1135 3595 1235 3641 omem
