2524 4080
510 153 667 212 ...307-

73 297 137 338 com.
154 284 223 336 Cum
243 283 332 334 annm
346 279 477 332 adversas
495 277 566 330 hanc
586 274 691 328 bullam
704 272 854 342 Regulus-es
868 275 1009 342 antiquam
1022 285 1093 342 pree·

72 357 213 410 tenderent
227 353 377 419 privilegia,
389 351 518 404 Urbanus
532 349 598 401 Vlll
612 361 672 402 eam
687 352 780 400 eontra
793 347 942 412 Regulares
954 348 1096 400 coufirma-

72 429 109 480 rit
122 441 173 494 per
187 425 325 478 decretum
339 424 365 474 S.
380 420 601 488 congregationis
615 419 727 472 Concilii
738 419 753 470 ‘l
766 423 833 484 sept.
857 419 926 484 isat,
940 420 967 470 in
977 433 1030 486 quo
1044 421 1094 472 bo-

72 513 169 552 norum
182 497 426 548 ecclesiasticorum
448 493 637 545 alienationem
657 493 761 556 absque
783 503 912 556 expressa
933 492 1052 556 ejusdcm
1068 493 1094 544 S.

73 568 294 635 Congregetlonis
309 566 418 619 licentia
430 563 569 618 interdixit
581 563 705 614 omnibus
721 561 932 626 perorationem
946 563 1100 628 provinciu-

72 642 141 694 libas
158 638 299 704 Capitulis,
312 638 352 691 ccl
366 633 626 702 deprecationibus,
640 633 784 693 Antiatibus
800 634 976 700 pennalibus,
993 638 1018 687 et
1036 637 1097 701 qui-

72 713 234 776 bescumqac
248 706 499 774 alitesnpem'oiibas
509 704 676 772 secularibus
690 705 807 770 cujusvis
820 704 938 768 Ordinis,
952 705 1100 772 conpress-

72 783 166 844 tionis,
180 777 329 842 Somctctts,
346 780 386 832 oet
400 777 525 833 instituti
535 777 613 830 intra
624 777 690 841 flues
706 775 819 840 Europa
833 777 1014 831 cantantibus.
1028 780 1102 842 Qua-

72 871 101 907 re
114 855 182 906 huic
193 851 367 918 prohibitioni
381 849 563 914 subjiciuntur
576 861 669 899 omnes
691 847 917 912 congregationes
934 851 1099 903 ecclesiasti·

72 941 111 978 cae
126 926 249 976 virorum
272 930 298 974 et
314 922 469 978 mulierum,
483 934 544 971 cum
558 919 643 970 iubis
659 917 817 970 emittuntur
830 922 892 970 vote
905 922 1047 987 simplicia,
1057 924 1101 976 rel

71 998 157 1050 etiam
169 1009 230 1046 cnm
244 993 320 1046 nulla
334 993 493 1045 emittuntur
512 997 582 1054 vota,
602 994 633 1041 ut
647 1003 678 1040 ex
692 988 874 1042 decisionibus
896 991 923 1044 S.
946 993 1099 1060 Congrege-

72 1069 159 1121 tionis
170 1067 223 1118 late
238 1066 335 1131 probat
353 1065 454 1115 Auctor
468 1061 545 1113 Auel.
561 1063 617 1127 jnr.
632 1061 710 1112 Pont.
726 1074 779 1112 ser.
802 1063 823 1120 l,
840 1076 902 1129 pag.
924 1062 992 1114 llss.
1015 1065 1099 1118 lmmo

72 1141 172 1192 eadem
185 1137 332 1204 prohibitio
345 1137 418 1199 viget
427 1134 532 1186 etiamsi
544 1136 670 1198 ageretur
683 1131 716 1183 de
726 1133 934 1184 alienationibus
947 1134 1028 1186 unius
1040 1151 1100 1188 mo-

71 1210 192 1264 nasterii
204 1223 266 1260 cum
279 1207 364 1260 altero
378 1206 460 1256 etiam
482 1205 602 1270 ejusdem
622 1203 734 1260 ordinis,
749 1203 813 1266 quie
827 1203 898 1255 bone
921 1207 1098 1258 monasterio-

72 1297 137 1334 rum
148 1284 212 1332 suut
226 1278 335 1330 realiter
348 1280 483 1341 separate,
494 1287 655 1340 quamquam
671 1274 698 1324 id
717 1273 793 1324 tieret
806 1274 835 1326 in
853 1275 994 1342 utriusque
1007 1291 1099 1330 mona·

72 1352 154 1406 sterii
167 1350 321 1402 utilitatem.
334 1349 361 1400 S.
376 1348 551 1413 Congregetio
568 1347 595 1398 19
608 1349 688 1397 mart.
706 1343 777 1398 1685.

109 1542 177 1600 703.
208 1541 241 1596 ln
266 1533 492 1596 alienationibus
513 1534 678 1610 prohibitus
698 1534 759 1594 duo
779 1534 994 1598 consideranda
1018 1548 1103 1616 sunt,

70 1644 208 1704 nempe:
223 1642 282 1699 res,
302 1642 368 1700 quae
382 1623 535 1697 alienatur,
551 1630 581 1684 et
595 1630 678 1684 actus
690 1624 884 1686 alienationis.
899 1631 1025 1704 Propter
1037 1645 1113 1691 rem·

70 1721 176 1796 ipsam
192 1714 313 1776 alienari
327 1731 386 1774 non
399 1719 535 1789 possunt.
551 1718 581 1772 1⁰
595 1718 652 1774 Res
675 1714 841 1776 immobiles
854 1721 969 1791 natura,
984 1725 1016 1778 ut
1031 1723 1105 1780 tem-

70 1811 137 1887 pla,
154 1805 347 1876 monasteria,
361 1804 429 1862 loce
442 1801 491 1878 pia
504 1802 715 1877 ecclesiastica,
736 1820 841 1864 eorum
853 1803 963 1879 praedia
977 1807 1102 1882 urbane,

71 1900 122 1958 vel
140 1895 264 1966 rustica,
275 1893 393 1966 domam,
407 1891 480 1968 agri,
492 1898 548 1953 etc.
563 1897 615 1966 (l);
626 1892 697 1952 item
711 1909 760 1952 res
774 1893 939 1954 immobiles
952 1911 992 1954 ex
1005 1895 1107 1972 dispo·

7 2007 8 2010 ¹
71 1986 189 2047 sitione
203 1981 286 2058 legis,
300 1987 335 2041 ut
346 1982 423 2056 Jura,
439 1981 613 2040 electiones
627 1981 665 2040 ad
679 1999 742 2041 rem
756 1982 938 2042 immobilem
951 1989 1011 2057 (t);
1026 1984 1106 2046 deci-

70 2093 149 2147 mae,
164 2087 275 2132 census
289 2071 390 2143 annui,
404 2071 472 2130 loca
483 2070 640 2144 montium,
664 2071 784 2130 nomine
799 2068 967 2134 debitorum
983 2077 1034 2148 (3),
1049 2075 1105 2152 hy-

70 2165 229 2244 pothecae,
242 2159 399 2220 servitutes
413 2161 508 2220 reales
523 2159 718 2232 ususfructus,
732 2159 914 2234 piscationis,
929 2162 1106 2238 venationis,

73 2252 200 2332 pascui,
215 2256 284 2322 etc.;
303 2265 453 2325 quaecum
466 2253 572 2308 natura
586 2265 640 2308 sua
651 2263 707 2307 uec
720 2248 855 2322 mobiles,
870 2267 928 2310 neo
945 2249 1111 2312 immobiles

73 2342 222 2404 obsolute
236 2337 338 2398 vocari
350 2345 469 2413 queant,
490 2337 660 2414 qualitatem
677 2354 695 2395 a
716 2337 781 2412 lege
801 2337 841 2398 ob
863 2353 938 2412 rem,
957 2339 996 2398 ad
1019 2357 1109 2416 qarem

72 2433 264 2501 referuntur,
278 2425 444 2502 accipiunt:
462 2443 532 2486 nam
553 2428 604 2503 qui
623 2428 767 2490 cainaeos
787 2427 871 2487 habet
891 2429 930 2490 ad
946 2445 1010 2490 reni
1023 2446 1108 2492 recu·

70 2517 249 2600 perandum
261 2516 358 2594 ipsam
369 2514 434 2575 reae
447 2516 551 2576 bebere
564 2517 688 2576 emetur.
713 2521 744 2576 2⁰
763 2516 891 2576 Alienari
904 2533 964 2576 uon
979 2525 1107 2594 possunt

72 2626 133 2674 res
151 2605 279 2667 mobiles
297 2605 446 2680 pretiosae,
463 2621 530 2680 quae
552 2610 675 2680 propter
696 2604 835 2681 pretium,
857 2612 889 2665 ut
902 2623 1039 2681 gemmae,
1055 2624 1111 2667 au-

71 2713 164 2768 rum,
178 2699 345 2770 argentum,
360 2694 408 2752 vel
422 2699 544 2769 propter
558 2701 662 2766 artem,
678 2699 711 2753 ut
728 2691 859 2769 insignes
881 2695 1014 2771 picturae,
1030 2697 1109 2757 soul-

76 2793 198 2865 pturee,
208 2789 340 2856 amotus,
352 2789 422 2854 eto.;
435 2783 483 2841 vel
492 2788 614 2858 propter
623 2781 837 2858 antiquitatem,
850 2790 902 2843 eut
911 2787 1110 2848 reverentiam

75 2881 159 2945 Dee,
175 2870 301 2944 SalletiS‚
319 2869 473 2929 autetiam
486 2869 725 2930 benefactoribus
741 2870 880 2943 debitam,
896 2871 1025 2947 aliquem
1041 2891 1110 2950 per·
1162 2938 1164 2941 ,

76 2961 244 3023 ticalsrem
262 2957 462 3034 splendorem,
484 2959 532 3018 vel
551 2957 706 3018 utilitatem
728 2956 785 3034 ipsi
807 2959 947 3019 Ecclesiae
968 2961 1104 3035 afferunt,

73 3051 132 3111 vel
149 3048 257 3107 afferre
272 3051 420 3122 possunt(
440 3051 460 3119 ).

123 3200 161 3265 (l)
175 3199 241 3264 (lap.
254 3197 276 3258 l,
290 3198 324 3250 de
338 3197 396 3250 reb.
406 3198 479 3250 Eccl.
495 3199 574 3250 elien.
585 3199 696 3250 extrav.
708 3197 859 3253 Ambitiosa
873 3201 931 3254 eod.
943 3201 992 3253 int.
1007 3215 1074 3264 com.
1085 3229 1113 3240 -

81 3272 126 3336 (2)
137 3269 202 3335 Cap.
213 3270 237 3328 t,
250 3269 283 3320 de
293 3269 349 3320 reb.
361 3269 433 3320 idaci.
448 3269 589 3320 nonalien.
600 3270 629 3320 in
638 3271 661 3328 e,
677 3270 760 3322 Clam.
772 3270 792 3330 l,
808 3273 934 3338 eod—(3)
945 3275 1011 3338 Gap.
1022 3272 1043 3336 l,
1052 3272 1112 3324 eod.

79 3346 117 3395 in
126 3341 151 3392 s.
167 3340 252 3394 (ilem.
265 3339 309 3406 ¹2}
322 3353 467 3406 eorumque
481 3340 569 3392 annai
582 3341 614 3392 de
626 3342 700 3392 verb.
712 3341 871 3408 sigolt-(l)
881 3343 1063 3396 observamus
1076 3347 1116 3394 ta·

79 3427 152 3466 men
160 3411 293 3477 quasdem
301 3411 475 3472 resmobiles,
483 3414 511 3463 et
519 3412 546 3462 in
555 3425 645 3463 senon
654 3415 796 3478 pretiosas,
805 3427 865 3480 qum
873 3415 986 3479 inparia
999 3417 1113 3478 possunt

81 3483 204 3538 alienari
218 3483 247 3534 ia
261 3487 324 3542 toto,
338 3483 378 3533 uti
388 3488 430 3534 est
440 3497 506 3548 grex
516 3484 615 3548 ovium,
630 3484 803 3544 bibliotheca,
818 3489 845 3536 et
854 3484 962 3545 similia,
978 3485 1042 3550 quia
1055 3483 1114 3538 baec

83 3555 127 3608 ad
135 3569 216 3608 mum
230 3557 393 3621 perpetuum
402 3553 586 3607 conservando
595 3560 668 3615 sunt,
678 3555 801 3622 adquam
811 3559 874 3607 sunt
885 3553 1026 3608 destinata.
1038 3555 1114 3608 ldem
