2426 4070
526 39 667 96 ..83-

23 133 25 186 ²
134 150 216 210 lineo
229 155 275 211 est
289 150 385 210 series
395 165 605 227 personarum,
625 167 692 228 quae
705 151 861 212 abeodem
873 150 972 229 stipite
985 169 1112 230 genera-

108 238 170 298 tione
191 240 391 312 descendunt,
413 257 480 316 quae
502 241 642 309 dividitur
660 239 690 300 in
709 247 832 311 rectam,
854 247 886 302 et
900 249 1110 304 traluvemam.

102 330 176 386 llecto
198 327 309 388 iterum
330 328 471 388 dividitur
494 328 525 388 in
549 325 794 401 maeadeutalem,
813 345 880 405 quae
903 330 1113 405 complectitur

19 454 20 500 t
100 421 210 492 patrem,
227 433 331 491 avum,
346 431 504 494 proavum,
520 423 550 477 et
562 417 712 492 abavum,
723 423 754 477 et
766 417 1026 492 (testamentalem,
1044 435 1112 496 quae

19 507 20 528 ²
99 501 186 577 lilium,
210 512 367 582 nepotem,
393 510 606 582 pronepotem,
634 511 664 564 et
690 504 869 582 abnepotem
893 507 1108 583 complectione.

99 594 276 668 lmnsversa,
293 611 360 671 quae
373 594 482 654 dieitur
495 610 616 670 quoque
630 594 820 667 collateralis,
833 593 895 655 sive
908 594 1038 671 obliqua,
1055 597 1109 658 ite-

99 695 151 741 mm
168 682 371 742 subdividitur
389 682 420 741 in
440 683 594 759 equalem,
618 688 652 741 ut
665 681 743 742 linea
760 682 889 743 duorum
908 684 1043 757 fratrum,
1058 691 1110 747 aut

98 767 207 831 duorum
225 777 383 848 nepotum,
394 777 426 832 et
437 771 624 848 inequalem,
634 777 668 830 ut
680 769 758 830 lium
766 771 866 830 fratris
878 789 917 831 ex
930 787 992 832 uno
1003 772 1107 850 latere,

95 862 117 915 et
132 861 248 935 nepotis
268 877 308 919 ex
328 860 396 922 alio.
425 859 499 921 llino
520 865 612 937 patet,
631 859 662 918 in
685 860 764 920 linea
786 861 976 920 transversali
989 862 1106 938 aequali,

92 943 155 1021 illos,
169 949 208 1008 de
225 966 356 1026 quorum
387 949 566 1024 cognatione
586 948 739 1026 quaeritur,
757 948 922 1024 aequalibus
934 949 1107 1025 gradibusa

90 1038 231 1097 communi
257 1037 357 1114 stipite
385 1037 524 1110 distare,
551 1043 581 1097 et
607 1037 638 1096 in
664 1036 743 1100 linea
770 1042 942 1098 mansuetae
967 1036 1105 1114 inaequali

89 1136 170 1184 unum
182 1125 291 1202 magis,
307 1133 338 1186 et
350 1127 441 1186 abum
453 1126 562 1185 minus.

117 1215 173 1272 377.
195 1214 312 1274 Gradus
334 1213 463 1290 denique
484 1221 531 1274 est
549 1213 687 1275 distamia
699 1215 788 1276 unius
803 1230 941 1290 personae
954 1213 993 1272 ab
1011 1213 1104 1276 altera

87 1299 112 1357 in
125 1301 228 1361 eadem
240 1303 330 1376 linea,
346 1302 409 1362 sive
419 1304 501 1363 scala
515 1301 789 1379 consanguinitatis,
800 1319 866 1378 quae
881 1301 1104 1376 generationem

86 1387 165 1450 babet
182 1396 335 1466 tamquam
358 1401 507 1452 mensurae
530 1391 684 1452 unitatem.
704 1396 756 1452 tus
775 1390 954 1451 canonicum
967 1396 997 1451 et
1016 1389 1102 1454 civile

85 1475 201 1539 inidem
223 1480 348 1541 omnino
363 1480 524 1540 collineant
537 1480 567 1540 in
588 1480 815 1540 determinando
838 1479 1102 1556 consanguinitatis

85 1566 183 1642 stipite,
201 1568 231 1627 in
247 1569 434 1645 assignandis
448 1569 546 1643 lineis,
558 1575 588 1628 et
601 1569 632 1628 in
641 1568 850 1646 computandis
861 1568 1002 1644 gradibus
1015 1569 1101 1630 tinae

83 1663 165 1717 rectae
178 1659 412 1732 aseendentalis,
436 1670 467 1719 et
492 1657 739 1718 descendentalis.
754 1662 828 1718 Nam
841 1663 892 1717 tus
909 1656 996 1718 civile
1009 1675 1100 1734 regu·

82 1743 134 1805 lam
156 1747 389 1824 eomputationis
409 1746 450 1806 ila
475 1745 597 1807 exhibet
617 1765 624 1805 :
646 1746 721 1816 Quot
744 1752 816 1806 suat
843 1746 1100 1822 generalissimis

83 1831 152 1894 liaeo
176 1844 266 1910 reeta,
300 1845 341 1896 tot
358 1843 429 1896 suot
452 1837 580 1911 prodam·
600 1836 650 1912 jus
673 1851 746 1894 vero
767 1834 946 1894 canonicum
964 1837 1100 1911 regulam

82 1937 144 1983 eum
161 1925 266 1985 eadem
284 1925 466 1985 incidentem
480 1924 522 1985 ita
541 1924 653 1985 tradit:
674 1924 713 1984 lo
734 1923 813 1983 lilaea
831 1931 920 1992 reato,
936 1930 1006 1999 preat
1023 1934 1096 1985 suat

79 2027 210 2084 persona,
224 2015 337 2090 dempto
351 2015 457 2091 stipite,
474 2021 514 2073 tot
527 2020 598 2073 aaut
620 2013 741 2089 modas.
768 2016 954 2088 Quapropter
968 2018 1098 2088 utroque

78 2098 140 2173 jure
158 2103 235 2163 inter
253 2120 353 2176 avum,
379 2111 408 2164 et
429 2109 571 2179 nepotem
588 2107 649 2162 tres
664 2108 733 2161 sunt
750 2101 1014 2176 consanguinitatis
1027 2118 1096 2177 gra·

80 2187 140 2263 dus,
156 2192 225 2267 qiua
242 2199 372 2269 quatuor
386 2199 455 2250 sunt
468 2205 616 2267 personae,
632 2189 661 2248 id
676 2195 721 2250 est
734 2205 840 2264 nepos,
854 2188 943 2261 tibus,
955 2195 1051 2264 pater,
1066 2196 1096 2248 et

80 2292 159 2351 avm;
175 2287 214 2353 et,
231 2280 354 2356 dempto
366 2278 474 2355 stipite,
492 2284 552 2338 tres
566 2284 724 2338 remanent
739 2293 886 2354 personae,
905 2282 938 2336 ut
953 2285 1013 2336 tres
1025 2282 1096 2338 sunt

80 2368 286 2437 generationes

94 2455 162 2524 ,Sed
173 2454 203 2514 in
213 2454 437 2532 compotatione
450 2455 536 2515 lineae
552 2451 769 2525 transversalis,
781 2457 832 2512 tus
846 2449 960 2510 civile'a
966 2451 1034 2527 jure
1043 2469 1092 2512 oa-

79 2542 179 2604 nonieo
192 2545 320 2604 multum
340 2541 438 2602 differt
452 2562 458 2602 :
479 2559 549 2602 nam
568 2547 621 2601 tus
635 2539 720 2600 civile
733 2539 842 2601 iterum
855 2539 991 2614 regulam
1007 2556 1093 2602 suam

1 2685 3 2697 ,
80 2627 174 2705 firmat,
195 2639 270 2708 quot
293 2639 363 2691 sunt
385 2631 592 2707 generationes
608 2630 639 2689 in
657 2629 737 2689 linea
750 2628 952 2700 transversali,
965 2632 1010 2687 tot
1023 2635 1093 2690 sunt

81 2719 193 2793 gmdus3
212 2726 264 2780 tus
285 2737 357 2780 raro
376 2720 552 2780 canonicum
572 2718 613 2779 ita
628 2734 713 2778 suam
725 2717 833 2777 itemm
844 2717 979 2792 regulam
997 2717 1092 2794 expli-

81 2813 129 2879 cat,
143 2815 215 2884 quot
238 2815 309 2868 sunt
329 2825 466 2884 personae
484 2809 514 2867 in
533 2825 594 2867 uno
613 2809 741 2867 lateres
764 2805 863 2881 stipite
881 2806 1090 2882 adaequalem,

79 2895 118 2953 vel
130 2898 329 2968 remotiorem,
342 2897 464 2973 dempto
479 2897 589 2973 stipite,
605 2902 649 2955 tot
669 2901 738 2954 sunt
758 2894 879 2970 gradus.
902 2895 976 2956 llino
988 2900 1040 2956 tus
1054 2895 1092 2955 oi·

78 2980 127 3042 vile
140 2994 278 3046 numerat
291 2985 501 3061 generationes
514 2985 552 3044 ab
563 2991 691 3059 utroque
706 2983 799 3042 latere
814 2982 1059 3044 descendentium
1073 3000 1092 3042 a
1202 3033 1203 3039 ,

79 3069 184 3146 stipite,
212 3081 242 3134 et
260 3079 312 3134 tus
335 3075 514 3133 canonicum
531 3079 668 3132 numerat
681 3078 797 3131 tantum
809 3089 963 3148 personas,
982 3069 1089 3146 quaein

79 3175 131 3218 uno
143 3163 237 3222 latere
251 3160 451 3246 reperiuntur,
467 3167 498 3221 et
515 3160 541 3220 si
555 3160 634 3220 linea
647 3160 685 3220 sit
698 3158 849 3238 inaequalis
867 3177 1012 3236 personas
1032 3175 1090 3218 nu·

78 3257 161 3310 meret
186 3269 205 3320 a
223 3253 318 3312 latere
337 3250 515 3310 remotioris
541 3255 637 3321 Quare
662 3266 701 3310 ex
716 3250 783 3324 jure
805 3248 884 3309 civili
903 3248 963 3308 duo
983 3248 1090 3306 fratres

78 3345 136 3396 sont
147 3340 179 3398 in
191 3340 337 3412 secundo,
352 3341 413 3400 duo
430 3347 554 3415 nepotes
570 3338 600 3398 in
616 3345 732 3414 quarto,
748 3343 778 3398 et
792 3337 852 3396 duo
866 3340 1047 3412 pronepotes
1059 3331 1089 3388 in

80 3433 156 3490 sexto
175 3427 441 3510 consanguinitatis
454 3428 567 3505 gradu;
582 3428 655 3490 dum
672 3444 710 3490 ex
729 3429 798 3488 ture
817 3423 961 3484 oenomao
975 3425 1045 3480 sunt
1057 3415 1087 3476 in
