2432 4078
178 353 233 414 toa
245 353 297 421 (0).
320 354 363 412 lta
381 351 597 427 depictiones
611 349 746 427 procedit
765 349 798 408 in
816 349 881 410 loro
896 352 1021 411 ermino
1042 357 1126 407 :nam
1141 341 1168 401 in

176 441 243 500 toro
255 439 444 500 meschone
456 440 543 502 ahter
555 457 588 502 se
601 440 692 502 habat
712 458 719 499 :
737 437 886 514 siquidem
898 436 980 497 lesio
996 430 1167 498 nianoubi·

178 529 225 602 lis,
241 534 272 590 et
285 545 345 589 non
361 529 488 603 modica,
510 530 580 592 licet
593 546 654 590 non
667 529 797 590 situlus
809 527 972 600 dimidium,
994 541 1065 586 onus
1071 523 1169 598 impor-

178 622 221 678 tat
233 617 438 692 restitutionis,
456 623 487 678 et
505 617 683 694 evangelice
696 616 914 679 denunciationi
932 631 1050 677 musam
1067 612 1168 689 prebet,
1202 687 1203 690 Ἴ

176 710 211 766 nt
230 705 343 766 Meus
356 723 418 768 suaa
436 706 597 768 satisfaciat
615 705 796 779 obligationi.
821 705 902 766 ilatio
917 711 972 777 est,
995 702 1061 779 qun
1075 701 1168 762 incon

177 793 322 854 tracdbus
346 796 493 856 servanda
512 801 559 856 est
580 794 733 871 equablas
754 794 832 854 inter
853 795 955 854 datum
977 800 1007 852 ct
1029 796 1168 864 acceptum,

176 893 247 944 oum
260 883 403 960 injustum
412 884 461 958 ait,
470 883 639 962 quempiam
648 883 900 960 locupletaricum
914 881 1137 957 alienejaotural
1152 882 1169 950 ).
1202 921 1203 924 ,

208 1034 244 1102 (l)
256 1035 322 1104 Arg.
339 1035 404 1088 Gan.
418 1038 443 1096 9,
457 1050 480 1088 c.
498 1036 536 1096 lt,
549 1051 575 1102 q.
597 1036 621 1090 l.
635 1063 666 1077 —
677 1036 713 1102 (t)
726 1035 793 1103 (lap.
809 1036 823 1088 3
841 1038 868 1088 et
880 1036 895 1086 6
911 1035 945 1087 de
957 1037 1040 1099 empt.
1052 1061 1081 1071 -
1092 1031 1121 1096 (3)
1133 1029 1171 1082 He
1202 1043 1203 1070 ÷

178 1103 239 1158 duae
249 1105 364 1159 diversae
374 1108 402 1158 in
412 1112 533 1174 emptore
546 1107 756 1174 computationes
768 1121 801 1158 ex
815 1106 919 1158 diverso
932 1105 1079 1172 procedunt
1088 1103 1172 1168 objecto

177 1189 258 1244 aquo
272 1179 464 1242 desumuntur;
479 1181 502 1232 si
512 1181 584 1232 enim
593 1181 756 1246 computatio
769 1179 925 1230 desumitur
938 1192 972 1229 ex
985 1191 1014 1230 re
1024 1179 1115 1241 empta,
1124 1180 1173 1224 tone
1202 1197 1203 1234 ,

178 1247 266 1302 salum
285 1255 390 1316 emptor
402 1251 454 1302 erit
468 1249 550 1303 laesns
568 1252 642 1303 ultra
660 1251 810 1311 dimidium,
825 1264 886 1302 cum
907 1263 957 1316 pro
980 1263 1010 1302 re
1024 1248 1116 1301 valoris
1132 1243 1173 1306 till,
1202 1237 1203 1262 ¹

178 1319 282 1374 dederit
290 1323 433 1389 plusquam
444 1323 490 1374 200
500 1343 507 1384 ς
519 1323 566 1374 sed
581 1323 605 1374 si
623 1323 785 1388 computatio
798 1322 956 1374 desumatur
975 1335 1009 1372 ex
1024 1319 1174 1387 preliatum

179 1396 281 1459 emptor
301 1393 352 1445 erit
372 1393 454 1446 laesus
475 1395 545 1444 ultra
559 1393 711 1456 dimidium,
724 1407 786 1444 cum
802 1407 851 1457 pro
870 1407 899 1444 re
917 1393 1018 1444 valoris
1038 1391 1078 1442 100
1090 1387 1174 1440 dederit

178 1463 323 1530 plusquam
339 1464 391 1516 150.
412 1465 475 1516 Haec
494 1465 613 1516 secundo
633 1465 841 1529 computationis
859 1464 926 1516 ratio
940 1465 1049 1515 videtur
1060 1459 1174 1517 venenet

177 1535 289 1599 munior,
302 1536 453 1600 acprolnda
468 1535 594 1597 tenenda,
605 1542 662 1587 tum
672 1537 735 1601 quia
749 1535 808 1588 baeo
818 1535 916 1586 dieitur
927 1535 1004 1587 laeslo
1018 1536 1046 1586 in
1052 1536 1119 1600 justo
1128 1541 1175 1594 prs·

177 1607 224 1665 tio,
239 1607 295 1656 tum
315 1607 380 1671 qula
398 1612 488 1658 servat
506 1607 687 1672 equalitatem
708 1605 779 1656 inter
798 1607 975 1664 venditorem,
992 1611 1020 1658 et
1040 1608 1173 1668 emptorem,

177 1689 258 1743 quam
269 1677 298 1727 in
311 1682 448 1730 contractu
461 1678 598 1743 reciproco
616 1677 722 1742 justitia
734 1677 924 1728 commutativa
939 1678 1061 1744 requirit.
1081 1670 1173 1726 Reiien·

178 1747 248 1800 stusl
262 1747 296 1801 de
308 1753 391 1813 ampl.
409 1763 426 1800 a
438 1763 466 1800 n.
480 1751 534 1801 305.
549 1749 683 1801 Caeterum
697 1748 772 1799 laesio
785 1762 838 1799 non
852 1753 895 1800 est
907 1749 981 1801 intra
994 1749 1116 1799 terminos
1123 1739 1175 1806 justi

178 1819 305 1886 pretii,.ln
317 1833 370 1884 quo
385 1820 573 1872 contrahentes
587 1823 698 1884 possunt
710 1833 739 1870 se
753 1819 961 1880 circumvenire;
976 1825 1003 1872 et
1016 1819 1073 1870 ideo
1091 1817 1115 1867 ln
1126 1825 1175 1864 ven·

178 1889 265 1942 ditare
279 1890 354 1943 laesic
375 1891 469 1956 incipit
485 1892 600 1956 spretio
621 1890 723 1952 intimo,
744 1891 773 1940 in
789 1895 910 1956 emptore
924 1904 989 1942 vero
1004 1905 1022 1942 a
1041 1899 1143 1940 summo.
1153 1909 1177 1920 -

177 1961 397 2026 (l)ilalffenstuel
410 1963 504 2014 ibide
518 1975 544 2012 n.
562 1961 615 2012 iao.
626 1962 685 2012 Hoc
698 1961 807 2026 probari
822 1960 928 2013 videtur
942 1975 959 2012 a
975 1973 1101 2026 responso
1115 1955 1176 2007 Alex·

176 2033 254 2084 andri
264 2033 305 2082 111
314 2033 375 2086 dato
389 2034 591 2099 archiepiscopo
606 2031 751 2092 Genuensi,
770 2033 841 2096 quod
856 2032 1038 2099 explicatura
1058 2027 1174 2102 Gamales.

180 2103 226 2168 qni
236 2102 357 2157 Genuam
371 2101 486 2156 Matrem
500 2103 680 2156 Mercatorum
694 2102 821 2168 appellat.
836 2107 864 2154 et
878 2105 916 2154 ita
929 2103 1081 2168 concipitur
1095 2097 1140 2150 :ln
1149 2108 1176 2146 u·

178 2173 264 2228 vitata
280 2177 337 2236 tuo,
352 2173 428 2239 dicia,
441 2189 507 2242 rapa
518 2174 677 2239 conltnpere,
694 2174 764 2238 quod
779 2173 891 2238 palmam
903 2173 990 2240 piper,
1006 2188 1052 2226 sau
1063 2170 1177 2224 monume-

177 2257 261 2310 ntum,
273 2249 325 2298 cut
336 2244 404 2296 clius
421 2259 520 2297 mercar
538 2247 709 2311 comparant,
732 2257 788 2309 qum
807 2247 871 2296 lunc
893 2244 969 2297 ultra
988 2245 1103 2310 quinqua
1114 2237 1177 2290 librat

178 2327 234 2368 aton
244 2315 377 2379 edebant,
393 2319 418 2369 ct
434 2314 597 2380 promittuut
617 2327 667 2380 per
680 2313 815 2378 publicum
840 2310 1150 2379 intromissionem,
1166 2317 1178 2354 tl

178 2386 273 2453 paribus
285 2386 347 2440 illua
362 2400 460 2440 marem
474 2387 622 2451 accipiant,
639 2399 684 2438 rac
704 2385 787 2438 libros
806 2389 907 2439 statuto
926 2392 1046 2450 tempore
1061 2384 1178 2436 soluturos.

179 2455 248 2511 Licet
262 2463 354 2512 catam
374 2460 527 2512 contractus
540 2456 696 2523 hujusmodi
711 2470 743 2508 cc
763 2455 854 2520 forma
869 2471 924 2510 non
941 2457 1024 2522 posse
1039 2451 1131 2510 moseri
1142 2461 1179 2501 aa·

180 2528 253 2581 mine
269 2543 416 2582 usurarum
429 2549 436 2590 ·‚
449 2529 626 2582 nibilominus
639 2533 731 2582 tanen
748 2534 885 2594 paccatum
902 2529 1058 2596 incurrunt.
1078 2524 1127 2580 nisi
1142 2521 1179 2571 dll-

182 2600 256 2653 Mam
267 2601 311 2660 sit,
324 2613 422 2653 macca
435 2600 497 2652 illos
507 2601 568 2668 ptus
581 2599 701 2652 minusca
713 2604 838 2664 tempora,
852 2615 903 2667 quc
920 2601 1040 2666 pretium
1053 2596 1135 2650 dabant
1146 2603 1179 2672 rt·

182 2671 278 2735 cipere,
292 2673 444 2732 collinum
460 2674 485 2724 at
499 2672 557 2724 idco
571 2671 639 2724 cioca
652 2671 695 2724 tui
709 2673 791 2724 saluti
810 2686 863 2724 rus
883 2671 945 2723 bana
961 2670 1129 2724 consulerent,
1141 2671 1181 2714 stt

183 2741 234 2795 lali
246 2744 386 2796 marceto
398 2747 539 2803 cancrent,
552 2756 614 2796 oum
626 2742 797 2807 capitationis
807 2742 949 2796 bominum
962 2737 1135 2808 omnipotenti
1141 2732 1181 2785 100

185 2817 319 2878 nequeant
331 2813 470 2866 occultari.
482 2815 546 2880 Cap.
561 2813 585 2874 6,
600 2813 633 2866 de
650 2827 726 2869 usur·

217 2975 279 3034 ott.
295 2976 340 3033 En
353 2978 509 3034 contractu
523 2973 680 3049 emptionis
691 2979 721 3034 ct
734 2973 913 3036 venditionis
923 2979 1006 3036 recte
1021 2972 1092 3035 inito
1107 2967 1182 3030 oritur

179 3059 320 3136 utrinque
335 3060 485 3137 obligatio,
502 3063 660 3126 nimirum:
675 3069 792 3140 emptor
803 3070 922 3126 tenetur
933 3062 1063 3140 pretinm
1077 3059 1182 3121 soluere,

185 3157 215 3214 et
234 3149 371 3212 venditor
395 3166 460 3211 rem
486 3152 614 3212 tradere.
639 3157 700 3212 Neo
724 3153 881 3230 quisquam
904 3170 940 3214 ex
963 3144 1183 3214 contrahentibus

182 3244 282 3318 potest
313 3239 351 3301 ed
377 3246 547 3302 contractus
572 3241 779 3322 executionem
806 3259 919 3318 agere,
947 3241 1004 3302 nisi
1032 3239 1112 3318 prius
1135 3234 1184 3309 ipse

186 3345 248 3390 suae
272 3327 444 3404 obligationi
465 3328 648 3402 satisfecerit,
672 3333 742 3406 quia
758 3332 815 3392 etsi
831 3339 1001 3392 contractus
1015 3351 1070 3410 per
1083 3342 1185 3392 correan-

186 3435 254 3482 sum
268 3417 305 3478 sit
318 3418 478 3495 perfectus,
495 3431 525 3479 et
539 3420 747 3496 obligationem
767 3421 872 3498 pariat,
886 3423 1092 3486 adhuetsmen
1105 3410 1185 3480 adsui

185 3507 390 3574 executionem
406 3516 436 3569 et
449 3510 701 3586 complementum
720 3510 807 3587 pretii
825 3512 1013 3586 solutionem,
1030 3520 1061 3572 et
1080 3510 1121 3572 rei
1140 3513 1185 3568 te·

184 3594 326 3672 dienen
339 3597 497 3670 isidero.
516 3603 718 3692 Fortassean
729 3599 817 3676 aretii
836 3601 994 3692 aoluuone,
1006 3608 1040 3665 et
1056 3598 1098 3672 rel
1111 3592 1186 3662 tnd-
