2432 4078
599 124 761 180 ..ἐξῃ-

160 243 355 319 commuuire,
366 251 400 304 ut
414 245 452 304 ad
466 243 618 304 homiuem
639 243 827 305 efficiendum
840 242 973 304 animam
991 241 1170 302 communivit

161 350 299 409 corpore.
315 339 375 392 Nec
385 333 476 392 deluit
489 333 642 407 Dominus,
653 339 805 394 namteste
812 338 918 391 sancto
928 331 1027 406 Paulo,
1039 330 1173 390 ordinarit

159 423 217 494 his,
233 421 283 497 qui
295 421 682 498 Evangeliumanuuutiant,
693 421 730 481 de
744 421 902 496 Evangelio
912 419 1026 493 vivere,
1041 420 1172 480 seminare

159 509 332 586 spiritualia,
342 516 373 570 et
386 511 517 570 carnalia
529 517 642 570 metere
659 515 706 579 (lt.
732 509 822 569 civile
837 526 910 568 sane
924 508 1082 584 imperium
1093 509 1173 584 pluri·

159 599 216 658 bus
223 599 539 674 temporalibusbouis‚
548 598 577 659 id
587 606 634 659 est
640 598 881 674 possessionibus
888 597 1104 671 communibus,
1114 614 1172 656 sera·

159 685 207 747 rio
216 687 348 762 publico,
359 694 389 747 et
403 685 529 760 tributis,
551 687 600 748 vel
615 687 693 748 taxis
705 685 852 762 impositis
866 686 1010 758 abundat,
1025 693 1058 745 ut
1080 685 1173 762 Reipu-

161 772 246 834 blicae
264 775 490 836 moessiadhus
510 778 784 852 queatconsulcre3
797 775 841 835 sic
859 775 992 836 Ecclesia
1005 775 1171 836 addiviuum

161 864 274 935 cultum
290 866 539 940 promovendum,
556 867 594 924 ad
607 881 708 926 mores
722 865 904 942 dirigendos,
915 865 991 926 etad
1005 864 1171 941 pauperibus

161 952 376 1029 opitulandum,
397 961 507 1031 praeter
528 955 682 1014 manuales
699 953 835 1014 fidelium
852 950 1024 1014 oblatibnes
1040 951 1117 1014 bona
1128 955 1173 1015 im·

160 1042 291 1116 mobilia,
306 1049 337 1104 et
356 1043 495 1104 aerarium
514 1059 633 1104 sacrum
647 1041 771 1118 requirit
784 1061 792 1116 ς
809 1049 892 1103 tanto
905 1049 1005 1104 autem
1025 1043 1173 1104 rationabi-

161 1129 219 1189 lius
232 1131 297 1191 baec
308 1131 389 1192 bona
402 1131 537 1208 requini,
557 1137 671 1208 quanto
690 1131 765 1208 ipsa,
790 1131 897 1208 suique
910 1131 1045 1195 rmaistri
1061 1133 1174 1208 negotiis

161 1219 353 1280 sacularibus
372 1219 520 1298 implicari
542 1237 602 1281 nou
620 1225 761 1296 possunt,
774 1235 845 1284 cum
859 1225 919 1280 lico
933 1227 1050 1282 mutum
1062 1221 1173 1280 militare

80 1355 85 1364 .
160 1305 288 1370 debeant
302 1313 353 1382 (2).
380 1310 463 1370 Unde
476 1309 506 1370 si
515 1323 634 1370 sacrum
652 1315 682 1369 ct
701 1307 870 1368 inviolabile
884 1315 929 1370 est
941 1309 1118 1386 Reipublicae
1128 1325 1173 1384 pa·

162 1394 343 1473 trimonium,
357 1405 469 1473 quanto
482 1395 637 1472 sacratius,
651 1404 681 1458 et
693 1391 891 1459 iuviolabilius
904 1393 960 1458 erit
976 1396 1172 1474 patrimonium

160 1485 309 1568 boulena
325 1503 395 1546 cum
408 1487 480 1546 illud
492 1487 533 1548 ad
546 1487 742 1562 temporalem
755 1486 925 1548 felicitatem
945 1485 976 1546 in
988 1485 1115 1562 quodam
1127 1485 1170 1545 de

159 1573 318 1633 terminato
333 1581 479 1636 terrarum
492 1575 619 1636 circuitu
634 1593 643 1648 3
658 1576 718 1636 hoc
730 1591 803 1635 vero
818 1575 910 1635 etiarn
930 1575 968 1636 ad
985 1582 1122 1636 aeternam
1135 1575 1171 1634 lc-

162 1659 303 1724 licitatem
316 1663 347 1722 iu
362 1667 425 1724 toto
440 1663 513 1724 orbe
528 1671 676 1724 terrarum
698 1665 931 1740 comparandam
945 1663 982 1723 sit
995 1663 1170 1724 irratitutumt

195 1753 267 1812 Cum
279 1751 411 1814 Christus
424 1753 567 1814 Dominus
580 1753 709 1814 divinam
722 1769 808 1814 suam
820 1752 1064 1832 pradicationem
1078 1753 1167 1812 iuclro

158 1837 228 1911 avit,
245 1845 275 1899 st
285 1842 453 1916 Apostolos,
468 1859 504 1901 ac
518 1841 684 1918 discipulos
699 1848 792 1902 testes
806 1848 837 1902 et
858 1841 987 1908 comites
1001 1859 1064 1905 suae
1077 1839 1170 1919 madi·

160 1921 284 1988 catiouis
304 1944 408 1990 secum
431 1930 602 2006 assumpsit,
620 1931 761 1990 alimenta
775 1929 869 1990 uoluit
881 1947 938 2006 pro
952 1947 995 2004 ss,
1011 1931 1128 2006 suisque
1139 1927 1170 1986 ab

159 2021 293 2092 argento,
309 2018 391 2092 quod
408 2019 564 2095 proprium
578 2017 728 2080 deferrent
741 2019 772 2079 iu
786 2019 868 2079 zonis
882 2021 953 2092 suis,
970 2020 1112 2096 accipere,
1124 2015 1169 2076 sed

159 2107 454 2168 amassacommuni
469 2108 652 2168 oblationum
666 2108 798 2168 fidelium
810 2127 827 2186 y:
852 2124 921 2168 narn
943 2107 1000 2168 illis
1022 2105 1171 2176 interdixit,

159 2209 197 2252 ue
212 2193 283 2270 quid
297 2193 328 2254 in
343 2196 513 2271 particulari
533 2197 734 2274 possiderent,
756 2212 818 2256 nou
841 2200 1008 2272 argentim,
1032 2213 1091 2256 nou
1107 2195 1168 2255 duas

158 2280 275 2342 tunicas
290 2288 341 2358 (3),
356 2301 394 2344 no
408 2285 524 2344 solliciti
543 2293 642 2346 essent
656 2283 693 2345 de
707 2284 838 2346 crastino
853 2288 910 2357 (t);
931 2285 1023 2344 immo
1043 2284 1129 2344 suasit
1141 2293 1167 2340 ut

158 2373 323 2433 venderent
342 2373 450 2448 omnia,
467 2390 534 2450 quae
546 2373 745 2450 possiderent,
761 2379 791 2433 et
807 2373 914 2433 darent
936 2374 1113 2450 pauperibus
1125 2375 1167 2444 (t).

159 2463 303 2522 collectas
317 2463 416 2540 itaque
430 2463 559 2539 primum
570 2463 647 2522 iuter
660 2461 764 2522 fideles
777 2462 842 2537 ipse
855 2461 991 2536 instituit,
1003 2462 1115 2522 loculos
1124 2459 1167 2518 ha·

156 2550 230 2626 buit,
247 2547 298 2628 qui
311 2551 469 2630 pecuniam
480 2553 638 2612 collectam
652 2556 823 2613 servareutr
839 2550 967 2610 Habbat
980 2549 1121 2610 Dominus
1134 2547 1168 2606 to

158 2639 248 2713 calor,
273 2639 314 2700 ait
334 2647 362 2700 S.
384 2639 572 2718 Augustinus,
595 2648 622 2700 ct
640 2657 660 2699 a
679 2639 813 2714 fidelibus
827 2639 926 2700 obtata
948 2655 1126 2708 emanans,
1145 2641 1167 2694 et

156 2743 282 2787 cccrum
295 2729 524 2804 catarractas,
538 2737 564 2788 ct
585 2727 653 2788 aliis
673 2727 869 2802 insipentiam
897 2727 1042 2788 tribuebat
1060 2731 1111 2800 (6).
1130 2721 1167 2783 ii-

157 2831 227 2888 scus
246 2817 335 2892 plane
359 2817 538 2892 Reipublicae
552 2815 702 2877 saecularis
715 2813 792 2875 solet
805 2833 823 2874 a
836 2815 955 2876 tributis
967 2816 1095 2876 subditis
1105 2809 1167 2875 iuri·

158 2901 195 2962 tis
208 2901 352 2979 impositis
370 2902 509 2980 'conflari3
526 2907 579 2966 sed
598 2907 690 2965 fiscus
710 2904 890 2980 Reipublicae
915 2905 1032 2966 bomini
1046 2905 1083 2964 ab
1096 2901 1167 2964 obla·

161 2991 289 3052 tionibus
303 3011 321 3052 a
333 2993 470 3054 fidelibus
483 3001 590 3070 sponte
603 2993 688 3055 lactis
700 2993 821 3070 incepit.
836 2995 920 3054 Unde
935 2993 1015 3056 idem
1033 2999 1062 3056 S.
1072 2997 1171 3053 ,nostor

162 3079 271 3154 subdit,
294 3089 364 3142 tuac
383 3083 518 3161 primam
538 3083 734 3143 crrlcnurtica
751 3083 881 3160 pecunia
903 3085 1004 3158 scruta
1029 3091 1070 3144 cst
1095 3078 1169 3141 insti·

160 3175 225 3229 tcta
246 3169 353 3242 (lt'b't
376 3171 495 3248 quidem
510 3169 642 3232 Christus
656 3169 795 3232 Ecclesiae
818 3183 939 3248 sponsa
953 3189 1016 3234 suae
1030 3173 1105 3232 hauc
1116 3165 1169 3245 pu'·
1203 3203 1204 3284 1

158 3274 242 3319 mum
255 3259 357 3320 dotem
369 3261 538 3338 assignavit,
561 3267 590 3332 et
612 3261 672 3320 hoc
689 3261 828 3336 exemplo
849 3261 961 3335 docuit,
976 3261 1073 3337 ipsam
1081 3253 1168 3334 jussi
1203 3285 1204 3326 t

159 3347 239 3407 bona
261 3349 437 3424 temporalia
459 3348 590 3423 mobilia,
615 3355 645 3410 ct
665 3347 828 3408 immobilia
842 3349 969 3423 habam,
999 3356 1030 3410 at
1054 3349 1082 3408 iu
1107 3359 1167 3422 per·
1203 3347 1204 3406 l

158 3443 282 3512 petuum
295 3437 435 3516 retinere,
457 3445 490 3498 ut
509 3439 599 3500 tradit
620 3439 722 3499 Glossa
735 3437 773 3498 ad
790 3437 905 3500 diotarm
920 3437 1017 3501 sancti
1030 3428 1166 3514 Augustini

159 3523 259 3586 locum
280 3531 332 3601 (8).
1001 3549 1006 3556 ·
1085 3531 1090 3538 ·
1203 3517 1204 3580 3
