2432 4078
582 166 741 224 „256-

139 283 199 345 hoc
219 286 319 346 medio
340 285 406 359 albi,
434 284 574 346 Ecclesiae
598 301 670 360 sura,
692 284 817 359 clericis,
842 291 872 346 ct
896 283 1078 361 pauperibus
1099 283 1152 342 suis

140 379 230 450 queat
241 383 409 450 opportune
422 376 591 448 consulere,
608 375 658 434 alii
679 375 781 436 clerici
795 375 963 449 seculares,
987 389 1022 434 ac
1044 373 1152 448 regula·

139 477 189 522 rea
201 462 336 522 obfinem
347 469 473 546 possunt
486 466 536 540 jus
549 463 727 524 dammandi.
745 469 809 524 lloo
832 463 950 540 quidem
969 463 1021 538 J'us
1039 466 1153 538 possunt

139 551 274 611 obtinere
287 567 342 627 per
354 551 541 628 privilegium
553 553 764 628 apostolicum,
778 569 835 630 per
852 551 1098 632 prescriptionem
1119 566 1151 609 xi

139 653 287 700 annonam
309 656 379 700 cum
399 639 496 714 titulo,
519 648 549 701 et
569 642 648 701 bona
667 643 737 715 lide,
757 657 818 718 par
828 639 1074 717 permutationem
1091 653 1150 698 cum

141 727 206 788 aliis
218 728 352 803 decimis,
366 730 416 788 rel
429 729 488 789 ulio
503 730 568 806 juro
580 729 735 806 spirituali,
751 737 782 792 et
804 747 857 806 per
871 728 1099 791 transactionem
1114 728 1150 786 le·

138 815 240 892 gitium
250 817 370 889 lactem,
387 833 454 892 quae
476 818 587 894 obligat
607 824 730 880 tantum
741 825 851 894 partes,
866 817 892 878 si
907 815 985 876 laeta
999 816 1038 876 sit
1050 816 1150 890 absque

138 904 301 980 superioris
315 905 574 982 auctoritateque
588 923 658 967 cum
672 907 848 966 aucmntete
860 905 949 965 etiam
972 919 1149 964 successoren

138 993 268 1054 devincit
282 997 333 1067 (l).
349 992 501 1056 Transitus
514 995 697 1056 deeimarum
708 1013 726 1055 a
738 995 871 1071 parocho
885 993 924 1054 ad
936 993 1011 1054 alios
1023 993 1148 1063 clericos,

137 1099 198 1160 quo
212 1081 325 1148 felicior
338 1083 370 1144 in
392 1083 517 1145 exordio
531 1084 586 1144 luit
604 1085 644 1144 ad
660 1099 827 1162 pauperum
841 1081 1016 1142 elericorum
1031 1080 1149 1158 inopiam
1204 1133 1205 1138 ,

136 1171 360 1247 sublevandam,
373 1189 410 1232 eo
424 1171 577 1234 exitiosior
589 1171 643 1232 luit
664 1170 724 1233 fine
746 1191 753 1232 :
777 1188 848 1234 nom
860 1169 982 1232 decimae
996 1177 1023 1228 ‘a
1046 1167 1150 1230 clericis
1204 1229 1205 1238 ,

137 1261 288 1320 uanehtae
297 1261 417 1320 luerunt
430 1277 551 1336 quoqne
563 1260 602 1320 ed
613 1260 716 1334 laicos,
733 1258 900 1336 mensatim
919 1257 1035 1318 nobiles
1061 1263 1149 1332 et-po·
1204 1317 1205 1322 ,

138 1352 243 1418 tentes,
259 1363 315 1426 pro
329 1347 437 1426 quibm
450 1349 715 1409 adremuneranda
728 1339 872 1408 commin
883 1347 1046 1407 Ecclesiam
1067 1351 1097 1404 et
1106 1349 1147 1402 lle·
1204 1363 1205 1366 ¹

134 1420 274 1538 ligionem
287 1437 441 1513 beneficia,
455 1437 564 1498 summi
578 1435 728 1497 Pontificio
741 1435 917 1498 auctoritate
931 1433 1023 1495 relnti
1036 1432 1146 1494 seculo
1204 1434 1205 1467 ³

135 1533 239 1586 mactae
251 1528 292 1598 (2)
303 1525 434 1600 fuerunt,
446 1533 477 1590 et
488 1523 528 1586 ita
539 1524 596 1586 illis
609 1523 754 1587 infeudari
773 1529 941 1599 coeperunt,
952 1528 989 1590 ¹ul
1009 1528 1147 1596 umquam

135 1613 215 1674 bona
228 1613 447 1688 patrimonialia
460 1619 491 1674 et
507 1614 623 1690 privata
642 1618 767 1688 possent
784 1612 825 1672 ad
839 1611 974 1673 heredes
987 1606 1144 1669 transmitti.
1204 1638 1205 1650 κ

135 1700 321 1760 Grauissimis
334 1702 543 1778 huJ'uscemodi
555 1701 641 1762 melia
663 1716 823 1760 occurrere
847 1704 1019 1775 satagerunt
1033 1695 1145 1757 concilia

135 1795 195 1848 tam
206 1788 406 1865 particularia,
421 1806 510 1866 quam
526 1789 686 1866 generalia,
701 1788 754 1848 sed
766 1788 897 1849 maxime
912 1793 1102 1847 lateranense
1114 1786 1145 1842 lll
1204 1831 1205 1850 ,

134 1877 165 1936 in
180 1894 241 1953 quo
252 1877 390 1953 ciusdem
404 1883 507 1938 Patres
521 1878 585 1937 haec
596 1877 793 1938 decreverunt
809 1894 815 1934 :
832 1875 1035 1948 resonemus,
1048 1891 1083 1934 ee
1096 1871 1144 1931 lut·
1204 1919 1205 1957 ἶ

132 1966 298 2026 edecimes
309 1982 381 2025 *nun
394 1966 571 2026 animorum
580 1982 709 2026 sucrum
721 1965 851 2041 pertento
864 1964 1023 2024 detinentes
1033 1963 1064 2022 ie
1075 1961 1142 2021 olus

135 2053 223 2136 loires
234 2055 347 2128 possiet
360 2053 459 2130 ulique
473 2054 559 2113 modo
575 2055 748 2129 transferre.
761 2053 797 2116 st
810 2053 876 2130 quis
891 2068 957 2114 nero
969 2051 1110 2127 receperit,
1120 2055 1143 2108 et
1204 2097 1205 2136 3

133 2139 265 2200 Ecclesia
282 2141 526 2216 concrediderit,
541 2141 711 2202 Christiano
724 2141 878 2218 sepultura
892 2143 1051 2217 privetur(
1069 2144 1089 2210 i.
1204 2218 1205 2221 Ἴ

163 2295 201 2361 (l)
216 2295 281 2363 Gap.
293 2297 309 2348 2
323 2300 349 2349 et
362 2299 386 2358 8,
402 2297 435 2350 de
449 2299 576 2350 transact.
591 2325 623 2336 -
636 2298 672 2363 (t)
693 2292 760 2352 Cum
775 2297 837 2348 laici
850 2296 931 2349 officii
945 2295 1091 2362 spiritualis
1104 2305 1139 2344 ce·

133 2377 215 2430 panes
227 2379 282 2418 non
294 2369 357 2432 sint,
365 2373 504 2434 nequeunt
517 2369 637 2420 decimas
646 2383 696 2434 pro
712 2369 849 2434 spirituali
859 2369 1007 2419 ministerio
1016 2366 1140 2418 obtinere.

133 2437 193 2489 ideo
206 2438 368 2504 simpliciter
381 2453 538 2493 concessum
551 2443 595 2491 ast
609 2441 649 2495 eis
658 2443 705 2504 lus
713 2440 880 2504 percipiendi
892 2439 1068 2494 emolumenta
1079 2433 1140 2488 deei-
1204 2483 1205 2488 ,

132 2520 248 2574 marum,
263 2524 324 2576 quea
338 2515 482 2578 propterea
501 2510 581 2562 diclae
594 2513 657 2562 sunt
670 2510 790 2574 laicales,
804 2511 965 2574 temporales
978 2511 1005 2559 et
1018 2505 1139 2559 seculari·

132 2583 209 2630 zutae.
226 2607 257 2618 -·
272 2582 304 2646 (3)
319 2579 385 2634 Haec
396 2584 487 2632 tamen
497 2580 643 2646 prohibitio
656 2580 695 2632 sic
706 2582 895 2632 universaliter
908 2579 959 2630 luit
968 2577 1136 2642 interpretata.

132 2653 232 2702 utnon
254 2651 349 2705 liceret
373 2651 451 2703 laicis
471 2660 555 2702 novas
571 2651 713 2716 acquirere
732 2651 860 2714 decimas,
873 2650 925 2702 sed
948 2649 1048 2700 eisdem
1061 2647 1138 2698 liceret
1204 2685 1205 2716 3

132 2722 257 2788 antiquas
272 2724 405 2782 retinere;
427 2726 455 2774 et
467 2722 538 2773 hane
557 2721 809 2786 interpretationem
821 2721 943 2774 Ecclesia
956 2719 1077 2774 tolerent
1095 2728 1137 2768 ne·

132 2793 257 2845 cessitate
273 2793 343 2844 torte
358 2793 448 2857 potius
460 2805 543 2860 quam
555 2793 700 2845 voluntate.

134 3047 139 3051 -
166 3006 229 3065 586.
244 3000 372 3062 Decimae
394 3003 602 3067 eecmsmsticaa
624 3005 756 3081 pendent
775 3004 898 3066 omnino
918 3005 959 3065 ab
977 2999 1137 3066 auctoritate
1204 3067 1205 3092 χ

130 3089 269 3152 Ecclesiae
283 3097 345 3148 tam
360 3091 391 3150 in
404 3108 509 3151 aarum
522 3093 715 3167 institutione,
730 3111 820 3171 quam
831 3093 862 3153 in
878 3094 1044 3154 cessatione
1058 3111 1064 3150 :
1079 3103 1138 3149 nem
1204 3143 1205 3174 3

130 3181 168 3241 ad
183 3177 349 3252 Ecclesiam
363 3181 491 3254 pertinet
505 3183 629 3242 definire
643 3185 773 3258 quando,
789 3183 860 3243 etin
875 3189 1019 3261 quantum
1033 3197 1083 3258 per
1094 3179 1135 3237 do
1204 3231 1205 3264 1

131 3270 226 3329 cimas
248 3265 452 3327 ruinistrorum
473 3285 595 3350 suornm
613 3271 692 3345 vitre,
715 3277 745 3332 et
762 3271 970 3330 sustentationi
984 3270 1137 3330 consrrltum
1204 3303 1205 3306 =

131 3358 172 3422 sit
185 3363 237 3432 (l).
251 3354 365 3416 idcirco
380 3359 543 3416 Potestates
557 3360 724 3440 saculares,
737 3366 769 3419 ut
784 3377 843 3418 non
858 3366 986 3434 possunt
998 3360 1136 3433 imponere

131 3445 265 3506 decimas
281 3441 507 3519 ecclesiasticas,
522 3445 565 3506 sic
577 3449 750 3509 nonunent
759 3448 798 3507 ab
811 3447 916 3508 iisdem
925 3447 1061 3520 liberare,
1071 3441 1137 3502 sicut

129 3531 320 3593 innocentius
336 3535 374 3592 lll
388 3532 535 3614 Episcopo
544 3536 721 3596 vercellensi
731 3541 835 3612 aperte
844 3535 1006 3598 declaravit
1018 3535 1135 3610 (tullum
