2426 4070
637 147 795 206 ..163-

190 267 268 328 torte
286 267 385 328 adsint
408 268 438 326 in
459 267 560 343 aliqua
581 267 713 330 Ecclesia
734 271 773 330 ab
787 270 950 331 ordinariis
970 272 1188 332 amovendoso

185 357 273 432 juxta
286 355 495 432 praescriptum
506 361 535 417 S.
549 357 621 418 Piill
636 362 688 430 (2).
704 364 768 420 iloc
786 358 907 434 quidem
919 358 1112 436 privilegium
1125 376 1188 436 sepi

190 444 234 506 cri
246 443 352 505 elevati
365 445 437 505 solis
450 446 574 506 summis
585 446 776 508 Pontificibus
791 448 933 525 competit
947 451 957 520 (
977 455 999 522 ).

221 609 256 672 (t)
270 609 374 662 beclas.
386 624 409 662 c.
430 611 467 664 tu.
484 638 513 651 -
527 611 563 676 (i)
580 611 639 663 Bul.
659 609 725 665 Cum
740 611 1005 677 permansurae
1023 614 1173 680 leguntur:
1188 643 1189 646 =

187 682 218 736 in
235 679 357 734 Ecclest'is
370 680 442 734 nihil
455 679 579 737 indecens
592 682 775 749 relinquatur,
789 684 873 736 iidem
888 682 1036 738 Ordincrii
1050 683 1189 748 provideat

186 757 217 808 et
233 764 318 820 eapse
337 765 442 812 omnes.
458 756 482 806 et
499 752 628 818 deposita.
645 767 691 806 seu
710 754 767 807 alic
783 754 946 808 cadauerum
966 753 1125 809 conditoria
1146 769 1189 820 sup

186 829 290 892 terram
306 824 451 876 existentia
472 824 583 877 omnim
604 829 794 890 amoveantur,
814 831 896 889 prout
918 827 988 879 alios
1004 831 1144 882 statutum
1158 827 1189 890 su

187 898 213 949 et
223 893 414 958 desactctentm
423 908 537 962 corpere
544 897 575 947 in
586 896 685 950 tumus
693 896 837 962 profundis
846 897 925 963 infra
935 901 1038 951 terrem
1049 899 1189 952 wuocenta

186 991 218 1008 ι-
230 965 267 1030 (3)
280 965 329 1016 Est
342 965 452 1030 insuper
465 965 625 1030 curandum,
636 981 670 1018 ne
683 968 815 1020 cadavera
831 965 998 1034 sepeliantur
1012 969 1112 1020 subter
1126 968 1189 1020 altar

186 1038 268 1088 aliter
287 1049 343 1086 non
363 1041 454 1104 posset
470 1037 499 1088 iu
515 1051 545 1090 eo
560 1051 666 1090 sacrum
680 1038 749 1099 fieri,
764 1040 817 1090 nisi
831 1038 894 1090 bine
909 1040 1005 1092 iisdem
1022 1040 1131 1092 amotis.
1148 1041 1189 1090 sn

187 1107 295 1172 Ligario
311 1107 330 1157 Ι.
345 1108 370 1170 t,
389 1121 416 1157 n.
435 1107 490 1170 369,
506 1121 540 1159 ue
560 1108 699 1174 epitaphia
720 1108 831 1160 tumulis
846 1110 1039 1169 inscribantur,
1058 1125 1151 1176 neque
1166 1109 1189 1159 ul

187 1178 375 1244 insculpantur
387 1181 435 1229 aut
455 1178 603 1243 pingantur
624 1178 795 1238 emblemata,
810 1193 872 1245 quae
891 1181 925 1231 ab
940 1181 1076 1247 Episcopo
1095 1195 1149 1232 non
1167 1180 1187 1229 si

186 1250 347 1316 approbata,
362 1254 389 1299 et
402 1263 436 1302 ne
450 1249 639 1301 defunctorum
654 1263 768 1316 corpora
782 1250 915 1318 sepulcris
931 1252 1035 1317 absque
1048 1252 1172 1318 episcopi
1187 1250 1189 1300 Ι

187 1322 275 1372 centia
285 1319 455 1384 effodiantur,
468 1326 515 1371 aut
524 1321 577 1371 alio
588 1321 795 1379 transferentur,
805 1325 853 1372 out
865 1321 1047 1374 inhumaniter
1058 1327 1189 1374 tractante

187 1391 214 1442 io
225 1405 279 1456 quo
288 1391 383 1442 ultimo
392 1403 458 1442 casu
468 1405 530 1442 reus
540 1392 667 1455 plectitur
677 1400 821 1443 reservate
832 1394 1120 1445 excommunicationis
1131 1406 1189 1458 poeu

186 1462 293 1513 liutran.
306 1460 474 1514 Detestanda
490 1462 524 1514 de
545 1462 645 1528 sepult.
667 1463 717 1512 lut.
735 1475 802 1514 com.
824 1463 852 1514 Si
872 1467 962 1515 tamen
980 1463 1063 1515 liscus
1087 1465 1189 1516 exbumt

185 1535 284 1583 tionem
302 1536 385 1598 petat,
399 1533 434 1583 ad
446 1533 692 1598 recognoscendum
708 1533 833 1597 cadaver,
849 1534 876 1583 in
895 1533 1048 1586 deficientia
1066 1533 1189 1588 ordinari

185 1603 329 1668 parochus,
347 1607 396 1653 aut
415 1603 522 1666 dignior
539 1603 592 1655 loci
615 1604 741 1655 sacerdos
765 1607 853 1668 potest
871 1604 1093 1658 exhumationem
1109 1604 1188 1671 parmi

185 1679 252 1731 tere,
267 1673 347 1726 modo
362 1677 438 1724 extra
451 1675 609 1733 Ecclesiam,
623 1673 766 1740 locumque
788 1675 934 1726 immunem
949 1677 1100 1742 recognitio
1116 1678 1189 1737 itata

183 1743 287 1810 pluries
300 1744 381 1796 suita
396 1744 422 1796 S.
441 1745 654 1810 Congregatioua
670 1744 820 1798 delinitum.
842 1744 1009 1800 Monacellus
1025 1754 1098 1814 part.
1116 1749 1137 1806 t,
1151 1750 1170 1796 t.
1186 1753 1189 1791 l

184 1815 235 1868 lor.
252 1815 276 1867 Ἰ.

219 2021 283 2078 tea.
305 2017 387 2078 Circa
406 2019 581 2092 secuudum,
606 2017 669 2078 sive
689 2019 738 2094 jus
762 2018 952 2092 humationis,
970 2021 1020 2080 vel
1042 2022 1190 2098 sepultura,

184 2106 389 2180 observamus,
402 2107 586 2183 sepulturam
597 2110 717 2168 asseris
729 2107 1050 2184 canonibusassignavi
1058 2108 1190 2186 triplicem

183 2209 310 2270 nempe:
326 2194 457 2266 electum,
469 2195 657 2271 conlibitum,
673 2202 704 2256 et
719 2196 931 2272 parochialem.
945 2199 1105 2273 Sepultura
1123 2199 1190 2258 elect

183 2283 325 2358 praevalet
338 2283 477 2344 omnibus
493 2302 501 2343 :
516 2300 587 2344 nam
600 2284 810 2358 quoadlooum
827 2285 956 2360 sepulcri
977 2287 1079 2361 potius
1097 2299 1190 2359 sempe

183 2387 252 2430 esse
277 2369 366 2432 debet
387 2369 533 2445 judicium
559 2371 723 2431 morientis.
757 2377 893 2432 tuamen
923 2374 979 2432 sub
998 2373 1190 2444 interdictis

183 2457 501 2520 excommunicationis
524 2466 684 2520 reservatae
699 2460 798 2534 poenis
817 2476 878 2520 nou
897 2461 967 2520 licet
981 2462 1144 2538 Religiosis,
1160 2473 1190 2516 au

183 2548 304 2610 Clericis
313 2564 382 2608 cum
396 2563 546 2624 quoquam
560 2547 598 2606 de
606 2547 744 2622 eligenda
758 2565 851 2624 penes
865 2565 909 2622 se,
924 2555 975 2608 aut
985 2550 1023 2614 de
1033 2552 1128 2610 electa
1140 2561 1190 2608 non

182 2637 326 2698 mutanda
349 2638 501 2712 sepultura
522 2635 653 2712 pacisci,
678 2636 760 2711 quod
780 2644 902 2711 pactum
923 2637 1013 2698 etiam
1031 2640 1190 2714 iuramento

181 2731 234 2784 aut
247 2737 318 2785 voto
332 2725 484 2784 firmatum
498 2741 616 2800 semper
630 2730 676 2784 est
690 2724 822 2796 nullum,
846 2732 876 2784 et
889 2725 914 2784 si
925 2727 988 2801 Jam
999 2727 1089 2786 tuerit
1102 2738 1190 2787 execu

182 2813 256 2872 iloni
275 2811 459 2886 mandatum,
485 2812 663 2888 sepelientes
688 2812 725 2871 ad
749 2812 916 2884 cadaveris,
937 2809 1190 2892 omniumqueiudl

181 2905 393 2974 perceptorum
407 2899 625 2960 restitutionem
640 2905 779 2962 tenentur
793 2905 845 2972 (l).
858 2901 973 2960 Habent
984 2899 1084 2962 auta'm
1094 2920 1133 2962 ea
1143 2901 1190 2975 jun

180 2984 402 3045 communisibi
415 2986 508 3048 libere
527 2987 687 3062 sepulturae
701 2987 844 3062 eligendae
855 2988 906 3063 jus
921 2971 1142 3050 omnes'fideles
1157 2989 1188 3058 (l)

178 3071 661 3150 etiamtilii·ta1uilias,etmaritee,
676 3075 890 3137 nonobstante
906 3075 960 3136 viri
974 3072 1190 3153 potestateque

179 3161 285 3222 electio
306 3162 372 3222 haec
389 3163 428 3222 ad
442 3181 512 3223 eum
531 3170 641 3223 statum
659 3163 797 3239 pertinet,
823 3162 854 3222 in
870 3180 933 3240 quo
951 3182 1030 3226 uxor
1052 3168 1190 3228 solviturt

179 3251 245 3326 lege
259 3248 324 3313 riri.
341 3249 370 3309 si
387 3267 460 3311 vero
478 3251 585 3312 merita
607 3251 663 3312 sibi
676 3254 860 3327 sepulturam
880 3270 942 3314 non
963 3255 1096 3330 elegerit,
1112 3263 1190 3314 tumu-

179 3337 268 3398 landa
278 3343 325 3398 est
338 3355 407 3398 oum
428 3357 482 3400 suo
495 3341 570 3414 viro,
593 3346 623 3400 et
637 3341 758 3416 quidem
772 3357 842 3402 cum
860 3342 976 3418 ultimo,
996 3343 1022 3404 si
1036 3345 1137 3422 plures
1153 3342 1190 3401 ha·

178 3425 276 3486 buerit
292 3430 342 3500 (3).
358 3428 553 3503 Exeipiuotur
567 3435 666 3488 tamen
682 3429 862 3506 impuberes,
884 3438 914 3491 et
927 3433 1089 3508 regulares,
1102 3431 1190 3510 quibus

178 3531 239 3580 uon
253 3521 299 3576 est
311 3533 408 3593 neque
421 3518 509 3593 velle,
524 3534 622 3592 neque
637 3517 741 3589 nolle(
761 3525 782 3594 ).
