2560 4080
519 225 550 238 -
570 195 676 252 tea-

84 317 144 372 lart,
158 319 265 368 tenetur
279 315 367 370 adhuc
382 317 516 382 apostolos
527 317 699 368 refutatorios
713 317 786 377 dare,
802 321 833 368 ut
845 317 878 370 de
890 319 965 370 -sacta
984 319 1105 386 appella·

84 389 155 439 tione
170 390 281 439 constat.
297 415 325 426 -
342 389 375 454 ti)
389 389 421 440 In
439 389 492 439 va
507 389 551 440 cit.
565 389 621 438 bul.
642 389 781 440 Benedicti
801 389 867 440 XIV
890 389 1104 458 admittentis,

82 459 230 518 citationes,
246 465 273 510 et
286 459 460 511 inhibitiones
473 459 532 512 deri
547 460 648 510 debent
661 474 722 510 oum
736 466 830 512 tenore
851 462 938 526 ipsius
951 464 1104 526 sententiae,

81 543 99 579 a
111 542 164 594 qua
178 531 340 596 appelletur.
365 559 393 568 -
412 531 447 596 (3)
468 531 582 583 Nomine
599 534 721 584 actorum
742 532 930 596 intelliguntur
953 534 1104 597 citationes,

82 600 241 665 dilationes,
264 602 450 666 exceptiones,
474 602 625 666 petitiones,
649 603 848 666 responsiones,
869 604 1103 670 interrogationes,

80 673 271 735 consessiones,
288 673 396 724 testium
410 673 600 738 depositiones,
611 675 800 733 instrumenta,
817 675 1044 736 interlocutiones,
1055 690 1104 744 ap·

79 743 249 808 pellatioues,
261 745 488 803 renunciationes,
503 745 697 804 conclusiones,
712 748 740 796 et
755 744 809 796 alia
823 745 851 798 in
866 747 955 810 prima
975 748 1105 800 instantia

78 815 215 868 ventilata.
231 815 294 881 Cap.
309 816 346 878 li,
362 816 395 868 de
410 816 514 882 probat.
530 815 582 868 Hic
591 822 681 868 autem
695 817 842 868 notandum
854 825 904 878 est,
918 817 991 884 quod
1005 833 1105 886 paupe·

78 887 166 944 ribus,
177 887 220 938 vel
234 899 327 938 eornm
338 887 484 951 advocatis,
506 890 535 940 et
551 887 774 954 procuratoribus
790 888 920 954 praedIcta
937 893 998 940 acta
1018 890 1103 954 gratis

79 957 138 1009 dari
155 957 262 1018 debent,
275 962 302 1010 et
324 957 358 1010 ed
380 957 546 1023 probandam
569 963 755 1027 paupertatem
774 962 857 1012 testes
881 961 1006 1012 similiter
1019 961 1103 1026 gratis

78 1027 250 1080 examInandi
262 1032 335 1080 sunt.
351 1029 412 1081 Bul.
432 1027 553 1082 deiceret
568 1030 654 1096 propia
669 1030 747 1080 Pauli
760 1030 785 1081 V
799 1034 825 1081 et
838 1029 882 1083 cit.
906 1030 968 1081 bul.
984 1031 1101 1082 Benedi-

76 1099 114 1150 cti
127 1099 204 1152 XIII.
221 1101 290 1152 Acta
311 1100 467 1166 hujusmodi
490 1115 540 1166 per
559 1102 642 1153 curie
655 1104 790 1162 notarium
807 1102 997 1161 conficiuntur,
1013 1106 1101 1168 etap-

75 1171 189 1234 pellanti
203 1171 346 1223 traduntur
359 1172 387 1223 in
402 1172 555 1226 authentico
578 1175 731 1238 exemplari.
747 1174 805 1226 Nec
827 1173 886 1240 dari
911 1176 1024 1238 possunt
1041 1177 1102 1226 eota
1121 1231 1122 1234 Ἴ

76 1241 230 1306 originalia,
240 1244 294 1295 nisi
308 1243 424 1308 ajudice
434 1243 622 1308 appellationis
636 1250 770 1310 petantur,
782 1259 843 1296 oum
857 1245 949 1311 aliqua
963 1243 1103 1296 suboritur

75 1313 203 1366 salsitatis
222 1315 350 1379 suspicio,
369 1329 423 1382 quo
438 1329 512 1380 casu,
531 1316 608 1367 linito
630 1330 722 1382 cause,
738 1317 827 1368 Guriae
847 1317 942 1382 prime
963 1317 1101 1370 instantia

75 1383 185 1438 omnino
201 1386 368 1438 restituenda
381 1391 453 1438 sunt.
468 1387 518 1438 Cit.
533 1387 591 1440 bul.
608 1387 748 1440 Benedicti
761 1387 837 1440 XIV.

109 1565 173 1622 88l.
189 1565 252 1622 lloc
262 1563 353 1624 modo
365 1579 456 1624 causa
471 1563 675 1640 appellationis
685 1564 839 1638 instructa,
851 1564 944 1641 judex
958 1565 996 1624 ad
1010 1579 1101 1640 quem

73 1651 247 1713 citationem
262 1652 376 1726 emittit,
392 1671 451 1729 que
465 1669 641 1729 processum
654 1654 693 1714 ad
707 1669 806 1714 causae
818 1653 1039 1730 expeditionem
1053 1651 1100 1712 in·

71 1739 169 1814 tImat,
179 1747 209 1801 et
220 1749 324 1816 postea
338 1741 410 1802 dare
421 1743 497 1803 solet
510 1741 677 1816 terminum,
687 1743 726 1802 ud
738 1759 800 1803 aaa
812 1742 908 1818 posita
919 1742 1098 1819 portandum,

71 1837 100 1890 et
112 1846 175 1890 aaa
181 1831 307 1906 probato
326 1831 512 1907 protendam
526 1837 578 1905 (l).
601 1831 673 1892 Ilino
687 1833 759 1893 illud
774 1833 918 1909 sequium,
933 1832 1014 1908 quod
1028 1846 1100 1907 pos-

71 1925 142 1978 sunt
156 1921 268 1995 opponi
282 1937 369 1980 novae
387 1921 591 1996 exceptiones,
611 1921 741 1982 maxime
760 1921 858 1982 sisini
879 1919 1099 1997 peremptoriae,

70 2007 162 2068 etiam
175 2015 243 2068 ante
258 2009 455 2086 prolationem
468 2009 537 2069 dieti
550 2008 678 2083 termini,
689 2016 718 2070 et
730 2009 855 2086 precelse
869 2007 1015 2086 adipeam
1028 2024 1099 2084 pro·

68 2097 214 2160 lationem
235 2098 455 2176 impediendam
468 2103 527 2172 (2);
553 2099 635 2175 quod
651 2104 776 2175 possunt
789 2099 916 2176 produci
932 2105 1024 2160 testes
1038 2104 1099 2158 tam

68 2185 152 2261 novi,
170 2204 260 2264 quam
272 2193 400 2262 veterae,
416 2187 579 2250 dummodo
598 2186 805 2251 examinentur
819 2204 910 2266 super
921 2187 1008 2248 novis
1022 2186 1100 2262 capi·

69 2274 140 2334 tulis
154 2279 208 2349 (3l3
227 2282 258 2336 et
272 2277 353 2352 quod
372 2283 500 2354 possunt
523 2277 649 2352 produci
661 2293 740 2336 nova
756 2277 962 2350 instrumenta,
984 2281 1014 2336 et
1033 2273 1098 2334 aliea

67 2363 136 2424 fleri
154 2365 356 2441 probationes.
385 2371 426 2428 lle
451 2373 559 2427 caetero
586 2366 616 2425 in
645 2383 736 2426 eausa
758 2364 964 2442 appellationis
986 2363 1098 2426 eodem

66 2455 163 2514 ferma
176 2455 268 2514 modo
282 2454 463 2529 proceditur,
476 2473 512 2516 ac
524 2454 555 2514 in
568 2455 664 2532 prima
677 2454 827 2534 instantia.

97 2600 136 2667 (l)
150 2601 202 2654 Hie
211 2602 343 2654 terminus
359 2603 388 2654 in
399 2615 481 2654 cauea
497 2603 686 2668 appellationis
707 2603 797 2656 iocum
815 2605 888 2654 tanet
908 2603 1016 2655 termini
1030 2615 1095 2670 pro·

64 2673 177 2732 betorii,
191 2673 328 2739 quidatur
341 2674 470 2738 inprime
490 2674 627 2726 instantia.
644 2701 674 2714 -
690 2674 726 2740 (ii
748 2674 865 2740 Impedit
888 2675 1091 2727 concessionem

64 2745 150 2811 brrjus
162 2744 271 2796 termini
288 2747 408 2811 exceptio
418 2744 593 2798 declinatoria
616 2747 666 2798 lori
683 2752 710 2799 at
723 2746 948 2811 incompetentia,
964 2748 1086 2812 exceptio

64 2815 271 2880 legitimationis
284 2830 415 2882 personae,
434 2817 557 2882 exceptio
574 2817 663 2884 spolii,
679 2823 706 2872 et
718 2817 845 2883 exceptio.
859 2817 930 2882 qnod
945 2819 1088 2884 appellans
1170 2820 1173 2828 ’

63 2887 135 2938 nihil
150 2888 275 2953 probavit
286 2889 315 2940 in
328 2901 409 2948 causa
423 2888 577 2954 priucipali.
593 2889 840 2954 Pellegrinuspert.
855 2891 878 2951 3,
890 2893 955 2940 sect.
975 2889 998 2941 i.
1017 2903 1045 2941 n.
1065 2890 1093 2942 i.

63 2985 97 2996 -
109 2959 148 3023 (³)
161 2958 227 3010 Haee
241 2959 368 3024 capitula,
384 2960 440 3011 sive
453 2959 561 3012 articuli
574 2959 673 3012 debent
686 2973 745 3012 esse
758 2959 859 3012 diversi
881 2973 990 3012 omnmo
1006 2973 1023 3012 a
1036 2967 1101 3027 prr-¹

63 3029 117 3082 mis
127 3029 157 3082 in
167 3031 336 3084 antecedenti
350 3031 478 3084 instantia
493 3031 624 3096 probatis
641 3031 682 3084 Id.
696 3032 735 3084 ib.
746 3045 772 3083 n.
789 3031 812 3084 t.

98 3221 164 3277 882.
182 3221 306 3294 Insuper
316 3217 411 3294 judex
430 3217 636 3294 appellationIs
653 3223 752 3292 potest
775 3233 920 3279 revocare
947 3219 1086 3278 innovata

61 3323 119 3381 per
131 3305 259 3381 judicem
270 3305 440 3367 interiorem
452 3313 519 3383 post
529 3306 734 3384 interpositam
745 3307 974 3384 appellationem
988 3311 1041 3381 (l),
1062 3314 1092 3368 et

61 3395 198 3456 similiter
215 3411 409 3471 cognoscere,
434 3401 464 3456 et
485 3413 627 3457 revocare
645 3402 788 3457 attentata
806 3401 857 3470 (ti.
874 3402 1020 3456 ltteotata
1035 3413 1089 3456 au·

63 3491 126 3546 tem
140 3485 280 3546 dicuntur
300 3485 401 3545 amala
416 3492 493 3559 eota,
515 3501 581 3562 quae
604 3485 668 3546 sine
680 3485 846 3546 rationabili
860 3502 951 3546 causa
965 3489 1005 3558 (3)
1020 3491 1089 3562 post

61 3573 273 3651 interpositam
286 3574 515 3651 appellaIIonem
528 3575 657 3651 ajudice
670 3593 766 3652 aquo,
779 3576 827 3636 vel
838 3593 855 3636 a
867 3581 950 3668 parte
966 3575 1091 3636 adversa

196 3673 230 3723 ΙΙ,
943 3686 945 3690 ’
