2560 4080
584 167 747 227 ..430-

145 291 242 354 tessus
252 305 343 354 cama
356 289 445 366 cedit,
458 291 510 368 qui
520 292 724 368 juramentum
737 269 936 374 eibi'legitime
949 290 1079 372 relatum
1091 289 1171 350 emit·
1264 239 1265 302 ἶ

145 387 208 442 tere
229 387 361 451 recusat;
382 395 452 441 nam
475 382 526 458 qui
550 387 696 457 provocat
718 379 922 440 adversarimn
942 379 1168 455 adjurandam,

145 470 235 530 debet
247 470 312 545 ipse
327 485 394 530 esse
406 471 508 544 jurare
521 477 645 545 paratus
657 474 709 542 (4).

177 623 210 686 (1)
224 621 413 674 duramentum
432 621 526 680 defert,
541 622 587 687 qui
606 621 685 674 alteri
700 621 771 688 parti
790 620 886 679 offert3
901 625 928 672 et
950 621 995 673 ille
1010 621 1104 683 refert,
1125 623 1170 686 qui

146 693 263 745 oblatam
273 692 385 758 jurandi
395 693 549 745 facultatem
563 693 592 743 in
606 691 763 744 offerentem
776 693 873 757 rejicit.
888 719 919 729 -
931 692 967 758 (t)
981 693 1040 744 Hoc
1056 693 1170 744 enimin

145 777 210 815 casu
224 765 409 829 juramentum
433 763 462 814 fit
479 763 672 816 necessarium.
689 791 715 800 -
731 763 767 829 (3)
781 764 811 814 Ι..
828 763 868 827 38,
883 761 911 814 ff,
934 763 969 816 de
985 765 1073 829 darei.
1092 790 1121 801 -
1136 763 1171 828 (4)

145 835 212 900 Arg.
225 849 284 902 cap.
298 835 337 895 33,
350 835 385 887 da
394 836 478 901 jurej.

180 1049 243 1106 stt.
264 1049 307 1108 Ex
317 1045 393 1122 iuris
405 1045 541 1106 canonici
556 1045 747 1122 dispositione
766 1047 970 1123 iuramentum
989 1045 1171 1108 decisorium

143 1127 321 1212 generaliter
337 1134 368 1195 in
387 1135 517 1211 qualibet
536 1133 613 1194 civili
636 1153 726 1195 causa
745 1135 864 1209 deferri,
883 1142 913 1198 et
927 1134 1032 1194 reterri
1045 1143 1169 1211 potest:

144 1224 313 1302 specialiter
334 1230 433 1283 temen
454 1240 514 1284 non
533 1223 707 1295 admittitur,
723 1225 843 1300 quando
858 1223 953 1300 egitur
967 1223 1004 1283 de
1017 1225 1170 1284 matrimo

143 1313 206 1387 nio,
226 1313 295 1389 quia
313 1310 343 1372 in
362 1329 398 1372 eo
421 1329 482 1372 non
503 1313 537 1377 fit
550 1312 720 1393 ¹transactio
740 1317 797 1386 (l);
818 1320 848 1374 et
864 1313 983 1396 quando
998 1321 1095 1388 actor,
1111 1313 1171 1374 sive

142 1414 215 1462 reue
229 1417 314 1462 suam
328 1402 417 1477 plene
438 1402 576 1477 probavit
600 1402 759 1476 actionem,
782 1403 845 1462 sive
865 1401 1087 1479 exceptionem,
1104 1397 1172 1478 quia
1265 1389 1266 1472 l

143 1491 225 1551 nulla
237 1496 284 1550 est
298 1492 460 1551 necessitas
473 1508 527 1567 per
538 1492 747 1568 iusiurandum
766 1492 829 1569 jam
852 1491 1031 1551 existentem
1051 1492 1172 1568 plenam

143 1579 351 1655 probationem
362 1578 490 1655 augendi
506 1585 557 1651 (a).
573 1585 636 1640 tloc
650 1580 749 1656 ipsum
762 1580 985 1641 extendendum
1000 1580 1119 1640 ridetur
1133 1581 1170 1639 ad

144 1685 257 1741 casum
280 1667 310 1727 in
327 1685 387 1744 quo
402 1669 484 1728 nulla
497 1668 536 1727 sit
555 1669 692 1744 probatio
706 1686 804 1746 neque
824 1685 878 1745 per
894 1670 1168 1746 praesumptionem,

144 1757 213 1834 quia
226 1762 330 1816 actore
344 1773 403 1816 non
423 1758 580 1833 probante,
593 1775 664 1819 reus
678 1765 725 1819 est
737 1758 949 1832 absolvendus,
961 1759 1033 1822 licet
1046 1758 1111 1835 ipse
1124 1759 1168 1819 ni·

143 1845 185 1906 hil
197 1852 320 1922 praestet
332 1849 384 1917 (3).

175 2015 211 2082 (l)
224 2015 289 2082 cap.
306 2015 343 2078 tt,
358 2015 392 2071 de
406 2019 534 2068 transeat.
545 2042 576 2052 -
589 2015 625 2082 (t)
645 2015 710 2081 Gap.
731 2016 756 2078 t,
779 2015 812 2068 de
828 2015 933 2081 probat.
950 2044 977 2054 —
996 2015 1032 2081 (3)
1047 2017 1112 2082 Cap.
1128 2016 1168 2078 36,

144 2088 177 2140 de
187 2089 269 2153 jurej.
284 2087 342 2139 Hoc
352 2091 538 2154 J'uramentum
552 2087 656 2139 admitti
670 2102 724 2139 non
733 2087 823 2145 debet,
838 2088 891 2139 nisi
905 2088 1001 2139 saltem
1014 2089 1078 2138 dato
1092 2089 1165 2140 fumo

143 2159 217 2210 illius
230 2159 360 2218 veritatis,
377 2173 457 2225 quam
475 2160 537 2224 quis
547 2155 642 2224 jurare
664 2158 776 2224 paratus
790 2165 840 2217 est.
857 2162 884 2211 et
898 2159 951 2210 nisi
967 2159 1003 2210 sit
1018 2159 1101 2210 totius
1114 2159 1169 2210 litis
1266 2201 1267 2206 ,

142 2229 315 2282 decisorlum.
330 2229 500 2295 pellegrinus
513 2237 583 2294 part.
598 2231 623 2290 t,
638 2233 703 2282 sect.
713 2232 737 2295 2,
752 2230 869 2282 subsect.
887 2231 924 2289 tt.
939 2243 966 2280 n.
979 2229 1018 2280 37.
1030 2231 1168 2281 Praestan·
1202 2245 1204 2250 ·

142 2302 207 2354 dum
231 2305 320 2354 autern
341 2302 384 2354 die
403 2301 531 2367 juridico,
556 2303 638 2353 citata
657 2303 742 2366 parte,
765 2314 855 2352 cerem
875 2301 968 2366 judice
988 2304 1167 2366 competente.

142 2371 211 2425 alias
229 2373 408 2424 convaleret.
422 2373 517 2438 Neque
539 2372 628 2425 dolato
646 2373 697 2424 hoc
716 2374 879 2438 juramento,
896 2385 960 2436 pars
978 2373 1023 2422 cui
1045 2373 1169 2423 delectur

142 2447 232 2510 potest
244 2443 359 2496 ulterius
378 2443 483 2496 admitti
500 2443 538 2510 ad
548 2444 723 2496 intentionem
737 2457 815 2494 suam
829 2441 996 2508 probandam
1009 2456 1059 2508 per
1075 2447 1167 2504 testes,

142 2515 207 2581 quia
219 2516 247 2565 in
255 2514 367 2579 judiciis
381 2515 514 2579 longeest
530 2515 574 2566 via
590 2528 640 2579 per
654 2518 746 2577 testes,
760 2519 787 2565 et
809 2513 900 2566 brevis
920 2527 968 2578 per
978 2515 1168 2578 juramentum

142 2587 303 2651 partisque
318 2587 449 2652 praestlto,
471 2599 525 2637 non
539 2590 628 2650 potest
650 2586 767 2652 emptius
780 2585 824 2649 agi
849 2584 973 2646 civiliter,
989 2585 1037 2634 sed
1061 2589 1167 2634 tantum

143 2657 318 2708 criminaliter
330 2657 517 2722 persequendo
534 2659 689 2723 perjmum;
702 2663 730 2708 et
743 2657 803 2707 ideo
817 2669 865 2723 per
878 2656 1125 2721 hocjuramentum
1134 2655 1168 2706 lis
1200 2669 1204 2680 ·

142 2728 234 2780 tlnttur
242 2730 321 2792 Juxta
334 2727 402 2779 illud
416 2728 448 2779 D.
466 2728 546 2780 Pauli
560 2744 566 2778 ε
583 2726 675 2780 Omnis
693 2726 877 2780 controversie
893 2725 956 2792 finis
969 2725 1007 2778 ad
1019 2727 1166 2792 confiteto-

143 2798 251 2858 tiooem,
262 2801 299 2851 est
311 2799 512 2866 juramentum.
527 2799 570 2851 ed
584 2799 668 2852 Hebr.
685 2799 709 2849 6.

178 3013 240 3069 ale.
260 3009 330 3070 nliae
339 3011 407 3071 duae
420 3016 580 3087 sequentes
591 3009 750 3086 juramenti
758 3008 905 3087 judicialis
918 3008 1045 3085 species,
1056 3011 1167 3087 nempe

140 3101 341 3177 juramentum
360 3099 586 3176 suppletorium,
601 3107 630 3159 et
652 3098 856 3175 purgatorium
879 3115 919 3158 ex
931 3098 1167 3173 ,Judioisvofflcio

143 3187 284 3264 pendent,
305 3187 355 3263 qui
370 3195 470 3264 potest
483 3188 663 3265 quandoque
684 3189 885 3263 juramentum
905 3187 1123 3261 suppletorium
1141 3187 1168 3248 ei

143 3278 271 3352 deferre,
299 3276 350 3352 qui
376 3279 488 3338 lactum
514 3282 741 3336 controversum
769 3275 932 3352 semiplene
959 3275 1109 3352 probavit,
1135 3281 1168 3335 ut

142 3365 237 3439 ipsam
251 3365 457 3440 probationem
471 3366 631 3440 compleat,
647 3371 677 3424 et
687 3363 1110 3446 juramentumpurgatorium
1127 3364 1157 3423 ill

142 3451 269 3524 deterre,
284 3459 388 3512 contra
403 3468 493 3526 quem
507 3453 605 3527 aliqua
620 3458 666 3512 est
679 3453 814 3529 probatio
828 3451 902 3511 non'
913 3451 1088 3528 semiplena,
1103 3460 1166 3512 uta

143 3535 284 3609 petilium
292 3555 325 3598 se
334 3538 440 3600 liberm
453 3541 504 3609 (t).
516 3540 602 3602 solet.
610 3546 710 3600 autem
721 3540 781 3602 hoc
792 3547 951 3618 utrumque
960 3540 1165 3617 juramentum
