<?xml version="1.0" encoding="UTF-8"?>
<!DOCTYPE html PUBLIC "-//W3C//DTD XHTML 1.0 Transitional//EN"
    "http://www.w3.org/TR/xhtml1/DTD/xhtml1-transitional.dtd">
<html xmlns="http://www.w3.org/1999/xhtml" xml:lang="en" lang="en">
 <head>
  <title>
</title>
<meta http-equiv="Content-Type" content="text/html;charset=utf-8" />
  <meta name='ocr-system' content='tesseract 3.04.00' />
  <meta name='ocr-capabilities' content='ocr_page ocr_carea ocr_par ocr_line ocrx_word'/>
</head>
<body>
  <div class='ocr_page' id='page_1' title='image "./summainstitutio01ferrgoog_0041.png"; bbox 0 0 2592 4018; ppageno 0'>
   <div class='ocr_carea' id='block_1_1' title="bbox 622 205 760 262">
    <p class='ocr_par' dir='ltr' id='par_1_1' title="bbox 622 205 760 262">
     <span class='ocr_line' id='line_1_1' title="bbox 622 205 760 262; baseline -0.007 -17"><span class='ocrx_word' id='word_1_1' title='bbox 622 205 760 262; x_wconf 81' lang='grc'>..30-</span> 
     </span>
    </p>
   </div>
   <div class='ocr_carea' id='block_1_2' title="bbox 169 326 1208 2538">
    <p class='ocr_par' dir='ltr' id='par_1_2' title="bbox 169 326 1194 488">
     <span class='ocr_line' id='line_1_2' title="bbox 169 326 1194 406; baseline 0.006 -22"><span class='ocrx_word' id='word_1_2' title='bbox 169 339 281 397; x_wconf 82' lang='lat' dir='ltr'><em>srnune,</em></span> <span class='ocrx_word' id='word_1_3' title='bbox 297 327 442 398; x_wconf 79' lang='lat' dir='ltr'><em>contritis,</em></span> <span class='ocrx_word' id='word_1_4' title='bbox 456 326 603 402; x_wconf 77' lang='lat' dir='ltr'><em>confessis,</em></span> <span class='ocrx_word' id='word_1_5' title='bbox 621 333 647 388; x_wconf 93' lang='lat' dir='ltr'><em>et</em></span> <span class='ocrx_word' id='word_1_6' title='bbox 657 326 825 404; x_wconf 68' lang='lat' dir='ltr'><em>satisfacere</em></span> <span class='ocrx_word' id='word_1_7' title='bbox 837 327 1065 406; x_wconf 73' lang='lat' dir='ltr'><em>proponentibus</em></span> <span class='ocrx_word' id='word_1_8' title='bbox 1076 327 1194 390; x_wconf 79' lang='lat' dir='ltr'><em>absolu-</em></span> 
     </span>
     <span class='ocr_line' id='line_1_3' title="bbox 170 413 540 488; baseline 0.008 -16"><span class='ocrx_word' id='word_1_9' title='bbox 170 413 209 472; x_wconf 90' lang='lat' dir='ltr'><em>tia</em></span> <span class='ocrx_word' id='word_1_10' title='bbox 223 429 242 470; x_wconf 92' lang='lat' dir='ltr'><em>a</em></span> <span class='ocrx_word' id='word_1_11' title='bbox 254 415 376 488; x_wconf 89' lang='lat' dir='ltr'><em>pcccatis</em></span> <span class='ocrx_word' id='word_1_12' title='bbox 389 415 540 476; x_wconf 77' lang='lat' dir='ltr'><em>tribuitur.</em></span> 
     </span>
    </p>

    <p class='ocr_par' dir='ltr' id='par_1_3' title="bbox 170 500 1208 2446">
     <span class='ocr_line' id='line_1_4' title="bbox 206 500 1198 584; baseline 0.008 -24"><span class='ocrx_word' id='word_1_13' title='bbox 206 500 334 563; x_wconf 83' lang='lat' dir='ltr'><em>ltiuister</em></span> <span class='ocrx_word' id='word_1_14' title='bbox 356 503 444 580; x_wconf 89' lang='lat' dir='ltr'><em>hujus</em></span> <span class='ocrx_word' id='word_1_15' title='bbox 469 507 651 567; x_wconf 86' lang='lat' dir='ltr'><em>sacrementi</em></span> <span class='ocrx_word' id='word_1_16' title='bbox 667 514 713 567; x_wconf 86' lang='lat' dir='ltr'><em>est</em></span> <span class='ocrx_word' id='word_1_17' title='bbox 726 509 882 580; x_wconf 85' lang='lat' dir='ltr'><em>Sacerdos,</em></span> <span class='ocrx_word' id='word_1_18' title='bbox 897 510 948 584; x_wconf 91' lang='lat' dir='ltr'><em>qui</em></span> <span class='ocrx_word' id='word_1_19' title='bbox 963 507 994 568; x_wconf 92' lang='lat' dir='ltr'><em>iu</em></span> <span class='ocrx_word' id='word_1_20' title='bbox 1010 507 1198 568; x_wconf 86' lang='lat' dir='ltr'><em>ordinatione</em></span> 
     </span>
     <span class='ocr_line' id='line_1_5' title="bbox 170 593 1197 674; baseline 0.006 -24"><span class='ocrx_word' id='word_1_21' title='bbox 170 606 224 650; x_wconf 87' lang='lat' dir='ltr'><em>sua</em></span> <span class='ocrx_word' id='word_1_22' title='bbox 235 598 412 667; x_wconf 85' lang='lat' dir='ltr'><em>potestatem</em></span> <span class='ocrx_word' id='word_1_23' title='bbox 427 593 552 655; x_wconf 80' lang='lat' dir='ltr'>obtinuit</span> <span class='ocrx_word' id='word_1_24' title='bbox 566 595 738 656; x_wconf 86' lang='lat' dir='ltr'><em>absolvendi</em></span> <span class='ocrx_word' id='word_1_25' title='bbox 752 597 921 672; x_wconf 87' lang='lat' dir='ltr'><em>epeooatis.</em></span> <span class='ocrx_word' id='word_1_26' title='bbox 930 595 1092 674; x_wconf 89' lang='lat' dir='ltr'><em>Episcopos</em></span> <span class='ocrx_word' id='word_1_27' title='bbox 1105 596 1197 670; x_wconf 84' lang='lat' dir='ltr'><em>enisu,</em></span> 
     </span>
     <span class='ocr_line' id='line_1_6' title="bbox 171 680 1200 762; baseline 0.008 -24"><span class='ocrx_word' id='word_1_28' title='bbox 171 685 201 738; x_wconf 90' lang='lat' dir='ltr'><em>et</em></span> <span class='ocrx_word' id='word_1_29' title='bbox 213 680 388 742; x_wconf 87' lang='lat' dir='ltr'><em>Sacerdotes</em></span> <span class='ocrx_word' id='word_1_30' title='bbox 404 683 550 744; x_wconf 90' lang='lat' dir='ltr'><em>allocutus</em></span> <span class='ocrx_word' id='word_1_31' title='bbox 563 691 610 744; x_wconf 88' lang='lat' dir='ltr'><em>est</em></span> <span class='ocrx_word' id='word_1_32' title='bbox 624 684 765 759; x_wconf 84' lang='lat' dir='ltr'><em>Christus,</em></span> <span class='ocrx_word' id='word_1_33' title='bbox 780 685 852 746; x_wconf 90' lang='lat' dir='ltr'><em>dum</em></span> <span class='ocrx_word' id='word_1_34' title='bbox 865 692 934 762; x_wconf 91' lang='lat' dir='ltr'><em>post</em></span> <span class='ocrx_word' id='word_1_35' title='bbox 946 685 1200 746; x_wconf 82' lang='lat' dir='ltr'><em>resurrectionem</em></span> 
     </span>
     <span class='ocr_line' id='line_1_7' title="bbox 170 770 1201 851; baseline 0.006 -23"><span class='ocrx_word' id='word_1_36' title='bbox 170 784 255 830; x_wconf 76' lang='lat' dir='ltr'><em>stram</em></span> <span class='ocrx_word' id='word_1_37' title='bbox 272 770 433 832; x_wconf 87' lang='lat' dir='ltr'><em>insufflavit</em></span> <span class='ocrx_word' id='word_1_38' title='bbox 447 773 476 832; x_wconf 93' lang='lat' dir='ltr'><em>iu</em></span> <span class='ocrx_word' id='word_1_39' title='bbox 495 773 657 851; x_wconf 87' lang='lat' dir='ltr'><em>discipulos</em></span> <span class='ocrx_word' id='word_1_40' title='bbox 679 792 751 836; x_wconf 90' lang='lat' dir='ltr'><em>suos</em></span> <span class='ocrx_word' id='word_1_41' title='bbox 765 775 868 836; x_wconf 88' lang='lat' dir='ltr'><em>diceus</em></span> <span class='ocrx_word' id='word_1_42' title='bbox 884 793 890 833; x_wconf 94' lang='lat'>:</span> <span class='ocrx_word' id='word_1_43' title='bbox 907 774 1029 851; x_wconf 76' lang='lat' dir='ltr'><em>Accipite</em></span> <span class='ocrx_word' id='word_1_44' title='bbox 1050 773 1201 851; x_wconf 83' lang='lat' dir='ltr'><em>Spiritum</em></span> 
     </span>
     <span class='ocr_line' id='line_1_8' title="bbox 170 855 1201 941; baseline 0.005 -23"><span class='ocrx_word' id='word_1_45' title='bbox 170 855 326 932; x_wconf 80' lang='lat' dir='ltr'><em>Sanetrun,</em></span> <span class='ocrx_word' id='word_1_46' title='bbox 341 877 471 936; x_wconf 64' lang='lat' dir='ltr'><em>aarum</em></span> <span class='ocrx_word' id='word_1_47' title='bbox 483 863 655 924; x_wconf 83' lang='lat' dir='ltr'><em>remiseritis</em></span> <span class='ocrx_word' id='word_1_48' title='bbox 667 871 793 941; x_wconf 80' lang='lat' dir='ltr'><em>pusato,</em></span> <span class='ocrx_word' id='word_1_49' title='bbox 810 864 1007 924; x_wconf 87' lang='lat' dir='ltr'><em>remittuntur</em></span> <span class='ocrx_word' id='word_1_50' title='bbox 1018 863 1068 934; x_wconf 87' lang='lat' dir='ltr'><em>cis,</em></span> <span class='ocrx_word' id='word_1_51' title='bbox 1084 870 1110 922; x_wconf 91' lang='lat' dir='ltr'><em>et</em></span> <span class='ocrx_word' id='word_1_52' title='bbox 1125 879 1201 938; x_wconf 82' lang='lat' dir='ltr'><em>puo-</em></span> 
     </span>
     <span class='ocr_line' id='line_1_9' title="bbox 170 950 1203 1028; baseline 0.005 -21"><span class='ocrx_word' id='word_1_53' title='bbox 170 963 243 1007; x_wconf 88' lang='lat' dir='ltr'><em>runt</em></span> <span class='ocrx_word' id='word_1_54' title='bbox 262 950 444 1010; x_wconf 75' lang='lat' dir='ltr'><em>retinueritis</em></span> <span class='ocrx_word' id='word_1_55' title='bbox 467 959 581 1013; x_wconf 88' lang='lat' dir='ltr'><em>retenta</em></span> <span class='ocrx_word' id='word_1_56' title='bbox 598 962 670 1014; x_wconf 90' lang='lat' dir='ltr'><em>sunt</em></span> <span class='ocrx_word' id='word_1_57' title='bbox 693 959 746 1026; x_wconf 86' lang='lat' dir='ltr'><em>(t).</em></span> <span class='ocrx_word' id='word_1_58' title='bbox 771 953 828 1014; x_wconf 86' lang='lat' dir='ltr'><em>Sed</em></span> <span class='ocrx_word' id='word_1_59' title='bbox 843 953 901 1012; x_wconf 86' lang='lat' dir='ltr'><em>hac</em></span> <span class='ocrx_word' id='word_1_60' title='bbox 919 951 1033 1012; x_wconf 82' lang='lat' dir='ltr'><em>ordinis</em></span> <span class='ocrx_word' id='word_1_61' title='bbox 1052 957 1203 1028; x_wconf 78' lang='lat' dir='ltr'><em>potestate</em></span> 
     </span>
     <span class='ocr_line' id='line_1_10' title="bbox 172 1035 1202 1118; baseline 0.004 -22"><span class='ocrx_word' id='word_1_62' title='bbox 172 1035 215 1096; x_wconf 92' lang='lat' dir='ltr'><em>uti</em></span> <span class='ocrx_word' id='word_1_63' title='bbox 229 1045 381 1114; x_wconf 89' lang='lat' dir='ltr'><em>nequeunt</em></span> <span class='ocrx_word' id='word_1_64' title='bbox 403 1040 590 1116; x_wconf 87' lang='lat' dir='ltr'><em>Sacerdotes,</em></span> <span class='ocrx_word' id='word_1_65' title='bbox 609 1042 665 1102; x_wconf 90' lang='lat' dir='ltr'><em>nisi</em></span> <span class='ocrx_word' id='word_1_66' title='bbox 682 1049 713 1104; x_wconf 91' lang='lat' dir='ltr'><em>et</em></span> <span class='ocrx_word' id='word_1_67' title='bbox 725 1042 806 1102; x_wconf 87' lang='lat' dir='ltr'><em>illam</em></span> <span class='ocrx_word' id='word_1_68' title='bbox 827 1041 955 1102; x_wconf 83' lang='lat' dir='ltr'><em>habeant</em></span> <span class='ocrx_word' id='word_1_69' title='bbox 974 1039 1202 1118; x_wconf 85' lang='lat' dir='ltr'><em>jurisdictionis,</em></span> 
     </span>
     <span class='ocr_line' id='line_1_11' title="bbox 173 1126 1204 1208; baseline 0.004 -24"><span class='ocrx_word' id='word_1_70' title='bbox 173 1141 233 1201; x_wconf 87' lang='lat' dir='ltr'><em>qua</em></span> <span class='ocrx_word' id='word_1_71' title='bbox 253 1126 361 1187; x_wconf 89' lang='lat' dir='ltr'><em>subditi</em></span> <span class='ocrx_word' id='word_1_72' title='bbox 378 1127 433 1187; x_wconf 91' lang='lat' dir='ltr'><em>sibi</em></span> <span class='ocrx_word' id='word_1_73' title='bbox 451 1129 649 1206; x_wconf 83' lang='lat' dir='ltr'><em>assignentur,</em></span> <span class='ocrx_word' id='word_1_74' title='bbox 674 1132 718 1191; x_wconf 93' lang='lat' dir='ltr'><em>uti</em></span> <span class='ocrx_word' id='word_1_75' title='bbox 738 1149 777 1192; x_wconf 82' lang='lat' dir='ltr'><em>ex</em></span> <span class='ocrx_word' id='word_1_76' title='bbox 799 1131 856 1191; x_wconf 88' lang='lat' dir='ltr'><em>hac</em></span> <span class='ocrx_word' id='word_1_77' title='bbox 876 1131 1021 1208; x_wconf 87' lang='lat' dir='ltr'><em>probatur</em></span> <span class='ocrx_word' id='word_1_78' title='bbox 1040 1128 1204 1190; x_wconf 80' lang='lat' dir='ltr'><em>Tridentini</em></span> 
     </span>
     <span class='ocr_line' id='line_1_12' title="bbox 172 1214 1205 1296; baseline 0.004 -24"><span class='ocrx_word' id='word_1_79' title='bbox 172 1214 327 1276; x_wconf 80' lang='lat' dir='ltr'><em>sanctione</em></span> <span class='ocrx_word' id='word_1_80' title='bbox 343 1235 350 1275; x_wconf 90' lang='lat'>:</span> <span class='ocrx_word' id='word_1_81' title='bbox 371 1217 554 1278; x_wconf 82' lang='lat' dir='ltr'><em>Persuasum</em></span> <span class='ocrx_word' id='word_1_82' title='bbox 573 1236 687 1296; x_wconf 84' lang='lat' dir='ltr'><em>semper</em></span> <span class='ocrx_word' id='word_1_83' title='bbox 699 1221 733 1280; x_wconf 86' lang='lat' dir='ltr'><em>in</em></span> <span class='ocrx_word' id='word_1_84' title='bbox 746 1219 873 1280; x_wconf 80' lang='lat' dir='ltr'><em>Ecclesia</em></span> <span class='ocrx_word' id='word_1_85' title='bbox 887 1219 939 1278; x_wconf 87' lang='lat' dir='ltr'><em>Dei</em></span> <span class='ocrx_word' id='word_1_86' title='bbox 950 1219 1020 1294; x_wconf 75' lang='lat' dir='ltr'><em>suit,</em></span> <span class='ocrx_word' id='word_1_87' title='bbox 1039 1227 1066 1278; x_wconf 90' lang='lat' dir='ltr'><em>et</em></span> <span class='ocrx_word' id='word_1_88' title='bbox 1082 1217 1205 1278; x_wconf 80' lang='lat' dir='ltr'><em>verissi-</em></span> 
     </span>
     <span class='ocr_line' id='line_1_13' title="bbox 173 1304 1204 1384; baseline 0.001 -22"><span class='ocrx_word' id='word_1_89' title='bbox 173 1319 260 1362; x_wconf 85' lang='lat' dir='ltr'><em>munt</em></span> <span class='ocrx_word' id='word_1_90' title='bbox 274 1321 334 1364; x_wconf 86' lang='lat' dir='ltr'><em>esse</em></span> <span class='ocrx_word' id='word_1_91' title='bbox 348 1305 484 1380; x_wconf 71' lang='lat' dir='ltr'><em>Spsodus</em></span> <span class='ocrx_word' id='word_1_92' title='bbox 499 1307 558 1367; x_wconf 79' lang='lat' dir='ltr'><em>hec</em></span> <span class='ocrx_word' id='word_1_93' title='bbox 571 1309 739 1384; x_wconf 73' lang='lat' dir='ltr'><em>amsernrat,</em></span> <span class='ocrx_word' id='word_1_94' title='bbox 753 1308 869 1369; x_wconf 84' lang='lat' dir='ltr'><em>anitius</em></span> <span class='ocrx_word' id='word_1_95' title='bbox 882 1307 1025 1368; x_wconf 77' lang='lat' dir='ltr'><em>ammenti</em></span> <span class='ocrx_word' id='word_1_96' title='bbox 1042 1304 1204 1367; x_wconf 80' lang='lat' dir='ltr'><em>absolutio-</em></span> 
     </span>
     <span class='ocr_line' id='line_1_14' title="bbox 176 1395 1205 1472; baseline 0.002 -20"><span class='ocrx_word' id='word_1_97' title='bbox 176 1409 246 1452; x_wconf 88' lang='lat' dir='ltr'><em>ncrn</em></span> <span class='ocrx_word' id='word_1_98' title='bbox 260 1411 325 1453; x_wconf 85' lang='lat' dir='ltr'><em>eane</em></span> <span class='ocrx_word' id='word_1_99' title='bbox 339 1411 399 1454; x_wconf 88' lang='lat' dir='ltr'><em>csse</em></span> <span class='ocrx_word' id='word_1_100' title='bbox 413 1395 522 1468; x_wconf 84' lang='lat' dir='ltr'><em>delere,</em></span> <span class='ocrx_word' id='word_1_101' title='bbox 538 1413 629 1472; x_wconf 87' lang='lat' dir='ltr'><em>quarn</em></span> <span class='ocrx_word' id='word_1_102' title='bbox 642 1397 782 1458; x_wconf 79' lang='lat' dir='ltr'><em>Sacerdos</em></span> <span class='ocrx_word' id='word_1_103' title='bbox 796 1398 830 1456; x_wconf 87' lang='lat' dir='ltr'><em>in</em></span> <span class='ocrx_word' id='word_1_104' title='bbox 843 1415 912 1457; x_wconf 83' lang='lat' dir='ltr'><em>eunt</em></span> <span class='ocrx_word' id='word_1_105' title='bbox 933 1398 1055 1472; x_wconf 72' lang='lat' dir='ltr'><em>prefert,</em></span> <span class='ocrx_word' id='word_1_106' title='bbox 1070 1395 1103 1454; x_wconf 89' lang='lat' dir='ltr'><em>in</em></span> <span class='ocrx_word' id='word_1_107' title='bbox 1114 1411 1205 1470; x_wconf 85' lang='lat' dir='ltr'><em>quern</em></span> 
     </span>
     <span class='ocr_line' id='line_1_15' title="bbox 175 1481 1204 1562; baseline 0.005 -23"><span class='ocrx_word' id='word_1_108' title='bbox 175 1481 373 1555; x_wconf 79' lang='lat' dir='ltr'><em>ordinatiane,</em></span> <span class='ocrx_word' id='word_1_109' title='bbox 395 1492 449 1543; x_wconf 90' lang='lat' dir='ltr'><em>aut</em></span> <span class='ocrx_word' id='word_1_110' title='bbox 469 1485 687 1562; x_wconf 83' lang='lat' dir='ltr'><em>subdelepatarn</em></span> <span class='ocrx_word' id='word_1_111' title='bbox 713 1503 775 1546; x_wconf 92' lang='lat' dir='ltr'><em>non</em></span> <span class='ocrx_word' id='word_1_112' title='bbox 794 1485 878 1546; x_wconf 84' lang='lat' dir='ltr'><em>halet</em></span> <span class='ocrx_word' id='word_1_113' title='bbox 896 1485 1135 1560; x_wconf 83' lang='lat' dir='ltr'><em>jurisdictionem</em></span> <span class='ocrx_word' id='word_1_114' title='bbox 1149 1487 1204 1554; x_wconf 69' lang='grc' dir='ltr'>(Ξ).</span> 
     </span>
     <span class='ocr_line' id='line_1_16' title="bbox 176 1571 1206 1651; baseline 0.001 -20"><span class='ocrx_word' id='word_1_115' title='bbox 176 1571 294 1631; x_wconf 77' lang='lat' dir='ltr'><em>Accedit</em></span> <span class='ocrx_word' id='word_1_116' title='bbox 307 1571 428 1647; x_wconf 88' lang='lat' dir='ltr'><em>insuper</em></span> <span class='ocrx_word' id='word_1_117' title='bbox 447 1573 527 1649; x_wconf 90' lang='lat' dir='ltr'><em>qnod</em></span> <span class='ocrx_word' id='word_1_118' title='bbox 542 1575 741 1634; x_wconf 84' lang='lat' dir='ltr'><em>confessarius</em></span> <span class='ocrx_word' id='word_1_119' title='bbox 755 1581 801 1634; x_wconf 88' lang='lat' dir='ltr'><em>cst</em></span> <span class='ocrx_word' id='word_1_120' title='bbox 811 1575 921 1651; x_wconf 79' lang='lat' dir='ltr'><em>judex,</em></span> <span class='ocrx_word' id='word_1_121' title='bbox 935 1581 965 1634; x_wconf 90' lang='lat' dir='ltr'><em>et</em></span> <span class='ocrx_word' id='word_1_122' title='bbox 978 1575 1043 1650; x_wconf 85' lang='lat' dir='ltr'><em>ejus</em></span> <span class='ocrx_word' id='word_1_123' title='bbox 1055 1572 1206 1632; x_wconf 86' lang='lat' dir='ltr'><em>absolutio</em></span> 
     </span>
     <span class='ocr_line' id='line_1_17' title="bbox 178 1660 1206 1739; baseline 0.002 -19"><span class='ocrx_word' id='word_1_124' title='bbox 178 1668 224 1720; x_wconf 89' lang='lat' dir='ltr'><em>cst</em></span> <span class='ocrx_word' id='word_1_125' title='bbox 237 1661 392 1733; x_wconf 86' lang='lat' dir='ltr'><em>sententia,</em></span> <span class='ocrx_word' id='word_1_126' title='bbox 403 1679 469 1736; x_wconf 83' lang='lat' dir='ltr'><em>quae</em></span> <span class='ocrx_word' id='word_1_127' title='bbox 481 1661 713 1737; x_wconf 86' lang='lat' dir='ltr'><em>proindevalida</em></span> <span class='ocrx_word' id='word_1_128' title='bbox 726 1681 793 1723; x_wconf 87' lang='lat' dir='ltr'><em>esse</em></span> <span class='ocrx_word' id='word_1_129' title='bbox 806 1681 865 1722; x_wconf 92' lang='lat' dir='ltr'><em>non</em></span> <span class='ocrx_word' id='word_1_130' title='bbox 878 1669 987 1739; x_wconf 85' lang='lat' dir='ltr'><em>potest,</em></span> <span class='ocrx_word' id='word_1_131' title='bbox 997 1661 1052 1722; x_wconf 88' lang='lat' dir='ltr'><em>uisi</em></span> <span class='ocrx_word' id='word_1_132' title='bbox 1066 1660 1104 1720; x_wconf 87' lang='lat' dir='ltr'><em>sit</em></span> <span class='ocrx_word' id='word_1_133' title='bbox 1112 1679 1206 1738; x_wconf 91' lang='lat' dir='ltr'><em>super</em></span> 
     </span>
     <span class='ocr_line' id='line_1_18' title="bbox 176 1747 1207 1827; baseline 0.005 -22"><span class='ocrx_word' id='word_1_134' title='bbox 176 1747 302 1808; x_wconf 86' lang='lat' dir='ltr'><em>subditis</em></span> <span class='ocrx_word' id='word_1_135' title='bbox 324 1751 531 1824; x_wconf 87' lang='lat' dir='ltr'><em>pronunciata.</em></span> <span class='ocrx_word' id='word_1_136' title='bbox 560 1751 743 1812; x_wconf 80' lang='lat' dir='ltr'><em>ordinariam</em></span> <span class='ocrx_word' id='word_1_137' title='bbox 770 1751 943 1812; x_wconf 87' lang='lat' dir='ltr'><em>absolvendi</em></span> <span class='ocrx_word' id='word_1_138' title='bbox 967 1749 1207 1827; x_wconf 78' lang='lat' dir='ltr'><em>jurisdieuouem</em></span> 
     </span>
     <span class='ocr_line' id='line_1_19' title="bbox 178 1836 1207 1916; baseline 0.003 -22"><span class='ocrx_word' id='word_1_139' title='bbox 178 1836 288 1896; x_wconf 78' lang='lat' dir='ltr'><em>haireni</em></span> <span class='ocrx_word' id='word_1_140' title='bbox 300 1840 351 1898; x_wconf 85' lang='lat' dir='ltr'><em>eu.¹</em></span> <span class='ocrx_word' id='word_1_141' title='bbox 366 1855 411 1914; x_wconf 58' lang='lat' dir='ltr'><em>gr·</em></span> <span class='ocrx_word' id='word_1_142' title='bbox 428 1839 566 1916; x_wconf 85' lang='lat' dir='ltr'><em>Episcopi</em></span> <span class='ocrx_word' id='word_1_143' title='bbox 582 1839 613 1899; x_wconf 93' lang='lat' dir='ltr'><em>in</em></span> <span class='ocrx_word' id='word_1_144' title='bbox 629 1848 691 1900; x_wconf 87' lang='lat' dir='ltr'><em>tota</em></span> <span class='ocrx_word' id='word_1_145' title='bbox 704 1857 759 1899; x_wconf 88' lang='lat' dir='ltr'><em>sua</em></span> <span class='ocrx_word' id='word_1_146' title='bbox 772 1840 906 1913; x_wconf 89' lang='lat' dir='ltr'><em>dioecesi,</em></span> <span class='ocrx_word' id='word_1_147' title='bbox 925 1847 955 1899; x_wconf 89' lang='lat' dir='ltr'><em>et</em></span> <span class='ocrx_word' id='word_1_148' title='bbox 968 1839 1093 1899; x_wconf 89' lang='lat' dir='ltr'><em>Paroehi</em></span> <span class='ocrx_word' id='word_1_149' title='bbox 1104 1838 1134 1897; x_wconf 93' lang='lat' dir='ltr'><em>iu</em></span> <span class='ocrx_word' id='word_1_150' title='bbox 1148 1855 1207 1898; x_wconf 83' lang='lat' dir='ltr'><em>sua</em></span> 
     </span>
     <span class='ocr_line' id='line_1_20' title="bbox 177 1925 1207 2006; baseline 0.005 -23"><span class='ocrx_word' id='word_1_151' title='bbox 177 1925 328 2002; x_wconf 85' lang='lat' dir='ltr'><em>parochia,</em></span> <span class='ocrx_word' id='word_1_152' title='bbox 343 1935 373 1988; x_wconf 90' lang='lat' dir='ltr'><em>et</em></span> <span class='ocrx_word' id='word_1_153' title='bbox 395 1944 513 2004; x_wconf 87' lang='lat' dir='ltr'><em>semper</em></span> <span class='ocrx_word' id='word_1_154' title='bbox 534 1929 644 2006; x_wconf 90' lang='lat' dir='ltr'><em>ubique</em></span> <span class='ocrx_word' id='word_1_155' title='bbox 666 1930 765 2005; x_wconf 88' lang='lat' dir='ltr'><em>quoad</em></span> <span class='ocrx_word' id='word_1_156' title='bbox 780 1945 884 1989; x_wconf 89' lang='lat' dir='ltr'><em>eorum</em></span> <span class='ocrx_word' id='word_1_157' title='bbox 906 1928 1050 2000; x_wconf 89' lang='lat' dir='ltr'><em>subditos,</em></span> <span class='ocrx_word' id='word_1_158' title='bbox 1075 1941 1207 2004; x_wconf 90' lang='lat' dir='ltr'><em>quorum</em></span> 
     </span>
     <span class='ocr_line' id='line_1_21' title="bbox 179 2014 1208 2092; baseline 0.003 -19"><span class='ocrx_word' id='word_1_159' title='bbox 179 2022 279 2074; x_wconf 89' lang='lat' dir='ltr'><em>tamen</em></span> <span class='ocrx_word' id='word_1_160' title='bbox 294 2023 426 2092; x_wconf 83' lang='lat' dir='ltr'><em>potestas</em></span> <span class='ocrx_word' id='word_1_161' title='bbox 447 2018 487 2077; x_wconf 88' lang='lat' dir='ltr'><em>ad</em></span> <span class='ocrx_word' id='word_1_162' title='bbox 509 2035 606 2090; x_wconf 84' lang='lat' dir='ltr'><em>casus,</em></span> <span class='ocrx_word' id='word_1_163' title='bbox 629 2025 660 2078; x_wconf 89' lang='lat' dir='ltr'><em>et</em></span> <span class='ocrx_word' id='word_1_164' title='bbox 677 2035 819 2077; x_wconf 85' lang='lat' dir='ltr'><em>censuras</em></span> <span class='ocrx_word' id='word_1_165' title='bbox 844 2026 1011 2078; x_wconf 84' lang='lat' dir='ltr'><em>reservatus</em></span> <span class='ocrx_word' id='word_1_166' title='bbox 1028 2014 1208 2092; x_wconf 82' lang='lat' dir='ltr'><em>regulariter</em></span> 
     </span>
     <span class='ocr_line' id='line_1_22' title="bbox 178 2105 1208 2181; baseline 0.002 -19"><span class='ocrx_word' id='word_1_167' title='bbox 178 2119 240 2162; x_wconf 92' lang='lat' dir='ltr'><em>non</em></span> <span class='ocrx_word' id='word_1_168' title='bbox 254 2105 424 2165; x_wconf 85' lang='lat' dir='ltr'><em>extenditur</em></span> <span class='ocrx_word' id='word_1_169' title='bbox 438 2124 446 2178; x_wconf 74' lang='grc' dir='ltr'><strong>ς</strong></span> <span class='ocrx_word' id='word_1_170' title='bbox 462 2106 626 2181; x_wconf 83' lang='lat' dir='ltr'><em>delegatam</em></span> <span class='ocrx_word' id='word_1_171' title='bbox 640 2123 712 2166; x_wconf 89' lang='lat' dir='ltr'><em>vcro</em></span> <span class='ocrx_word' id='word_1_172' title='bbox 726 2106 837 2166; x_wconf 88' lang='lat' dir='ltr'><em>hebent</em></span> <span class='ocrx_word' id='word_1_173' title='bbox 849 2122 954 2166; x_wconf 88' lang='lat' dir='ltr'><em>omnes</em></span> <span class='ocrx_word' id='word_1_174' title='bbox 967 2105 1117 2180; x_wconf 87' lang='lat' dir='ltr'><em>simplices</em></span> <span class='ocrx_word' id='word_1_175' title='bbox 1127 2109 1208 2164; x_wconf 80' lang='lat' dir='ltr'><em>Con·</em></span> 
     </span>
     <span class='ocr_line' id='line_1_23' title="bbox 178 2191 1206 2271; baseline 0.003 -22"><span class='ocrx_word' id='word_1_176' title='bbox 178 2191 290 2250; x_wconf 87' lang='lat' dir='ltr'><em>tessarii</em></span> <span class='ocrx_word' id='word_1_177' title='bbox 318 2194 484 2269; x_wconf 85' lang='lat' dir='ltr'><em>approbati,</em></span> <span class='ocrx_word' id='word_1_178' title='bbox 514 2211 678 2271; x_wconf 86' lang='lat' dir='ltr'><em>omnesque</em></span> <span class='ocrx_word' id='word_1_179' title='bbox 702 2195 878 2254; x_wconf 85' lang='lat' dir='ltr'><em>Sacerdotes</em></span> <span class='ocrx_word' id='word_1_180' title='bbox 894 2194 926 2254; x_wconf 93' lang='lat' dir='ltr'><em>in</em></span> <span class='ocrx_word' id='word_1_181' title='bbox 940 2195 1064 2254; x_wconf 88' lang='lat' dir='ltr'><em>articulo</em></span> <span class='ocrx_word' id='word_1_182' title='bbox 1087 2192 1206 2263; x_wconf 89' lang='lat' dir='ltr'><em>mortis,</em></span> 
     </span>
     <span class='ocr_line' id='line_1_24' title="bbox 177 2278 1206 2359; baseline 0.004 -21"><span class='ocrx_word' id='word_1_183' title='bbox 177 2278 228 2338; x_wconf 91' lang='lat' dir='ltr'><em>ubi</em></span> <span class='ocrx_word' id='word_1_184' title='bbox 241 2281 316 2340; x_wconf 89' lang='lat' dir='ltr'><em>altor</em></span> <span class='ocrx_word' id='word_1_185' title='bbox 330 2282 406 2342; x_wconf 91' lang='lat' dir='ltr'><em>desit</em></span> <span class='ocrx_word' id='word_1_186' title='bbox 418 2283 630 2358; x_wconf 82' lang='lat' dir='ltr'><em>confessarius,</em></span> <span class='ocrx_word' id='word_1_187' title='bbox 644 2299 704 2359; x_wconf 91' lang='lat' dir='ltr'><em>quo</em></span> <span class='ocrx_word' id='word_1_188' title='bbox 721 2282 752 2342; x_wconf 91' lang='lat' dir='ltr'><em>in</em></span> <span class='ocrx_word' id='word_1_189' title='bbox 767 2299 849 2358; x_wconf 76' lang='lat' dir='ltr'><em>cesis,</em></span> <span class='ocrx_word' id='word_1_190' title='bbox 860 2284 941 2343; x_wconf 87' lang='lat' dir='ltr'><em>nulla</em></span> <span class='ocrx_word' id='word_1_191' title='bbox 952 2289 997 2342; x_wconf 90' lang='lat' dir='ltr'><em>est</em></span> <span class='ocrx_word' id='word_1_192' title='bbox 1014 2281 1141 2358; x_wconf 87' lang='lat' dir='ltr'><em>amplius</em></span> <span class='ocrx_word' id='word_1_193' title='bbox 1154 2297 1206 2342; x_wconf 89' lang='lat' dir='ltr'><em>re·</em></span> 
     </span>
     <span class='ocr_line' id='line_1_25' title="bbox 178 2369 376 2446; baseline 0.03 -21"><span class='ocrx_word' id='word_1_194' title='bbox 178 2369 306 2429; x_wconf 86' lang='lat' dir='ltr'><em>servatio</em></span> <span class='ocrx_word' id='word_1_195' title='bbox 326 2376 376 2446; x_wconf 88' lang='lat'>(3).</span> 
     </span>
    </p>

    <p class='ocr_par' dir='ltr' id='par_1_4' title="bbox 213 2456 1206 2538">
     <span class='ocr_line' id='line_1_26' title="bbox 213 2456 1206 2538; baseline 0 -22"><span class='ocrx_word' id='word_1_196' title='bbox 213 2456 385 2533; x_wconf 88' lang='lat' dir='ltr'><em>subjectum</em></span> <span class='ocrx_word' id='word_1_197' title='bbox 398 2461 526 2538; x_wconf 89' lang='lat' dir='ltr'><em>denique</em></span> <span class='ocrx_word' id='word_1_198' title='bbox 539 2462 627 2538; x_wconf 75' lang='lat' dir='ltr'><em>husjus</em></span> <span class='ocrx_word' id='word_1_199' title='bbox 640 2460 822 2521; x_wconf 85' lang='lat' dir='ltr'><em>sacramenti</em></span> <span class='ocrx_word' id='word_1_200' title='bbox 834 2467 880 2520; x_wconf 89' lang='lat' dir='ltr'><em>est</em></span> <span class='ocrx_word' id='word_1_201' title='bbox 900 2460 997 2521; x_wconf 88' lang='lat' dir='ltr'><em>omnis</em></span> <span class='ocrx_word' id='word_1_202' title='bbox 1010 2457 1206 2534; x_wconf 85' lang='lat' dir='ltr'><em>Christianus,</em></span> 
     </span>
    </p>
   </div>
   <div class='ocr_carea' id='block_1_3' title="bbox 180 2545 1210 3159">
    <p class='ocr_par' dir='ltr' id='par_1_5' title="bbox 180 2545 1210 3159">
     <span class='ocr_line' id='line_1_27' title="bbox 180 2545 1207 2626; baseline 0.003 -23"><span class='ocrx_word' id='word_1_203' title='bbox 180 2545 232 2620; x_wconf 90' lang='lat' dir='ltr'><em>qui</em></span> <span class='ocrx_word' id='word_1_204' title='bbox 255 2555 323 2622; x_wconf 88' lang='lat' dir='ltr'><em>post</em></span> <span class='ocrx_word' id='word_1_205' title='bbox 343 2548 522 2625; x_wconf 85' lang='lat' dir='ltr'><em>baptismum</em></span> <span class='ocrx_word' id='word_1_206' title='bbox 539 2549 568 2609; x_wconf 91' lang='lat' dir='ltr'><em>in</em></span> <span class='ocrx_word' id='word_1_207' title='bbox 589 2549 832 2626; x_wconf 67' lang='lat' dir='ltr'><em>pescenninus</em></span> <span class='ocrx_word' id='word_1_208' title='bbox 846 2551 1003 2626; x_wconf 88' lang='lat' dir='ltr'><em>prolapsus</em></span> <span class='ocrx_word' id='word_1_209' title='bbox 1024 2547 1089 2620; x_wconf 86' lang='lat' dir='ltr'><em>tuit,</em></span> <span class='ocrx_word' id='word_1_210' title='bbox 1111 2545 1207 2606; x_wconf 87' lang='lat' dir='ltr'><em>modo</em></span> 
     </span>
     <span class='ocr_line' id='line_1_28' title="bbox 180 2633 1207 2714; baseline 0.002 -22"><span class='ocrx_word' id='word_1_211' title='bbox 180 2633 288 2695; x_wconf 83' lang='lat' dir='ltr'><em>haheat</em></span> <span class='ocrx_word' id='word_1_212' title='bbox 313 2635 523 2712; x_wconf 88' lang='lat' dir='ltr'><em>dispositiones</em></span> <span class='ocrx_word' id='word_1_213' title='bbox 545 2639 583 2698; x_wconf 85' lang='lat' dir='ltr'><em>ad</em></span> <span class='ocrx_word' id='word_1_214' title='bbox 602 2637 819 2698; x_wconf 83' lang='lat' dir='ltr'><em>ahsolutionem</em></span> <span class='ocrx_word' id='word_1_215' title='bbox 837 2639 1078 2714; x_wconf 81' lang='lat' dir='ltr'><em>consequendam</em></span> <span class='ocrx_word' id='word_1_216' title='bbox 1099 2651 1207 2696; x_wconf 88' lang='lat' dir='ltr'><em>ueces-</em></span> 
     </span>
     <span class='ocr_line' id='line_1_29' title="bbox 181 2722 1206 2804; baseline 0.003 -24"><span class='ocrx_word' id='word_1_217' title='bbox 181 2722 285 2782; x_wconf 86' lang='lat' dir='ltr'><em>sarias.</em></span> <span class='ocrx_word' id='word_1_218' title='bbox 302 2729 375 2784; x_wconf 81' lang='lat' dir='ltr'><em>dum</em></span> <span class='ocrx_word' id='word_1_219' title='bbox 396 2735 497 2787; x_wconf 70' lang='lat' dir='ltr'><em>auum</em></span> <span class='ocrx_word' id='word_1_220' title='bbox 520 2728 682 2788; x_wconf 87' lang='lat' dir='ltr'><em>humanum</em></span> <span class='ocrx_word' id='word_1_221' title='bbox 696 2727 734 2787; x_wconf 90' lang='lat' dir='ltr'><em>sit</em></span> <span class='ocrx_word' id='word_1_222' title='bbox 752 2743 888 2804; x_wconf 88' lang='lat' dir='ltr'><em>peccare,</em></span> <span class='ocrx_word' id='word_1_223' title='bbox 912 2728 1001 2788; x_wconf 89' lang='lat' dir='ltr'><em>etiam</em></span> <span class='ocrx_word' id='word_1_224' title='bbox 1015 2727 1206 2802; x_wconf 60' lang='lat' dir='ltr'><em>frequentem</em></span> 
     </span>
     <span class='ocr_line' id='line_1_30' title="bbox 180 2808 1207 2892; baseline 0.004 -24"><span class='ocrx_word' id='word_1_225' title='bbox 180 2808 248 2870; x_wconf 91' lang='lat' dir='ltr'><em>idco</em></span> <span class='ocrx_word' id='word_1_226' title='bbox 263 2814 430 2888; x_wconf 82' lang='lat' dir='ltr'><em>angelicum</em></span> <span class='ocrx_word' id='word_1_227' title='bbox 447 2816 512 2889; x_wconf 88' lang='lat' dir='ltr'><em>crit,</em></span> <span class='ocrx_word' id='word_1_228' title='bbox 538 2833 570 2876; x_wconf 91' lang='lat' dir='ltr'><em>se</em></span> <span class='ocrx_word' id='word_1_229' title='bbox 591 2816 779 2877; x_wconf 83' lang='lat' dir='ltr'><em>consessione</em></span> <span class='ocrx_word' id='word_1_230' title='bbox 794 2833 933 2892; x_wconf 82' lang='lat' dir='ltr'><em>purgare,</em></span> <span class='ocrx_word' id='word_1_231' title='bbox 958 2817 1047 2876; x_wconf 84' lang='lat' dir='ltr'><em>etiam</em></span> <span class='ocrx_word' id='word_1_232' title='bbox 1064 2815 1207 2889; x_wconf 86' lang='lat' dir='ltr'><em>frequen·</em></span> 
     </span>
     <span class='ocr_line' id='line_1_31' title="bbox 183 2901 1210 2977; baseline 0.004 -19"><span class='ocrx_word' id='word_1_233' title='bbox 183 2904 249 2959; x_wconf 89' lang='lat' dir='ltr'><em>tor:</em></span> <span class='ocrx_word' id='word_1_234' title='bbox 266 2918 326 2977; x_wconf 89' lang='lat' dir='ltr'><em>quo</em></span> <span class='ocrx_word' id='word_1_235' title='bbox 341 2903 370 2962; x_wconf 90' lang='lat' dir='ltr'><em>iu</em></span> <span class='ocrx_word' id='word_1_236' title='bbox 383 2921 508 2965; x_wconf 88' lang='lat' dir='ltr'><em>munere</em></span> <span class='ocrx_word' id='word_1_237' title='bbox 523 2922 591 2965; x_wconf 87' lang='lat' dir='ltr'><em>euru</em></span> <span class='ocrx_word' id='word_1_238' title='bbox 607 2905 786 2966; x_wconf 86' lang='lat' dir='ltr'><em>Christianos</em></span> <span class='ocrx_word' id='word_1_239' title='bbox 799 2905 922 2965; x_wconf 89' lang='lat' dir='ltr'><em>nimium</em></span> <span class='ocrx_word' id='word_1_240' title='bbox 939 2905 1056 2965; x_wconf 90' lang='lat' dir='ltr'><em>desides</em></span> <span class='ocrx_word' id='word_1_241' title='bbox 1076 2901 1210 2962; x_wconf 86' lang='lat' dir='ltr'><em>iuvenis-</em></span> 
     </span>
     <span class='ocr_line' id='line_1_32' title="bbox 182 2991 1208 3069; baseline 0.003 -21"><span class='ocrx_word' id='word_1_242' title='bbox 182 2994 229 3048; x_wconf 88' lang='lat' dir='ltr'><em>set</em></span> <span class='ocrx_word' id='word_1_243' title='bbox 250 2991 391 3066; x_wconf 83' lang='lat' dir='ltr'><em>Ecclesia,</em></span> <span class='ocrx_word' id='word_1_244' title='bbox 411 3000 444 3052; x_wconf 92' lang='lat' dir='ltr'><em>ut</em></span> <span class='ocrx_word' id='word_1_245' title='bbox 457 2995 711 3066; x_wconf 73' lang='lat' dir='ltr'><em>communionem,</em></span> <span class='ocrx_word' id='word_1_246' title='bbox 729 2993 773 3053; x_wconf 89' lang='lat' dir='ltr'><em>sic</em></span> <span class='ocrx_word' id='word_1_247' title='bbox 786 3010 914 3053; x_wconf 78' lang='lat' dir='ltr'><em>aurinum</em></span> <span class='ocrx_word' id='word_1_248' title='bbox 929 2991 1071 3069; x_wconf 75' lang='lat' dir='ltr'><em>praecepit</em></span> <span class='ocrx_word' id='word_1_249' title='bbox 1084 2991 1208 3051; x_wconf 79' lang='lat' dir='ltr'><em>Confes-</em></span> 
     </span>
     <span class='ocr_line' id='line_1_33' title="bbox 181 3077 1097 3159; baseline 0.007 -25"><span class='ocrx_word' id='word_1_250' title='bbox 181 3077 306 3153; x_wconf 87' lang='lat' dir='ltr'><em>siouem,</em></span> <span class='ocrx_word' id='word_1_251' title='bbox 321 3089 351 3140; x_wconf 89' lang='lat' dir='ltr'><em>et</em></span> <span class='ocrx_word' id='word_1_252' title='bbox 363 3081 552 3156; x_wconf 81' lang='lat' dir='ltr'><em>gravissimus</em></span> <span class='ocrx_word' id='word_1_253' title='bbox 566 3081 596 3140; x_wconf 92' lang='lat' dir='ltr'><em>in</em></span> <span class='ocrx_word' id='word_1_254' title='bbox 608 3082 797 3142; x_wconf 86' lang='lat' dir='ltr'><em>refractarios</em></span> <span class='ocrx_word' id='word_1_255' title='bbox 807 3099 914 3159; x_wconf 85' lang='lat' dir='ltr'><em>poeuas</em></span> <span class='ocrx_word' id='word_1_256' title='bbox 926 3081 1032 3141; x_wconf 81' lang='lat' dir='ltr'><em>indixit</em></span> <span class='ocrx_word' id='word_1_257' title='bbox 1045 3087 1056 3155; x_wconf 89' lang='lat'>(</span> <span class='ocrx_word' id='word_1_258' title='bbox 1076 3085 1097 3152; x_wconf 91' lang='lat'><em>).</em></span> 
     </span>
    </p>
   </div>
   <div class='ocr_carea' id='block_1_4' title="bbox 181 3237 1208 3667">
    <p class='ocr_par' dir='ltr' id='par_1_6' title="bbox 181 3237 1208 3667">
     <span class='ocr_line' id='line_1_34' title="bbox 216 3237 1204 3306; baseline 0.001 -18"><span class='ocrx_word' id='word_1_259' title='bbox 216 3238 250 3304; x_wconf 89' lang='lat' dir='ltr'><em>(t)</em></span> <span class='ocrx_word' id='word_1_260' title='bbox 271 3239 350 3292; x_wconf 83' lang='lat' dir='ltr'><em>loon.</em></span> <span class='ocrx_word' id='word_1_261' title='bbox 373 3253 394 3290; x_wconf 90' lang='lat' dir='ltr'><em>c.</em></span> <span class='ocrx_word' id='word_1_262' title='bbox 418 3239 457 3291; x_wconf 72' lang='lat'><em>20.</em></span> <span class='ocrx_word' id='word_1_263' title='bbox 479 3267 511 3278; x_wconf 89' lang='lat'><em>-</em></span> <span class='ocrx_word' id='word_1_264' title='bbox 534 3239 570 3306; x_wconf 78' lang='lat' dir='ltr'><em>tt)</em></span> <span class='ocrx_word' id='word_1_265' title='bbox 596 3239 667 3292; x_wconf 80' lang='lat' dir='ltr'><em>Sess.</em></span> <span class='ocrx_word' id='word_1_266' title='bbox 693 3239 730 3301; x_wconf 84' lang='lat' dir='ltr'><em>n,</em></span> <span class='ocrx_word' id='word_1_267' title='bbox 754 3253 776 3292; x_wconf 89' lang='lat' dir='ltr'><em>o.</em></span> <span class='ocrx_word' id='word_1_268' title='bbox 801 3241 824 3291; x_wconf 86' lang='lat'><em>7.</em></span> <span class='ocrx_word' id='word_1_269' title='bbox 852 3267 883 3277; x_wconf 91' lang='lat'><em>-</em></span> <span class='ocrx_word' id='word_1_270' title='bbox 905 3239 941 3304; x_wconf 78' lang='lat' dir='ltr'><em>(l)</em></span> <span class='ocrx_word' id='word_1_271' title='bbox 955 3237 1028 3290; x_wconf 80' lang='lat' dir='ltr'><em>Trid.</em></span> <span class='ocrx_word' id='word_1_272' title='bbox 1046 3239 1089 3290; x_wconf 88' lang='lat' dir='ltr'><em>cit.</em></span> <span class='ocrx_word' id='word_1_273' title='bbox 1108 3237 1157 3290; x_wconf 90' lang='lat' dir='ltr'><em>loc.</em></span> <span class='ocrx_word' id='word_1_274' title='bbox 1176 3265 1204 3278; x_wconf 90' lang='lat'>-</span> 
     </span>
     <span class='ocr_line' id='line_1_35' title="bbox 181 3309 1207 3378; baseline 0 -16"><span class='ocrx_word' id='word_1_275' title='bbox 181 3313 213 3377; x_wconf 77' lang='lat' dir='ltr'><em>(tt</em></span> <span class='ocrx_word' id='word_1_276' title='bbox 228 3313 293 3377; x_wconf 88' lang='lat' dir='ltr'><em>Cup.</em></span> <span class='ocrx_word' id='word_1_277' title='bbox 309 3309 400 3364; x_wconf 78' lang='lat' dir='ltr'><em>amun</em></span> <span class='ocrx_word' id='word_1_278' title='bbox 412 3311 552 3378; x_wconf 63' lang='lat' dir='ltr'><em>trinusque</em></span> <span class='ocrx_word' id='word_1_279' title='bbox 570 3325 648 3364; x_wconf 83' lang='lat' dir='ltr'><em>senus</em></span> <span class='ocrx_word' id='word_1_280' title='bbox 664 3311 701 3370; x_wconf 85' lang='lat' dir='ltr'><em>n,</em></span> <span class='ocrx_word' id='word_1_281' title='bbox 717 3310 750 3362; x_wconf 87' lang='lat' dir='ltr'><em>de</em></span> <span class='ocrx_word' id='word_1_282' title='bbox 764 3311 858 3377; x_wconf 86' lang='lat' dir='ltr'><em>poeult,</em></span> <span class='ocrx_word' id='word_1_283' title='bbox 873 3315 900 3363; x_wconf 91' lang='lat' dir='ltr'><em>et</em></span> <span class='ocrx_word' id='word_1_284' title='bbox 913 3311 1004 3363; x_wconf 85' lang='lat' dir='ltr'><em>remis.</em></span> <span class='ocrx_word' id='word_1_285' title='bbox 1021 3311 1049 3361; x_wconf 91' lang='lat' dir='ltr'><em>iu</em></span> <span class='ocrx_word' id='word_1_286' title='bbox 1064 3324 1116 3376; x_wconf 88' lang='lat' dir='ltr'><em>quo</em></span> <span class='ocrx_word' id='word_1_287' title='bbox 1134 3323 1207 3375; x_wconf 82' lang='lat' dir='ltr'><em>prm·</em></span> 
     </span>
     <span class='ocr_line' id='line_1_36' title="bbox 181 3381 1207 3450; baseline -0.003 -15"><span class='ocrx_word' id='word_1_288' title='bbox 181 3384 320 3446; x_wconf 86' lang='lat' dir='ltr'><em>scribitur,</em></span> <span class='ocrx_word' id='word_1_289' title='bbox 333 3389 364 3434; x_wconf 93' lang='lat' dir='ltr'><em>ut</em></span> <span class='ocrx_word' id='word_1_290' title='bbox 378 3385 465 3436; x_wconf 89' lang='lat' dir='ltr'><em>omnis</em></span> <span class='ocrx_word' id='word_1_291' title='bbox 480 3385 567 3436; x_wconf 79' lang='lat' dir='ltr'><em>tidelis</em></span> <span class='ocrx_word' id='word_1_292' title='bbox 581 3384 722 3450; x_wconf 83' lang='lat' dir='ltr'><em>postquam</em></span> <span class='ocrx_word' id='word_1_293' title='bbox 744 3385 781 3436; x_wconf 87' lang='lat' dir='ltr'><em>aa</em></span> <span class='ocrx_word' id='word_1_294' title='bbox 794 3397 881 3436; x_wconf 87' lang='lat' dir='ltr'><em>annos</em></span> <span class='ocrx_word' id='word_1_295' title='bbox 897 3381 1065 3437; x_wconf 65' lang='lat' dir='ltr'><em>disertioris</em></span> <span class='ocrx_word' id='word_1_296' title='bbox 1081 3395 1207 3446; x_wconf 84' lang='lat' dir='ltr'><em>peruene-</em></span> 
     </span>
     <span class='ocr_line' id='line_1_37' title="bbox 182 3453 1207 3524; baseline -0.005 -16"><span class='ocrx_word' id='word_1_297' title='bbox 182 3455 230 3520; x_wconf 87' lang='lat' dir='ltr'><em>rit,</em></span> <span class='ocrx_word' id='word_1_298' title='bbox 243 3457 335 3508; x_wconf 86' lang='lat' dir='ltr'><em>omnr&#39;a</em></span> <span class='ocrx_word' id='word_1_299' title='bbox 350 3458 482 3510; x_wconf 74' lang='lat' dir='ltr'><em>suaualns</em></span> <span class='ocrx_word' id='word_1_300' title='bbox 495 3461 604 3524; x_wconf 85' lang='lat' dir='ltr'><em>peccota</em></span> <span class='ocrx_word' id='word_1_301' title='bbox 620 3458 715 3509; x_wconf 85' lang='lat' dir='ltr'><em>saltem</em></span> <span class='ocrx_word' id='word_1_302' title='bbox 727 3456 805 3508; x_wconf 78' lang='lat' dir='ltr'><em>sunel</em></span> <span class='ocrx_word' id='word_1_303' title='bbox 821 3456 852 3506; x_wconf 88' lang='lat' dir='ltr'><em>in</em></span> <span class='ocrx_word' id='word_1_304' title='bbox 866 3468 938 3508; x_wconf 87' lang='lat' dir='ltr'><em>unna</em></span> <span class='ocrx_word' id='word_1_305' title='bbox 954 3454 1068 3520; x_wconf 72' lang='lat' dir='ltr'><em>fideliter</em></span> <span class='ocrx_word' id='word_1_306' title='bbox 1079 3453 1207 3518; x_wconf 77' lang='lat' dir='ltr'><em>mutilen-</em></span> 
     </span>
     <span class='ocr_line' id='line_1_38' title="bbox 184 3527 1208 3593; baseline -0.007 -12"><span class='ocrx_word' id='word_1_307' title='bbox 184 3532 230 3581; x_wconf 85' lang='lat' dir='ltr'><em>tur</em></span> <span class='ocrx_word' id='word_1_308' title='bbox 246 3529 355 3593; x_wconf 85' lang='lat' dir='ltr'><em>proprio</em></span> <span class='ocrx_word' id='word_1_309' title='bbox 376 3528 516 3582; x_wconf 83' lang='lat' dir='ltr'><em>sacerdoti.</em></span> <span class='ocrx_word' id='word_1_310' title='bbox 535 3531 736 3593; x_wconf 81' lang='lat' dir='ltr'><em>Consequentur</em></span> <span class='ocrx_word' id='word_1_311' title='bbox 750 3541 843 3579; x_wconf 87' lang='lat' dir='ltr'><em>omues</em></span> <span class='ocrx_word' id='word_1_312' title='bbox 857 3527 951 3579; x_wconf 86' lang='lat' dir='ltr'><em>tideles</em></span> <span class='ocrx_word' id='word_1_313' title='bbox 970 3527 1070 3578; x_wconf 88' lang='lat' dir='ltr'><em>debent</em></span> <span class='ocrx_word' id='word_1_314' title='bbox 1082 3527 1208 3577; x_wconf 84' lang='lat' dir='ltr'><em>contitesi</em></span> 
     </span>
     <span class='ocr_line' id='line_1_39' title="bbox 182 3599 1205 3667; baseline -0.004 -15"><span class='ocrx_word' id='word_1_315' title='bbox 182 3601 291 3666; x_wconf 84' lang='lat' dir='ltr'><em>proprio</em></span> <span class='ocrx_word' id='word_1_316' title='bbox 303 3601 433 3662; x_wconf 79' lang='lat' dir='ltr'><em>l’erocho,</em></span> <span class='ocrx_word' id='word_1_317' title='bbox 449 3600 588 3653; x_wconf 82' lang='lat' dir='ltr'><em>Perochus</em></span> <span class='ocrx_word' id='word_1_318' title='bbox 608 3600 749 3667; x_wconf 85' lang='lat' dir='ltr'><em>Episcopo,</em></span> <span class='ocrx_word' id='word_1_319' title='bbox 763 3603 791 3652; x_wconf 89' lang='lat' dir='ltr'><em>et</em></span> <span class='ocrx_word' id='word_1_320' title='bbox 804 3599 844 3652; x_wconf 89' lang='lat' dir='ltr'><em>sic</em></span> <span class='ocrx_word' id='word_1_321' title='bbox 857 3599 891 3651; x_wconf 88' lang='lat' dir='ltr'><em>de</em></span> <span class='ocrx_word' id='word_1_322' title='bbox 909 3599 972 3652; x_wconf 83' lang='lat' dir='ltr'><em>eliis</em></span> <span class='ocrx_word' id='word_1_323' title='bbox 991 3599 1141 3664; x_wconf 82' lang='lat' dir='ltr'><em>respective</em></span> <span class='ocrx_word' id='word_1_324' title='bbox 1153 3599 1205 3649; x_wconf 80' lang='lat' dir='ltr'><em>Su·</em></span> 
     </span>
    </p>
   </div>
   <div class='ocr_carea' id='block_1_5' title="bbox 0 0 1317 4018">
    <p class='ocr_par' dir='ltr' id='par_1_7' title="bbox 0 0 1317 4018">
     <span class='ocr_line' id='line_1_40' title="bbox 0 0 1317 4018; baseline 0 0"><span class='ocrx_word' id='word_1_325' title='bbox 0 0 1317 4018; x_wconf 95' lang='lat' dir='ltr'><em> </em></span> 
     </span>
    </p>
   </div>
  </div>
 </body>
</html>
