2494 4062
489 119 632 176 ...¹17-

94 229 287 298 lumnicensem
305 237 393 290 Graecl
415 237 588 300 schismatici,
602 243 630 294 et
652 253 713 292 cum
737 253 769 294 ao
783 253 875 296 errore
894 241 1073 302 contraheret.

91 307 251 359 matrimonium
263 309 330 361 toret
343 310 472 372 validum,
487 312 566 362 modo
582 312 743 364 contrahens
759 313 881 365 intendat
894 314 963 364 inire
980 314 1075 366 mutri-

89 377 178 428 nonium
193 381 258 431 sicut
274 395 289 432 e
306 380 414 433 Christo
436 382 488 432 luit
500 382 661 440 institutum,
687 388 714 435 et
728 398 855 436 erroneas
869 385 1031 437 intentiones
1047 387 1075 438 in

87 454 175 511 protum
188 457 212 501 et
224 453 401 504 conditionem
416 467 470 506 non
486 454 610 506 deducat.
626 455 709 506 Porro
724 455 753 506 in
776 455 826 507 hoc
840 470 914 518 casu,
928 463 958 508 ut
974 458 1012 508 eit
1024 457 1074 510 Ba«

87 519 180 572 nedictus
194 522 264 582 XIV,
279 524 403 575 voluntas
418 525 595 577 contrahendi
605 527 684 590 jnxta
698 525 798 579 Christi
809 528 1005 580 institutionem
1017 528 1075 594 pri-

86 593 151 712 gtum
162 593 231 716 il4luntr
241 609 361 650 errorem
377 596 574 662 quodammodo
592 597 730 650 absorbet.
746 599 788 652 De
802 598 901 666 synod.
919 600 964 652 cit.
981 600 1029 654 lib.
1046 602 1074 654 et

109 675 127 729 p.
140 676 162 714 n.
200 679 214 716 e
238 679 313 734 seqq.

110 851 156 909 tlt.
172 855 273 915 Votum
291 860 339 916 est
359 853 479 916 tertium
498 854 742 932 impedimentum
755 854 988 918 matrimonium
1005 852 1076 916 diri-

85 949 153 997 mens.
166 944 284 1004 Nomine
299 951 399 1004 autem
408 942 469 1004 voti
482 944 512 1004 in
527 962 637 1021 genere
651 944 823 1021 intelligitur
834 945 990 1020 promissio
1004 944 1076 1005 ueti-

84 1023 217 1091 ierotelleo
237 1035 321 1108 [ortu
334 1031 370 1092 'de
395 1033 493 1110 aliquo
514 1033 631 1093 meliori
652 1033 736 1108 bono,
751 1033 793 1092 uti
815 1033 853 1092 de
874 1031 1018 1106 castitate,
1039 1032 1077 1096 de

84 1117 147 1190 ouJus
164 1128 228 1180 roto
253 1123 303 1182 hic
330 1122 456 1198 agmins,
481 1123 518 1182 de
541 1130 727 1198 paupertate,
751 1121 928 1194 obedientie,
957 1121 1077 1196 jejnnio‚

83 1207 203 1283 precibus,
218 1218 275 1272 etc.
295 1211 447 1287 Praecipua
460 1211 522 1272 voti
534 1211 639 1271 divisio
652 1221 697 1271 est
710 1211 741 1270 in
761 1211 896 1286 simplem,
912 1210 993 1286 quod
1015 1211 1079 1272 sola

83 1292 180 1370 simplici
203 1299 401 1376 promissione
423 1306 483 1360 Deo
503 1300 581 1360 iacta
603 1301 756 1376 perficitur
774 1308 804 1360 et
825 1299 969 1372 solemne,
997 1297 1079 1374 quod

82 1385 204 1456 porricitur
225 1390 413 1450 solemnitate
430 1391 468 1449 ab
482 1389 613 1451 Ecclesia
633 1388 818 1466 praescripta,
838 1395 872 1450 ut
891 1405 946 1466 per
968 1388 1079 1466 proies·

81 1469 170 1535 sionem
195 1478 384 1554 religiosam,
416 1495 530 1556 perque
567 1495 721 1540 sacrorum
746 1477 890 1540 ordinum
913 1477 1078 1554 susceptio·

81 1574 133 1620 uem
145 1567 192 1634 (l).

106 1654 194 1715 lotum
205 1657 336 1734 simplex
351 1658 493 1718 castitatis
506 1656 727 1718 matrimonium
738 1663 853 1717 tantum
867 1657 1001 1732 impedit,
1016 1673 1078 1716 non

81 1745 157 1801 eutem
173 1744 291 1821 dirimit,
307 1753 341 1806 ut
359 1764 450 1825 supra
470 1745 598 1807 vidimus
622 1751 673 1819 (ἓ).
695 1752 800 1822 lotum
824 1754 924 1807 eutem
946 1748 1079 1806 solemne

80 1824 171 1892 iurare
186 1835 373 1911 protessione
386 1836 523 1912 religiosa
542 1836 684 1896 emissum
708 1836 820 1896 nedum
845 1835 954 1896 dirimit
976 1834 1079 1894 matri-

81 1920 187 1983 monium
199 1925 438 1986 contrahendum
450 1943 457 1998 ;
471 1925 524 1986 sed
539 1924 626 1985 solvit
637 1924 725 1984 etiam
739 1925 822 1998 illud,
835 1925 916 2000 quod
928 1923 983 1984 suit
997 1923 1079 2000 prius

82 2014 248 2088 contractum,
274 2014 439 2074 dummodo
453 2020 552 2097 ratum
573 2021 688 2074 tantum
708 2013 746 2073 eit
759 2019 869 2073 etnon
889 2029 1079 2073 consumme·

81 2097 135 2170 tum,
148 2101 209 2176 quia
225 2121 279 2180 par
299 2085 518 2181 professionem
532 2103 700 2178 religiosam
714 2101 865 2179 spirituale
880 2102 970 2163 initur
984 2101 1080 2163 metri·

81 2186 185 2251 nonium
197 2193 348 2270 corporali
363 2209 547 2270 repugnante,
563 2209 691 2270 quorum
710 2193 840 2267 primum
859 2200 904 2253 est
921 2195 1014 2256 multo
1031 2209 1080 2254 sa·

82 2277 158 2338 cundo
167 2283 363 2344 excellentius
378 2289 389 2357 (
409 2287 430 2353 ).

103 2421 129 2487 (li
142 2425 197 2494 Cep.
214 2431 289 2482 unic.
305 2431 338 2482 de
351 2432 403 2481 vot.
420 2429 448 2480 in
460 2429 475 2480 6
488 2428 536 2480 ubi
550 2429 705 2480 Boniiecius
719 2429 786 2480 Vlll
804 2427 1016 2491 declamantium
1039 2442 1078 2482 so·

81 2487 121 2544 litte
131 2503 212 2553 votum
222 2502 279 2556 dici
293 2500 385 2554 detera
398 2501 542 2552 solemne...
559 2500 860 2566 quodsotcnrne'zzuturn
868 2499 953 2566 fucrit
963 2513 1079 2564 persus·

82 2565 288 2626 terdonensem
303 2571 421 2631 Ordinis,
438 2575 485 2624 out
504 2585 552 2637 per
569 2572 761 2638 professionem
776 2586 936 2638 expressunt,
951 2571 992 2623 oet
1012 2571 1079 2624 taci-

82 2635 123 2687 ton
133 2641 207 2695 micui
219 2645 251 2696 de
263 2643 441 2710 Religionibus
456 2657 503 2710 per
517 2639 612 2695 Sedent
626 2643 804 2710 apostoticam
823 2642 986 2709 approbatis.
1002 2671 1029 2681 -
1045 2644 1081 2711 (i)

82 2701 120 2755 Sed
130 2719 241 2780 exceptio
254 2717 315 2769 fieri
329 2717 411 2769 debet
433 2718 461 2767 in
472 2721 533 2767 voto
550 2714 665 2780 simplici
681 2716 812 2782 castitatis
825 2729 885 2764 cum
900 2715 961 2766 aliis
975 2713 1082 2766 duobus

82 2785 218 2844 muneratis
233 2794 259 2840 et
279 2789 441 2840 obedientiae
463 2789 611 2853 coniuncto,
626 2792 652 2838 et
674 2785 847 2852 elteligiosis
864 2787 999 2838 societatis
1014 2786 1082 2839 iesu

83 2851 166 2913 emisso.
192 2861 264 2925 quod
297 2860 400 2911 dirimit
419 2860 618 2910 matrimonium
639 2858 861 2917 contrahendum,
881 2859 943 2909 licet
968 2864 999 2909 ut
1017 2873 1082 2910 vera

82 2922 187 2980 lraiessio
211 2932 348 2997 religiosa,
365 2932 397 2981 de
412 2944 466 2995 qua
488 2931 568 2994 intra,
582 2943 635 2980 non
649 2931 739 2980 valeat
759 2930 959 2981 matrimonium
982 2936 1080 2994 retum,

82 2992 171 3050 eteutm
178 3009 345 3054 contractum
360 3002 496 3052 dirimere.
508 3002 568 3052 Bal.
579 3002 740 3054 decendente
750 2999 862 3053 domino
873 3001 995 3065 Gregorii
1004 3001 1082 3053 Xlll.

82 3065 142 3140 †(³)
154 3071 199 3122 Cit.
213 3087 271 3140 cop.
288 3075 361 3124 unic.
376 3073 410 3124 de
424 3078 476 3124 vot.
496 3075 525 3122 in
541 3073 565 3134 6,
580 3078 607 3123 et
621 3072 694 3123 Trid.
717 3085 784 3122 sess.
797 3071 837 3136 tl,
852 3085 911 3124 cen.
925 3072 941 3122 t
954 3078 982 3124 et
994 3073 1019 3132 9,
1033 3072 1082 3123 uiri

83 3143 105 3184 m
114 3145 265 3197 manerium
279 3147 434 3198 asserentes
448 3142 685 3196 excommunicatio
697 3143 793 3196 lentur.
