2492 4020
594 189 755 247 -i08-

158 312 348 378 clandestinis
374 311 557 386 oriebantur,
582 309 656 371 dum
684 309 821 370 homines
856 308 1059 384 perditissimi,
1088 309 1194 385 prima

158 421 254 464 uxore
274 401 385 474 relicta,
405 417 474 461 cum
493 417 552 477 qna
577 402 695 460 occulte
718 398 940 459 matrimonium
961 406 1190 472 contraxerant,

159 494 248 554 aliam
260 490 378 567 publice
391 489 551 562 ducebant,
564 505 635 550 cum
649 505 707 564 qua
721 487 750 547 in
766 495 911 566 perpetuo
926 486 1071 546 adulterio
1082 503 1191 548 versa-

159 583 278 655 bantur,
293 579 400 640 similia
413 577 603 638 matrimenia
616 577 699 638 irrita
714 594 847 652 prorsus,
863 582 894 636 et
912 575 994 634 nulla
1007 575 1114 636 effecit.
1133 582 1192 638 lie-

159 677 273 732 cretum
286 669 407 745 quidem
419 667 581 728 Tridentini
595 672 637 740 (2)
653 667 730 726 inter
741 667 799 726 alia
814 666 880 726 baec
891 665 1000 725 babet:
1018 665 1075 734 Oui
1085 666 1190 740 aliter,

158 775 249 836 prtem
269 765 409 834 praesente
423 761 563 834 parocho,
578 755 624 816 vel
642 757 701 815 atio
718 753 864 814 secerdote
882 753 917 812 de
943 753 1034 830 ipsius
1051 755 1190 829 parochi,

158 865 211 909 serr
225 844 379 908 Ordinesr‘i
395 845 523 916 liccmio,
538 852 566 905 ct
579 843 694 905 duobrrs
712 843 758 904 vel
773 843 866 902 tribus
886 842 1005 901 testibus
1025 843 1191 902 protrime-

158 936 246 996 nium
259 933 431 996 contrahere
448 932 645 1003 attentabunt,
667 948 712 991 eos
726 929 838 992 Sancta
853 928 991 1006 Syhedris
1005 930 1045 989 ed
1062 932 1105 990 sie
1120 947 1188 992 σοπ-

159 1023 340 1086 trahendum
354 1023 476 1084 omniuo
494 1021 637 1082 inhabites
656 1020 762 1093 reddit,
781 1019 998 1095 alicujusmodi
1018 1027 1190 1082 contractus

157 1114 258 1176 irritos
268 1111 404 1172 cluullas
419 1127 478 1172 csse
492 1109 629 1183 dsmrhit,
643 1116 732 1185 prout
747 1124 792 1168 eor
804 1107 943 1184 prasenti
957 1107 1068 1168 decreto
1084 1110 1190 1170 irritos

156 1203 228 1280 lecit
239 1208 266 1263 ct
279 1199 431 1262 annullet.
449 1199 561 1260 Deinde
574 1198 737 1259 Concilium
755 1196 889 1268 mandat,
904 1204 938 1256 ut
956 1196 1015 1257 hoc
1028 1197 1190 1260 decretum

157 1290 187 1352 in
206 1307 386 1368 unaquaque
404 1287 547 1366 parocbia
565 1285 743 1364 publicetur,
761 1292 791 1345 et
810 1291 843 1344 ut
862 1292 932 1362 post
950 1286 1069 1362 triginta
1082 1288 1151 1348 dies
1171 1307 1190 1349 a

157 1379 359 1460 publicatione
372 1378 435 1438 rim
448 1375 569 1453 incipiat
582 1376 711 1448 habere3
728 1373 783 1435 sed
797 1373 835 1434 ad
849 1375 1034 1450 probandam
1048 1377 1188 1452 publiea·

156 1469 269 1532 tionem
287 1468 358 1528 olim
384 1468 493 1527 iactam
512 1465 623 1525 suffieit
650 1461 839 1526 observantia
861 1469 892 1524 et
912 1480 995 1540 usus,
1017 1471 1050 1526 nt
1069 1466 1188 1542 pluries

155 1563 184 1622 S.
201 1555 397 1634 congregatio
408 1553 570 1616 declararit
583 1555 635 1627 (3).
666 1573 671 1582 ·

186 1734 223 1802 (l)
238 1733 298 1785 Hoc
308 1730 439 1806 probatur
453 1743 485 1781 ex
494 1741 553 1795 cap.
565 1727 632 1789 ⁴2,de
645 1726 733 1780 elaad.
744 1728 870 1795 despons.
882 1728 952 1780 Nem
964 1726 1003 1779 ibi
1013 1728 1143 1782 Pontifex
1157 1731 1187 1783 in

155 1819 221 1860 essu
235 1803 398 1856 matrimonii
411 1801 519 1858 occulti,
534 1803 561 1851 et
573 1798 733 1851 clandestini
746 1801 877 1869 praecipit,
890 1805 921 1851 ut
934 1802 1062 1866 conjuges
1087 1814 1185 1854 eorum

40 1878 44 1888 '
154 1875 356 1930 matrimonium
364 1871 498 1925 oecultum
506 1871 692 1938 publicantes,
705 1871 740 1922 ab
751 1871 873 1924 Ecclesia
881 1871 1091 1938 recipiantur,et
1100 1879 1134 1924 ut
1143 1887 1188 1926 eo·

155 1963 216 2002 rum
235 1944 437 1998 matrimonium
453 1941 491 1994 ita
505 1942 704 2008 comprobetur,
719 1954 751 1993 ae
772 1942 828 1994 sia
850 1943 983 2010 principio
1005 1943 1032 1993 in
1048 1943 1186 1998 Ecclesiae

155 2021 301 2086 conspectu
311 2016 381 2068 leret
400 2017 585 2070 contractum
600 2015 628 2064 et
643 2013 774 2077 probatur
797 2012 921 2065 similiter
943 2013 1135 2068 aTridentino
1160 2017 1187 2068 in

153 2091 261 2143 decreto
276 2101 338 2140 mex
347 2085 465 2149 citando,
479 2097 548 2137 sess.
557 2083 628 2143 the.
643 2083 664 2134 l.
680 2083 714 2136 dc
728 2085 778 2136 rel.
792 2089 882 2146 matr.;
897 2083 925 2134 in
937 2097 990 2150 quo
1005 2084 1186 2140 matrimonia

154 2158 322 2214 clandestina
336 2155 509 2208 declarantur
522 2156 699 2214 roteetvers,
714 2153 844 2222 quamdiu
858 2153 976 2206 Ecclesia
986 2169 1019 2206 ea
1032 2156 1113 2208 irrita
1126 2171 1183 2210 non

153 2231 264 2286 tecit—
276 2229 312 2295 (i)
327 2228 377 2280 cit.
393 2239 461 2280 sess.
474 2227 515 2292 at,
530 2239 555 2278 e.
573 2225 595 2291 l,
609 2225 702 2279 derel.
717 2231 797 2278 metr.
810 2251 841 2265 -
855 2227 888 2292 (3)
900 2225 1036 2292 zullingon
1045 2226 1080 2280 de
1091 2228 1185 2282 eland.

154 2304 281 2370 despous.
296 2299 360 2369 lui.

189 2503 252 2563 ⁴05.
272 2501 357 2560 Patet
366 2511 405 2556 ex
417 2493 506 2570 hujus
520 2491 632 2553 decreti
646 2491 746 2552 verbis
760 2491 797 2551 ed
808 2491 987 2553 matrimonii
996 2493 1185 2558 redditatem

151 2589 264 2668 requiri
285 2585 397 2664 proprii
421 2581 553 2661 parochi,
578 2582 768 2657 duorumque
785 2582 889 2641 saltem
912 2583 1029 2643 testium
1046 2601 1186 2659 praesen-

152 2681 234 2742 tiam.
250 2683 319 2738 ture
333 2673 447 2752 proprii
462 2671 585 2750 parochi
603 2671 742 2730 fruuntur
763 2670 866 2730 Nuncii
882 2672 1040 2747 Apostolici
1055 2690 1110 2748 pro
1126 2691 1186 2737 sua
1239 2713 1240 2716 =

151 2765 314 2848 provincia,
340 2761 487 2839 Episcopi,
504 2759 607 2820 Viearii
630 2760 812 2834 capitulares
826 2767 857 2820 et
872 2761 1028 2820 Generales
1049 2779 1185 2838 prosus
1239 2797 1240 2838 3

151 2854 292 2927 dioecesi,
315 2868 375 2912 non
391 2866 464 2910 vero
486 2847 590 2908 vicarii
611 2848 733 2908 Foranei
756 2864 812 2924 pre
834 2865 889 2908 sno
911 2849 1056 2922 districtu,
1080 2867 1185 2930 neque
1239 2849 1240 2884 ³

151 2941 369 3022 drebiepiscopi
386 2957 441 3017 pro
456 2955 509 2998 sua
523 2937 688 3014 provincia,
705 2937 761 3002 nisi
777 2937 806 2996 in
830 2948 898 2997 aetra
917 2937 1103 3013 visitationis
1128 2951 1185 3004 aut

151 3036 181 3096 in
197 3051 270 3095 casu
283 3028 500 3108 appellationis.
517 3027 573 3086 Sed
587 3025 725 3102 proprius
741 3025 890 3102 parochus
911 3043 981 3086 rere
995 3025 1047 3108 ille
1057 3026 1183 3108 dicitur,

150 3126 181 3185 in
196 3124 281 3198 cuius
301 3117 443 3196 parochia
467 3113 569 3190 sponsi
589 3113 773 3174 domicilium
796 3113 994 3189 habitationis,
1010 3123 1063 3176 arrt
1077 3119 1184 3194 quasi-

151 3210 334 3274 domicilium
348 3207 472 3274 babent;
496 3219 556 3262 non
576 3219 648 3262 vero
673 3203 732 3274 ille,
758 3202 787 3261 in
812 3205 898 3279 cnjus
916 3204 1057 3280 parocbia
1074 3209 1183 3282 sponsi

149 3300 212 3361 nati
234 3307 314 3370 sunt,
337 3302 368 3358 et
393 3291 544 3369 quondam
563 3290 731 3350 babuerunt
750 3290 933 3352 domicilium
946 3293 1079 3370 originis,
1096 3297 1183 3371 quod

149 3394 310 3467 potuerunt
334 3385 483 3456 deserere,
507 3379 680 3440 atrociter
704 3379 909 3442 deseruerunt.
936 3383 1066 3443 Dicimus
1094 3387 1182 3460 quod

148 3483 310 3556 potuerunt
324 3475 472 3547 deserere,
489 3484 559 3529 nam
581 3468 632 3545 qui
653 3467 793 3543 suijuris
818 3485 879 3529 non
901 3477 982 3544 aunt,
1003 3471 1056 3532 sed
1071 3473 1181 3548 patriae

148 3565 288 3644 potestati
309 3561 445 3640 subjecti,
470 3557 612 3636 quamdiu
633 3555 768 3618 revocari
789 3565 917 3634 pessunt
933 3557 965 3619 in
987 3561 1178 3642 parochiam,
