2592 4018
648 173 792 232 ..ag-s

209 305 244 368 to,
258 315 303 354 ree
324 299 450 352 abacista
468 298 528 356 sele
549 296 599 350 sed
623 289 857 364 si'respondeatr
879 297 1035 366 ,lupacnlrrr
1052 295 1231 362 macerem.

209 374 306 427 crescit
318 369 463 423 difficultas
476 389 484 419 ι
498 367 673 423 nihilominus
688 368 716 420 in
728 371 835 422 delectu
845 369 961 422 aliarum
977 369 1176 436 probationum,
1189 382 1234 420 ax·

210 444 298 512 pesile
312 440 475 508 precedenti
497 443 685 506 responsione,
699 447 787 508 polest
810 441 910 493 lterum
928 440 1086 511 supplicari.
1100 467 1131 480 —
1144 441 1180 506 (5)
1198 440 1233 494 lli

210 521 292 568 testes
305 513 414 580 propria
429 512 640 564 matrimoniales
654 525 709 563 nou
723 517 795 573 aunt,
809 520 838 565 at
851 511 911 564 ideo
931 525 984 563 non
1000 512 1183 577 subjiciuntur
1201 512 1235 562 ri·

210 586 315 654 goroais
329 585 438 636 testium
448 584 686 636 matrimonialium
701 584 828 650 legibus:
851 583 899 635 sad
915 584 1096 647 interrogandi
1109 585 1173 634 sunt
1188 595 1236 647 per

208 657 327 724 judicem
345 655 378 706 ad
394 655 480 705 instar
493 655 602 705 testium
615 655 863 714 matrimonialium,
887 659 914 705 et
931 654 1089 719 exquirendi
1102 655 1137 704 de
1153 667 1236 705 causa

212 728 342 784 scientiar.
350 727 518 790 utlegitims,
526 728 554 776 et
565 726 756 777 concludenter
771 725 914 791 deponant.
926 753 956 763 -
966 725 1002 790 (ti)
1016 725 1081 775 llaec
1093 724 1237 777 instructio

212 799 265 852 diei
280 801 311 851 20
326 802 395 862 Aug.
409 797 477 855 toro.
493 797 609 851 retertur
629 797 769 848 aGiraldo
785 799 819 848 ad
835 811 895 862 cap.
913 797 941 848 tlt
955 796 989 848 de
1007 809 1097 862 spons.
1116 803 1143 847 et
1156 801 1235 848 metr.

212 875 240 923 st
253 871 287 921 ab
302 869 378 929 oliis3
393 875 537 919 astantem
552 867 653 919 waaris
668 869 805 933 sequentis
819 887 825 918 ε
840 869 863 918 l·
876 867 965 919 Testis
977 874 1118 918 moneatur
1131 867 1165 918 de
1178 881 1239 932 gre-

212 943 295 994 vilate
308 939 465 1006 juramenti,
481 945 531 990 cte.
542 939 568 988 i·
579 937 762 1004 Interrogatur
776 939 810 992 de
824 940 942 996 nomine,
956 941 1123 1004 cognomine,
1138 939 1237 1004 patria,

213 1017 301 1072 elau,
315 1011 452 1074 exercitio,
466 1013 494 1062 et
508 1009 680 1060 habitatione.
706 1012 731 1062 ³⁰
750 1010 802 1062 lut.
819 1024 854 1062 an
872 1011 908 1062 sit
925 1011 1002 1070 civis,
1019 1011 1063 1061 vel
1077 1016 1196 1070 exterus,
1213 1013 1240 1062 et

215 1087 348 1150 quatenus
362 1081 397 1132 sil
419 1088 536 1138 exterus,
553 1087 683 1151 aquamo
698 1085 818 1147 tempore
839 1087 881 1133 ast
902 1082 931 1133 in
954 1081 1021 1141 loco,
1037 1081 1065 1132 in
1085 1095 1138 1149 quo
1161 1082 1240 1134 tastis

215 1157 274 1221 ipse
286 1153 403 1220 deponit.
420 1152 445 1204 l·
460 1152 511 1202 lnt.
527 1163 560 1201 an
576 1153 610 1202 ad
620 1165 731 1203 examen
747 1153 892 1204 accesserit
905 1153 1063 1218 spontanei
1078 1153 1240 1220 requisitum

217 1227 240 1279 si
254 1226 353 1278 dixerit
365 1223 511 1275 accessisse
536 1227 631 1289 sponte
652 1225 793 1276 anemius
819 1224 974 1290 requisitus,
997 1223 1157 1290 dimittatur,
1177 1225 1242 1291 quia

217 1297 392 1364 praesumitur
405 1296 518 1345 mendax
534 1311 541 1354 ς
555 1295 579 1344 ai
595 1307 658 1345 vero
672 1294 772 1347 dixerit
784 1295 931 1348 accessisse
951 1297 1106 1360 requisitus,
1124 1296 1241 1348 interro·

218 1375 297 1436 gesur
313 1380 405 1432 aquo,
422 1365 491 1416 vols
504 1365 604 1431 quihus
620 1366 678 1426 ubi,
693 1369 809 1431 quando,
823 1367 966 1433 quomodo,
981 1381 1070 1418 coram
1090 1368 1200 1434 quihus,
1216 1371 1244 1422 et

219 1440 323 1506 quoties
337 1439 418 1490 luerit
432 1437 588 1501 requisitus,
610 1443 637 1486 et
653 1451 688 1486 an
702 1439 769 1489 sciat
783 1439 879 1490 adesse
895 1437 1004 1504 aliquod
1019 1439 1243 1504 impedimentum

200 1505 289 1562 'inter
304 1508 461 1560 contrahere
474 1505 605 1558 volentes.
617 1508 643 1556 5·
655 1507 706 1558 lut.
721 1521 755 1558 en
770 1509 822 1559 sihi
837 1522 885 1573 pro
901 1507 951 1560 hcc
968 1510 1119 1561 testimonio
1132 1509 1244 1561 terendo

219 1581 302 1633 luerit
314 1578 417 1644 aliquid
429 1577 530 1637 datum,
546 1577 718 1642 promissum,
732 1579 885 1638 remissum,
898 1579 941 1630 vel
960 1579 1079 1631 oblatum
1099 1595 1114 1630 a
1135 1589 1244 1632 centra·

219 1651 284 1703 here
298 1647 512 1705 nolentibusve
534 1647 569 1699 ab
588 1649 638 1698 alio
660 1651 778 1714 ipsorum
793 1651 909 1701 nomine.
932 1650 957 1700 d·
977 1650 1027 1702 int.
1050 1665 1085 1702 an
1101 1653 1247 1715 cognoscet

220 1724 295 1789 ipsos
316 1720 475 1772 contrahere
491 1717 618 1780 volentes,
633 1725 689 1771 eta
712 1725 812 1786 quuutc
837 1729 967 1788 tempore,
989 1723 1017 1773 ln
1031 1735 1085 1788 quc
1108 1721 1177 1784 loco,
1191 1735 1247 1788 qna

221 1793 369 1850 occasione,
386 1790 428 1842 vel
442 1791 521 1854 cujus
534 1790 679 1855 qualitatis,
697 1800 722 1842 et
737 1791 897 1843 conditionis
913 1794 1038 1845 existant.
1053 1794 1082 1843 Sl
1095 1794 1245 1858 responde-

222 1865 258 1917 rlt
271 1867 403 1930 negative,
418 1860 493 1911 testis
507 1859 676 1922 dimicatum
691 1863 714 1913 ai
729 1877 794 1914 vero
806 1862 972 1916 nlllrmetiue.
988 1867 1013 1917 7·
1028 1865 1120 1918 luten
1137 1870 1246 1916 contra-

222 1935 287 1987 here
297 1933 417 1984 volentes
431 1931 486 1982 sint
500 1931 580 1993 cives,
596 1932 638 1982 vel
653 1933 735 1984 exteri
753 1934 795 1985 :si
811 1937 979 2000 responderit
993 1949 1053 1988 esse
1069 1941 1187 1996 exteros,
1200 1949 1247 1986 su·

223 2005 399 2072 persedeelur
421 2002 448 2052 in
472 2001 580 2052 licentia
601 2005 785 2066 contrahendi,
808 2006 894 2058 donec
914 2021 963 2076 per
985 2008 1087 2058 litteras
1112 2005 1249 2060 ordinarii

223 2079 343 2144 ipsorum
358 2073 516 2125 contrahere
533 2073 688 2138 volentium,
704 2076 831 2128 doceatur
850 2079 883 2129 de
905 2091 997 2130 eorum
1016 2084 1087 2132 stetu
1103 2077 1191 2128 libero
1214 2079 1248 2128 de

224 2161 255 2200 eo
267 2153 395 2212 tempore,
413 2157 465 2210 quo
480 2153 687 2208 permanserunt
702 2146 729 2196 in
743 2160 792 2198 sua
803 2149 920 2212 civitate,
937 2150 977 2200 vel
992 2149 1113 2202 dioecesi.
1126 2149 1167 2199 Ad
1185 2163 1249 2214 pro·

225 2219 344 2271 handum
359 2230 422 2267 vcro
442 2216 598 2267 eorumdem
612 2217 769 2268 contrahere
782 2220 929 2271 volentium
951 2225 1050 2271 statum
1063 2219 1181 2270 liberum
1202 2233 1251 2284 pro

228 2289 333 2354 reliquo
346 2289 476 2354 temporis
490 2287 586 2352 spatio,
604 2288 707 2338 seilicet
720 2301 804 2356 usque
819 2289 853 2340 ad
875 2298 991 2357 tempus,
1005 2304 1057 2356 quo
1072 2291 1165 2342 volunt
1187 2303 1251 2342 coo·

225 2359 343 2421 trahere,
358 2359 535 2410 adurltlantur
549 2364 631 2408 testes
646 2359 741 2418 idonei,
757 2361 803 2426 qui
821 2361 939 2425 legitime
958 2367 984 2412 et
997 2360 1191 2414 concludenter
1203 2361 1251 2414 de-

225 2435 327 2496 ponant
339 2435 438 2480 emtum
453 2429 567 2479 liberum
578 2429 736 2481 contrahere
746 2433 901 2497 volentium,
914 2439 940 2484 et
949 2432 1063 2484 reddant
1074 2433 1253 2486 sufficientem

227 2503 356 2554 rationein
372 2513 461 2550 cause
477 2513 568 2550 eorum
584 2499 713 2558 scientiae.
728 2501 831 2569 ubsque
853 2519 883 2556 eo
899 2505 970 2570 quod
990 2513 1132 2557 teneantur
1146 2505 1254 2556 delurre

228 2573 414 2625 attestationes
428 2570 632 2623 ordinariorum
653 2573 782 2637 locorum,
797 2574 938 2641 inquibus
953 2576 1110 2628 contrahere
1132 2577 1256 2628 volentes

229 2657 333 2696 moram
347 2645 496 2694 traxerunt.
508 2641 537 2692 Si
555 2655 618 2693 vero
633 2645 810 2710 responderit,
826 2648 982 2698 contrahere
998 2647 1119 2699 volentes
1140 2661 1204 2700 esse
1218 2648 1257 2700 ci·

230 2730 287 2768 ves.
299 2718 325 2767 8⁰
340 2715 391 2765 lut.
407 2715 458 2766 sub
475 2727 528 2780 quc
542 2713 670 2780 parochie
682 2716 813 2768 imotenus
834 2719 992 2770 contrahere
1008 2718 1129 2770 volentes
1147 2719 1256 2771 habitu·

232 2793 305 2844 runt,
321 2786 363 2836 vel
384 2785 506 2836 habiteut
519 2782 552 2835 de
574 2785 700 2849 presenti
722 2807 729 2836 ι
752 2789 815 2840 item
836 2803 871 2840 au
891 2789 967 2842 testis
986 2791 1062 2852 sciat,
1083 2789 1205 2855 aliquem
1226 2803 1258 2841 cx

232 2857 370 2924 predictis
387 2856 544 2907 contrahere
567 2855 720 2910 volentibus
738 2861 899 2928 quandoque
922 2862 1050 2912 hahuisse
1069 2875 1193 2922 uxorem,
1217 2861 1259 2913 vel

233 2929 370 2980 maritum.
384 2926 412 2977 Si
430 2927 597 2992 responderit
611 2928 778 2992 allirmolive,
793 2947 846 2982 non
874 2935 1035 3000 procedatur
1055 2933 1088 2982 cd
1110 2933 1259 2992 licentium,

233 2999 286 3050 olai
300 2998 482 3063 producantur
494 2997 665 3057 authenticae,
682 3007 709 3052 et
729 3002 830 3066 legales
845 3005 1037 3054 attestationes.
1053 3003 1094 3054 vel
1109 3008 1194 3055 testes
1210 3005 1261 3055 lide

232 3071 317 3136 digni,
334 3073 362 3119 et
377 3068 559 3119 verisimiliter
573 3069 707 3140 informati
722 3073 755 3124 de
775 3075 851 3124 obitu
872 3077 994 3140 conjugis
1006 3075 1180 3126 defunctissi
1196 3089 1260 3127 vero

207 3169 211 3182 ι
233 3141 311 3192 testis
332 3139 510 3205 responderit,
530 3153 583 3190 nun
605 3141 732 3195 habuisse
752 3158 873 3208 uxorem,
888 3148 931 3197 vel
952 3149 1077 3197 maritum
1098 3150 1125 3200 9·
1148 3150 1202 3202 int.
1228 3151 1262 3201 de

234 3224 317 3264 causa
330 3212 459 3271 scientie,
474 3216 501 3261 et
513 3225 548 3261 an
569 3213 605 3263 sit
625 3215 765 3278 possibile,
790 3216 860 3282 quod
880 3217 979 3282 aliquis
1001 3231 1034 3269 ex
1054 3219 1110 3270 illis
1132 3219 1263 3274 hahuerit

234 3295 356 3340 uxorem,
378 3283 419 3332 rel
436 3283 569 3344 maritum,
586 3289 613 3334 el
630 3285 701 3350 quod
726 3287 785 3351 ipse
806 3289 883 3338 testis
907 3289 1018 3339 nesciat.
1040 3287 1069 3340 Si
1089 3292 1264 3354 responderit

235 3351 402 3414 affirmative,
417 3353 634 3420 supersedeatur,
647 3357 700 3407 nisi
715 3371 747 3409 ex
763 3357 824 3409 aliis
833 3359 950 3410 testibus
964 3359 1091 3424 probatur
1101 3361 1265 3412 concluden-

235 3429 277 3477 ter
290 3437 344 3476 non
358 3423 487 3476 hahuisse
503 3438 624 3486 uxorem,
641 3427 684 3478 vel
700 3429 836 3480 meritum.
860 3431 888 3480 Si
908 3443 970 3482 vero
994 3431 1164 3498 responderit
1178 3445 1263 3500 nega·

236 3498 291 3548 llus
307 3495 348 3548 itt·
360 3495 412 3546 lut.
428 3495 462 3546 de
476 3509 558 3547 causa
570 3498 692 3550 scientie
710 3513 743 3552 ex
758 3514 812 3570 qua
825 3499 921 3557 deinde
935 3501 1023 3568 judex
1036 3502 1166 3566 colligere
1184 3510 1263 3568 pote·

234 3569 278 3633 rlt,
291 3581 328 3621 an
343 3567 406 3621 testi
421 3568 457 3654 sit
476 3565 602 3621 hahendo
620 3569 697 3622 tides.
716 3570 746 3623 Si
767 3571 938 3639 responderit
960 3573 1118 3626 contrahere
1139 3575 1266 3628 volentes
