<?xml version="1.0" encoding="UTF-8"?>
<!DOCTYPE html PUBLIC "-//W3C//DTD XHTML 1.0 Transitional//EN"
    "http://www.w3.org/TR/xhtml1/DTD/xhtml1-transitional.dtd">
<html xmlns="http://www.w3.org/1999/xhtml" xml:lang="en" lang="en">
 <head>
  <title>
</title>
<meta http-equiv="Content-Type" content="text/html;charset=utf-8" />
  <meta name='ocr-system' content='tesseract 3.04.00' />
  <meta name='ocr-capabilities' content='ocr_page ocr_carea ocr_par ocr_line ocrx_word'/>
</head>
<body>
  <div class='ocr_page' id='page_1' title='image "./summainstitutio01ferrgoog_0369.png"; bbox 0 0 2524 4080; ppageno 0'>
   <div class='ocr_carea' id='block_1_1' title="bbox 577 163 739 218">
    <p class='ocr_par' dir='ltr' id='par_1_1' title="bbox 577 163 739 218">
     <span class='ocr_line' id='line_1_1' title="bbox 577 163 739 218; baseline 0 -17"><span class='ocrx_word' id='word_1_1' title='bbox 577 163 739 218; x_wconf 73' lang='lat'><strong>..353-</strong></span> 
     </span>
    </p>
   </div>
   <div class='ocr_carea' id='block_1_2' title="bbox 152 282 1169 362">
    <p class='ocr_par' dir='ltr' id='par_1_2' title="bbox 152 282 1245 362">
     <span class='ocr_line' id='line_1_2' title="bbox 152 282 1169 362; baseline -0.009 -12"><span class='ocrx_word' id='word_1_2' title='bbox 152 285 277 350; x_wconf 87' lang='lat' dir='ltr'>minium</span> <span class='ocrx_word' id='word_1_3' title='bbox 294 284 393 348; x_wconf 85' lang='lat' dir='ltr'>stetim</span> <span class='ocrx_word' id='word_1_4' title='bbox 406 285 556 358; x_wconf 79' lang='lat' dir='ltr'><strong>transfert,</strong></span> <span class='ocrx_word' id='word_1_5' title='bbox 574 282 644 346; x_wconf 90' lang='lat' dir='ltr'>etsi</span> <span class='ocrx_word' id='word_1_6' title='bbox 663 283 701 344; x_wconf 92' lang='lat' dir='ltr'>sit</span> <span class='ocrx_word' id='word_1_7' title='bbox 719 289 834 346; x_wconf 86' lang='lat' dir='ltr'>tnntmn</span> <span class='ocrx_word' id='word_1_8' title='bbox 852 285 1014 356; x_wconf 82' lang='lat' dir='ltr'>coloratus,</span> <span class='ocrx_word' id='word_1_9' title='bbox 1035 285 1082 346; x_wconf 79' lang='lat' dir='ltr'>vel</span> <span class='ocrx_word' id='word_1_10' title='bbox 1095 301 1169 362; x_wconf 87' lang='lat' dir='ltr'>prae-</span> 
     </span>
    </p>
   </div>
   <div class='ocr_carea' id='block_1_3' title="bbox 153 369 1245 540">
    <p class='ocr_par' dir='ltr' id='par_1_3' title="bbox 153 369 1245 540">
     <span class='ocr_line' id='line_1_3' title="bbox 153 369 1245 452; baseline -0.002 -16"><span class='ocrx_word' id='word_1_11' title='bbox 153 383 300 452; x_wconf 89' lang='lat' dir='ltr'>sumptus,</span> <span class='ocrx_word' id='word_1_12' title='bbox 321 376 369 434; x_wconf 82' lang='lat' dir='ltr'>vel</span> <span class='ocrx_word' id='word_1_13' title='bbox 382 372 532 450; x_wconf 87' lang='lat' dir='ltr'>putativus</span> <span class='ocrx_word' id='word_1_14' title='bbox 551 373 601 450; x_wconf 90' lang='lat' dir='ltr'>J&#39;us</span> <span class='ocrx_word' id='word_1_15' title='bbox 614 373 727 450; x_wconf 85' lang='lat' dir='ltr'>praebet</span> <span class='ocrx_word' id='word_1_16' title='bbox 740 371 960 450; x_wconf 78' lang='lat' dir='ltr'>prescribendi.</span> <span class='ocrx_word' id='word_1_17' title='bbox 977 373 1060 434; x_wconf 88' lang='lat' dir='ltr'>Unde</span> <span class='ocrx_word' id='word_1_18' title='bbox 1071 373 1171 436; x_wconf 91' lang='lat' dir='ltr'>titulus</span> <span class='ocrx_word' id='word_1_19' title='bbox 1244 369 1245 442; x_wconf 61' lang='grc' dir='ltr'><strong>ᾗ</strong></span> 
     </span>
     <span class='ocr_line' id='line_1_4' title="bbox 153 461 1245 540; baseline -0.008 -15"><span class='ocrx_word' id='word_1_20' title='bbox 153 481 203 525; x_wconf 85' lang='lat' dir='ltr'>ex.</span> <span class='ocrx_word' id='word_1_21' title='bbox 212 481 257 540; x_wconf 78' lang='lat' dir='ltr'>gr.</span> <span class='ocrx_word' id='word_1_22' title='bbox 266 461 456 534; x_wconf 83' lang='lat' dir='ltr'>commodnti,</span> <span class='ocrx_word' id='word_1_23' title='bbox 465 461 601 537; x_wconf 80' lang='lat' dir='ltr'>precarii,</span> <span class='ocrx_word' id='word_1_24' title='bbox 613 461 748 539; x_wconf 88' lang='lat' dir='ltr'>depositi,</span> <span class='ocrx_word' id='word_1_25' title='bbox 758 467 951 535; x_wconf 85' lang='lat' dir='ltr'>etc„uonest</span> <span class='ocrx_word' id='word_1_26' title='bbox 956 462 1056 538; x_wconf 84' lang='lat' dir='ltr'>justus</span> <span class='ocrx_word' id='word_1_27' title='bbox 1064 463 1172 537; x_wconf 90' lang='lat' dir='ltr'>titulus,</span> <span class='ocrx_word' id='word_1_28' title='bbox 1244 501 1245 516; x_wconf 64' lang='grc'>,</span> 
     </span>
    </p>
   </div>
   <div class='ocr_carea' id='block_1_4' title="bbox 154 549 1245 628">
    <p class='ocr_par' dir='ltr' id='par_1_4' title="bbox 154 549 1245 628">
     <span class='ocr_line' id='line_1_5' title="bbox 154 549 1245 628; baseline -0.002 -14"><span class='ocrx_word' id='word_1_29' title='bbox 154 559 184 614; x_wconf 90' lang='lat' dir='ltr'>et</span> <span class='ocrx_word' id='word_1_30' title='bbox 193 553 244 628; x_wconf 85' lang='lat' dir='ltr'>J&#39;us</span> <span class='ocrx_word' id='word_1_31' title='bbox 262 551 301 610; x_wconf 88' lang='lat' dir='ltr'>ed</span> <span class='ocrx_word' id='word_1_32' title='bbox 323 550 579 628; x_wconf 85' lang='lat' dir='ltr'>praescribendum</span> <span class='ocrx_word' id='word_1_33' title='bbox 592 569 652 612; x_wconf 91' lang='lat' dir='ltr'>non</span> <span class='ocrx_word' id='word_1_34' title='bbox 667 551 791 628; x_wconf 86' lang='lat' dir='ltr'>praebet,</span> <span class='ocrx_word' id='word_1_35' title='bbox 806 551 874 628; x_wconf 83' lang='lat' dir='ltr'>quie</span> <span class='ocrx_word' id='word_1_36' title='bbox 887 549 938 628; x_wconf 90' lang='lat' dir='ltr'>qui</span> <span class='ocrx_word' id='word_1_37' title='bbox 953 551 1095 626; x_wconf 80' lang='lat' dir='ltr'>possidet,</span> <span class='ocrx_word' id='word_1_38' title='bbox 1114 567 1175 610; x_wconf 90' lang='lat' dir='ltr'>non</span> <span class='ocrx_word' id='word_1_39' title='bbox 1244 589 1245 612; x_wconf 63' lang='lat'>2</span> 
     </span>
    </p>
   </div>
   <div class='ocr_carea' id='block_1_5' title="bbox 153 639 1174 718">
    <p class='ocr_par' dir='ltr' id='par_1_5' title="bbox 153 639 1174 718">
     <span class='ocr_line' id='line_1_6' title="bbox 153 639 1174 718; baseline 0 -18"><span class='ocrx_word' id='word_1_40' title='bbox 153 640 287 718; x_wconf 80' lang='lat' dir='ltr'>possidet</span> <span class='ocrx_word' id='word_1_41' title='bbox 298 647 332 700; x_wconf 88' lang='lat' dir='ltr'>ut</span> <span class='ocrx_word' id='word_1_42' title='bbox 345 639 493 700; x_wconf 92' lang='lat' dir='ltr'>domiuus.</span> <span class='ocrx_word' id='word_1_43' title='bbox 508 644 608 700; x_wconf 86' lang='lat' dir='ltr'>Justus</span> <span class='ocrx_word' id='word_1_44' title='bbox 628 645 729 701; x_wconf 88' lang='lat' dir='ltr'>autem</span> <span class='ocrx_word' id='word_1_45' title='bbox 742 639 844 700; x_wconf 88' lang='lat' dir='ltr'>titulus</span> <span class='ocrx_word' id='word_1_46' title='bbox 858 657 897 700; x_wconf 80' lang='lat' dir='ltr'>eu</span> <span class='ocrx_word' id='word_1_47' title='bbox 907 641 974 715; x_wconf 84' lang='lat' dir='ltr'>jure</span> <span class='ocrx_word' id='word_1_48' title='bbox 993 640 1024 700; x_wconf 91' lang='lat' dir='ltr'>in</span> <span class='ocrx_word' id='word_1_49' title='bbox 1038 640 1174 717; x_wconf 86' lang='lat' dir='ltr'>praescri-</span> 
     </span>
    </p>
   </div>
   <div class='ocr_carea' id='block_1_6' title="bbox 153 723 1245 806">
    <p class='ocr_par' dir='ltr' id='par_1_6' title="bbox 153 723 1245 806">
     <span class='ocr_line' id='line_1_7' title="bbox 153 723 1245 806; baseline -0.01 -15"><span class='ocrx_word' id='word_1_50' title='bbox 153 727 255 806; x_wconf 91' lang='lat' dir='ltr'>ptione</span> <span class='ocrx_word' id='word_1_51' title='bbox 267 727 462 806; x_wconf 76' lang='lat' dir='ltr'>requiritur(</span> <span class='ocrx_word' id='word_1_52' title='bbox 468 733 491 802; x_wconf 90' lang='lat'>)</span> <span class='ocrx_word' id='word_1_53' title='bbox 505 734 535 788; x_wconf 92' lang='lat' dir='ltr'>et</span> <span class='ocrx_word' id='word_1_54' title='bbox 548 728 668 806; x_wconf 79' lang='lat' dir='ltr'>quidem</span> <span class='ocrx_word' id='word_1_55' title='bbox 679 728 719 788; x_wconf 91' lang='lat' dir='ltr'>ad</span> <span class='ocrx_word' id='word_1_56' title='bbox 730 727 880 804; x_wconf 77' lang='lat' dir='ltr'>duplicem</span> <span class='ocrx_word' id='word_1_57' title='bbox 900 728 1001 800; x_wconf 87' lang='lat' dir='ltr'>duem,</span> <span class='ocrx_word' id='word_1_58' title='bbox 1017 744 1125 804; x_wconf 84' lang='lat' dir='ltr'>nempe</span> <span class='ocrx_word' id='word_1_59' title='bbox 1139 727 1175 788; x_wconf 84' lang='lat' dir='ltr'>ad</span> <span class='ocrx_word' id='word_1_60' title='bbox 1244 723 1245 754; x_wconf 74' lang='lat'>³</span> 
     </span>
    </p>
   </div>
   <div class='ocr_carea' id='block_1_7' title="bbox 85 815 1174 984">
    <p class='ocr_par' dir='ltr' id='par_1_7' title="bbox 85 815 1174 984">
     <span class='ocr_line' id='line_1_8' title="bbox 85 815 1174 896; baseline -0.002 -16"><span class='ocrx_word' id='word_1_61' title='bbox 85 860 87 866; x_wconf 70' lang='lat'>,</span> <span class='ocrx_word' id='word_1_62' title='bbox 153 817 257 880; x_wconf 91' lang='lat' dir='ltr'>vitium</span> <span class='ocrx_word' id='word_1_63' title='bbox 268 819 354 880; x_wconf 77' lang='lat' dir='ltr'>mete</span> <span class='ocrx_word' id='word_1_64' title='bbox 372 817 441 877; x_wconf 83' lang='lat' dir='ltr'>fidei</span> <span class='ocrx_word' id='word_1_65' title='bbox 462 817 661 894; x_wconf 82' lang='lat' dir='ltr'>pungendum,</span> <span class='ocrx_word' id='word_1_66' title='bbox 677 823 708 880; x_wconf 91' lang='lat' dir='ltr'>et</span> <span class='ocrx_word' id='word_1_67' title='bbox 720 817 760 878; x_wconf 87' lang='lat' dir='ltr'>ed</span> <span class='ocrx_word' id='word_1_68' title='bbox 772 817 1027 896; x_wconf 74' lang='lat' dir='ltr'>praescriptionem</span> <span class='ocrx_word' id='word_1_69' title='bbox 1045 815 1174 880; x_wconf 85' lang='lat' dir='ltr'>breviori</span> 
     </span>
     <span class='ocr_line' id='line_1_9' title="bbox 156 907 522 984; baseline -0.006 -14"><span class='ocrx_word' id='word_1_70' title='bbox 156 913 290 984; x_wconf 87' lang='lat' dir='ltr'>tempore</span> <span class='ocrx_word' id='word_1_71' title='bbox 304 907 522 984; x_wconf 76' lang='lat' dir='ltr'><strong>complendam.</strong></span> 
     </span>
    </p>
   </div>
   <div class='ocr_carea' id='block_1_8' title="bbox 188 1067 566 1138">
    <p class='ocr_par' dir='ltr' id='par_1_8' title="bbox 188 1067 566 1138">
     <span class='ocr_line' id='line_1_10' title="bbox 188 1067 566 1138; baseline -0.008 -16"><span class='ocrx_word' id='word_1_72' title='bbox 188 1067 222 1135; x_wconf 81' lang='lat' dir='ltr'>tt)</span> <span class='ocrx_word' id='word_1_73' title='bbox 234 1068 297 1138; x_wconf 79' lang='lat' dir='ltr'>unp.</span> <span class='ocrx_word' id='word_1_74' title='bbox 315 1068 353 1132; x_wconf 88' lang='lat' dir='ltr'>u,</span> <span class='ocrx_word' id='word_1_75' title='bbox 366 1067 400 1121; x_wconf 90' lang='lat' dir='ltr'>de</span> <span class='ocrx_word' id='word_1_76' title='bbox 412 1067 566 1136; x_wconf 77' lang='lat' dir='ltr'>prescript.</span> 
     </span>
    </p>
   </div>
   <div class='ocr_carea' id='block_1_9' title="bbox 157 1297 1181 3330">
    <p class='ocr_par' dir='ltr' id='par_1_9' title="bbox 157 1297 1180 3330">
     <span class='ocr_line' id='line_1_11' title="bbox 192 1297 1177 1376; baseline -0.002 -16"><span class='ocrx_word' id='word_1_77' title='bbox 192 1302 255 1360; x_wconf 82' lang='grc'>633.</span> <span class='ocrx_word' id='word_1_78' title='bbox 274 1297 380 1360; x_wconf 79' lang='lat' dir='ltr'>Ultima</span> <span class='ocrx_word' id='word_1_79' title='bbox 393 1297 524 1360; x_wconf 91' lang='lat' dir='ltr'>conditio</span> <span class='ocrx_word' id='word_1_80' title='bbox 538 1297 771 1376; x_wconf 80' lang='lat' dir='ltr'>praescriptionis</span> <span class='ocrx_word' id='word_1_81' title='bbox 790 1298 852 1360; x_wconf 91' lang='lat' dir='ltr'>duo</span> <span class='ocrx_word' id='word_1_82' title='bbox 865 1297 1103 1375; x_wconf 88' lang='lat' dir='ltr'>comprehendit,</span> <span class='ocrx_word' id='word_1_83' title='bbox 1122 1299 1177 1360; x_wconf 86' lang='lat' dir='ltr'>sci·</span> 
     </span>
     <span class='ocr_line' id='line_1_12' title="bbox 157 1385 1175 1466; baseline 0 -18"><span class='ocrx_word' id='word_1_84' title='bbox 157 1385 227 1448; x_wconf 86' lang='lat' dir='ltr'>ticet</span> <span class='ocrx_word' id='word_1_85' title='bbox 252 1387 483 1464; x_wconf 88' lang='lat' dir='ltr'>possessionem,</span> <span class='ocrx_word' id='word_1_86' title='bbox 498 1393 529 1448; x_wconf 90' lang='lat' dir='ltr'>et</span> <span class='ocrx_word' id='word_1_87' title='bbox 545 1394 674 1464; x_wconf 88' lang='lat' dir='ltr'>tempus,</span> <span class='ocrx_word' id='word_1_88' title='bbox 698 1403 758 1464; x_wconf 89' lang='lat' dir='ltr'>quo</span> <span class='ocrx_word' id='word_1_89' title='bbox 781 1387 931 1466; x_wconf 84' lang='lat' dir='ltr'>possessio</span> <span class='ocrx_word' id='word_1_90' title='bbox 945 1387 1034 1448; x_wconf 88' lang='lat' dir='ltr'>debet</span> <span class='ocrx_word' id='word_1_91' title='bbox 1059 1388 1175 1448; x_wconf 86' lang='lat' dir='ltr'>durare.</span> 
     </span>
     <span class='ocr_line' id='line_1_13' title="bbox 158 1477 1177 1550; baseline -0.004 -10"><span class='ocrx_word' id='word_1_92' title='bbox 158 1477 310 1540; x_wconf 83' lang='lat' dir='ltr'>Possessio</span> <span class='ocrx_word' id='word_1_93' title='bbox 324 1477 473 1550; x_wconf 81' lang='lat' dir='ltr'>definitur,</span> <span class='ocrx_word' id='word_1_94' title='bbox 489 1477 613 1537; x_wconf 73' lang='lat' dir='ltr'>detentio</span> <span class='ocrx_word' id='word_1_95' title='bbox 628 1477 672 1536; x_wconf 83' lang='lat' dir='ltr'>rei</span> <span class='ocrx_word' id='word_1_96' title='bbox 683 1493 781 1538; x_wconf 81' lang='lat' dir='ltr'>unone</span> <span class='ocrx_word' id='word_1_97' title='bbox 798 1478 833 1536; x_wconf 84' lang='lat' dir='ltr'>in</span> <span class='ocrx_word' id='word_1_98' title='bbox 846 1477 1016 1538; x_wconf 78' lang='lat' dir='ltr'>commercio</span> <span class='ocrx_word' id='word_1_99' title='bbox 1031 1477 1177 1536; x_wconf 63' lang='lat' dir='ltr'>exstentis</span> 
     </span>
     <span class='ocr_line' id='line_1_14' title="bbox 159 1565 1177 1642; baseline -0.001 -15"><span class='ocrx_word' id='word_1_100' title='bbox 159 1583 229 1627; x_wconf 73' lang='lat' dir='ltr'>erens</span> <span class='ocrx_word' id='word_1_101' title='bbox 238 1567 340 1626; x_wconf 80' lang='lat' dir='ltr'>nninro</span> <span class='ocrx_word' id='word_1_102' title='bbox 355 1583 421 1626; x_wconf 79' lang='lat' dir='ltr'>eone</span> <span class='ocrx_word' id='word_1_103' title='bbox 439 1565 493 1626; x_wconf 82' lang='lat' dir='ltr'>sibi</span> <span class='ocrx_word' id='word_1_104' title='bbox 506 1566 641 1638; x_wconf 82' lang='lat' dir='ltr'>habendi,</span> <span class='ocrx_word' id='word_1_105' title='bbox 661 1583 728 1642; x_wconf 87' lang='lat' dir='ltr'>quae</span> <span class='ocrx_word' id='word_1_106' title='bbox 742 1567 771 1625; x_wconf 92' lang='lat' dir='ltr'>in</span> <span class='ocrx_word' id='word_1_107' title='bbox 785 1567 877 1626; x_wconf 89' lang='lat' dir='ltr'>rebus</span> <span class='ocrx_word' id='word_1_108' title='bbox 891 1566 1096 1642; x_wconf 75' lang='lat' dir='ltr'>corporalibus</span> <span class='ocrx_word' id='word_1_109' title='bbox 1108 1566 1177 1626; x_wconf 93' lang='lat' dir='ltr'>dici-</span> 
     </span>
     <span class='ocr_line' id='line_1_15' title="bbox 159 1653 1176 1732; baseline 0.002 -18"><span class='ocrx_word' id='word_1_110' title='bbox 159 1659 208 1714; x_wconf 91' lang='lat' dir='ltr'>tur</span> <span class='ocrx_word' id='word_1_111' title='bbox 216 1653 366 1730; x_wconf 77' lang='lat' dir='ltr'>possessio,</span> <span class='ocrx_word' id='word_1_112' title='bbox 381 1655 453 1714; x_wconf 91' lang='lat' dir='ltr'>etin</span> <span class='ocrx_word' id='word_1_113' title='bbox 468 1655 704 1730; x_wconf 80' lang='lat' dir='ltr'>incorporalibus</span> <span class='ocrx_word' id='word_1_114' title='bbox 718 1656 804 1732; x_wconf 80' lang='lat' dir='ltr'>qnasi</span> <span class='ocrx_word' id='word_1_115' title='bbox 821 1658 959 1732; x_wconf 80' lang='lat' dir='ltr'>possessio</span> <span class='ocrx_word' id='word_1_116' title='bbox 971 1676 981 1730; x_wconf 76' lang='lat'>,-</span> <span class='ocrx_word' id='word_1_117' title='bbox 995 1655 1021 1714; x_wconf 91' lang='lat' dir='ltr'>si</span> <span class='ocrx_word' id='word_1_118' title='bbox 1039 1655 1176 1716; x_wconf 78' lang='lat' dir='ltr'>consistat</span> 
     </span>
     <span class='ocr_line' id='line_1_16' title="bbox 158 1743 1176 1820; baseline 0.002 -18"><span class='ocrx_word' id='word_1_119' title='bbox 158 1743 190 1802; x_wconf 91' lang='lat' dir='ltr'>in</span> <span class='ocrx_word' id='word_1_120' title='bbox 199 1744 276 1804; x_wconf 84' lang='lat' dir='ltr'>tecto</span> <span class='ocrx_word' id='word_1_121' title='bbox 286 1743 430 1803; x_wconf 79' lang='lat' dir='ltr'>materiali</span> <span class='ocrx_word' id='word_1_122' title='bbox 444 1744 551 1804; x_wconf 91' lang='lat' dir='ltr'>dicitur</span> <span class='ocrx_word' id='word_1_123' title='bbox 563 1744 733 1818; x_wconf 71' lang='lat' dir='ltr'>menate,</span> <span class='ocrx_word' id='word_1_124' title='bbox 748 1750 779 1804; x_wconf 93' lang='lat' dir='ltr'>et</span> <span class='ocrx_word' id='word_1_125' title='bbox 787 1744 812 1804; x_wconf 94' lang='lat' dir='ltr'>si</span> <span class='ocrx_word' id='word_1_126' title='bbox 820 1745 928 1804; x_wconf 80' lang='lat' dir='ltr'>hebeat</span> <span class='ocrx_word' id='word_1_127' title='bbox 936 1745 1110 1820; x_wconf 85' lang='lat' dir='ltr'>adjunctum</span> <span class='ocrx_word' id='word_1_128' title='bbox 1118 1745 1176 1804; x_wconf 86' lang='lat' dir='ltr'>soi·</span> 
     </span>
     <span class='ocr_line' id='line_1_17' title="bbox 159 1832 1179 1910; baseline -0.002 -16"><span class='ocrx_word' id='word_1_129' title='bbox 159 1849 242 1894; x_wconf 90' lang='lat' dir='ltr'>mum</span> <span class='ocrx_word' id='word_1_130' title='bbox 256 1833 311 1891; x_wconf 83' lang='lat' dir='ltr'>sibi</span> <span class='ocrx_word' id='word_1_131' title='bbox 326 1832 462 1905; x_wconf 88' lang='lat' dir='ltr'>habendi,</span> <span class='ocrx_word' id='word_1_132' title='bbox 479 1832 571 1894; x_wconf 73' lang='lat' dir='ltr'>civilis</span> <span class='ocrx_word' id='word_1_133' title='bbox 584 1833 759 1910; x_wconf 81' lang='lat' dir='ltr'>appelletur.</span> <span class='ocrx_word' id='word_1_134' title='bbox 772 1838 802 1893; x_wconf 92' lang='lat' dir='ltr'>ln</span> <span class='ocrx_word' id='word_1_135' title='bbox 813 1832 957 1910; x_wconf 91' lang='lat' dir='ltr'>principio</span> <span class='ocrx_word' id='word_1_136' title='bbox 969 1834 1179 1910; x_wconf 84' lang='lat' dir='ltr'>cujuscumque</span> 
     </span>
     <span class='ocr_line' id='line_1_18' title="bbox 160 1921 1180 2002; baseline 0.002 -22"><span class='ocrx_word' id='word_1_137' title='bbox 160 1921 392 1998; x_wconf 68' lang='lat' dir='ltr'>prescriptionis</span> <span class='ocrx_word' id='word_1_138' title='bbox 413 1921 575 1996; x_wconf 78' lang='lat' dir='ltr'>possessio,</span> <span class='ocrx_word' id='word_1_139' title='bbox 595 1923 643 1982; x_wconf 89' lang='lat' dir='ltr'>vel</span> <span class='ocrx_word' id='word_1_140' title='bbox 664 1921 749 1998; x_wconf 89' lang='lat' dir='ltr'>quasi</span> <span class='ocrx_word' id='word_1_141' title='bbox 764 1921 915 1998; x_wconf 89' lang='lat' dir='ltr'>possessio</span> <span class='ocrx_word' id='word_1_142' title='bbox 937 1921 1081 2002; x_wconf 82' lang='lat' dir='ltr'>naturalis</span> <span class='ocrx_word' id='word_1_143' title='bbox 1098 1922 1180 1982; x_wconf 88' lang='lat' dir='ltr'>simul</span> 
     </span>
     <span class='ocr_line' id='line_1_19' title="bbox 161 2009 1178 2088; baseline 0.001 -18"><span class='ocrx_word' id='word_1_144' title='bbox 161 2019 192 2070; x_wconf 89' lang='lat' dir='ltr'>et</span> <span class='ocrx_word' id='word_1_145' title='bbox 211 2009 304 2070; x_wconf 87' lang='lat' dir='ltr'>civilis</span> <span class='ocrx_word' id='word_1_146' title='bbox 334 2010 504 2086; x_wconf 78' lang='lat' dir='ltr'>requiritur,</span> <span class='ocrx_word' id='word_1_147' title='bbox 527 2010 597 2086; x_wconf 87' lang='lat' dir='ltr'>quie</span> <span class='ocrx_word' id='word_1_148' title='bbox 616 2010 766 2086; x_wconf 84' lang='lat' dir='ltr'>possessio</span> <span class='ocrx_word' id='word_1_149' title='bbox 787 2017 833 2070; x_wconf 91' lang='lat' dir='ltr'>est</span> <span class='ocrx_word' id='word_1_150' title='bbox 860 2010 1086 2071; x_wconf 85' lang='lat' dir='ltr'>tundamentum</span> <span class='ocrx_word' id='word_1_151' title='bbox 1106 2028 1178 2088; x_wconf 82' lang='lat' dir='ltr'>pre·</span> 
     </span>
     <span class='ocr_line' id='line_1_20' title="bbox 160 2097 1175 2176; baseline -0.002 -16"><span class='ocrx_word' id='word_1_152' title='bbox 160 2097 336 2175; x_wconf 81' lang='lat' dir='ltr'>scriptionis,</span> <span class='ocrx_word' id='word_1_153' title='bbox 345 2105 375 2159; x_wconf 91' lang='lat' dir='ltr'>et</span> <span class='ocrx_word' id='word_1_154' title='bbox 388 2098 451 2160; x_wconf 92' lang='lat' dir='ltr'>sine</span> <span class='ocrx_word' id='word_1_155' title='bbox 464 2101 654 2176; x_wconf 88' lang='lat' dir='ltr'>possessione</span> <span class='ocrx_word' id='word_1_156' title='bbox 667 2098 851 2175; x_wconf 85' lang='lat' dir='ltr'>praescriptio</span> <span class='ocrx_word' id='word_1_157' title='bbox 863 2115 924 2158; x_wconf 93' lang='lat' dir='ltr'>non</span> <span class='ocrx_word' id='word_1_158' title='bbox 933 2099 1069 2175; x_wconf 75' lang='lat' dir='ltr'>procedit</span> <span class='ocrx_word' id='word_1_159' title='bbox 1084 2103 1135 2174; x_wconf 86' lang='lat' dir='ltr'>(t).</span> <span class='ocrx_word' id='word_1_160' title='bbox 1147 2105 1175 2158; x_wconf 89' lang='lat' dir='ltr'>in</span> 
     </span>
     <span class='ocr_line' id='line_1_21' title="bbox 161 2187 1176 2266; baseline 0.001 -20"><span class='ocrx_word' id='word_1_161' title='bbox 161 2187 371 2264; x_wconf 81' lang='lat' dir='ltr'>prosecutione</span> <span class='ocrx_word' id='word_1_162' title='bbox 395 2204 468 2248; x_wconf 84' lang='lat' dir='ltr'>vero</span> <span class='ocrx_word' id='word_1_163' title='bbox 486 2193 516 2248; x_wconf 90' lang='lat' dir='ltr'>et</span> <span class='ocrx_word' id='word_1_164' title='bbox 529 2189 748 2264; x_wconf 88' lang='lat' dir='ltr'>complemento</span> <span class='ocrx_word' id='word_1_165' title='bbox 768 2187 1010 2264; x_wconf 78' lang='lat' dir='ltr'>praescriptionis,</span> <span class='ocrx_word' id='word_1_166' title='bbox 1032 2188 1176 2266; x_wconf 85' lang='lat' dir='ltr'>possessio</span> 
     </span>
     <span class='ocr_line' id='line_1_22' title="bbox 161 2276 1178 2354; baseline 0 -18"><span class='ocrx_word' id='word_1_167' title='bbox 161 2277 210 2336; x_wconf 83' lang='lat' dir='ltr'>vel</span> <span class='ocrx_word' id='word_1_168' title='bbox 230 2277 312 2352; x_wconf 82' lang='lat' dir='ltr'>qussi</span> <span class='ocrx_word' id='word_1_169' title='bbox 333 2277 483 2353; x_wconf 89' lang='lat' dir='ltr'>possessio</span> <span class='ocrx_word' id='word_1_170' title='bbox 503 2283 619 2337; x_wconf 82' lang='lat' dir='ltr'>tentum</span> <span class='ocrx_word' id='word_1_171' title='bbox 640 2276 735 2337; x_wconf 84' lang='lat' dir='ltr'>civilis</span> <span class='ocrx_word' id='word_1_172' title='bbox 753 2277 882 2350; x_wconf 75' lang='lat' dir='ltr'>sufficitJ</span> <span class='ocrx_word' id='word_1_173' title='bbox 906 2292 976 2337; x_wconf 86' lang='lat' dir='ltr'>nem</span> <span class='ocrx_word' id='word_1_174' title='bbox 989 2283 1091 2354; x_wconf 91' lang='lat' dir='ltr'>potest</span> <span class='ocrx_word' id='word_1_175' title='bbox 1108 2293 1178 2353; x_wconf 84' lang='lat' dir='ltr'>prae·</span> 
     </span>
     <span class='ocr_line' id='line_1_23' title="bbox 161 2365 1178 2443; baseline -0.001 -17"><span class='ocrx_word' id='word_1_176' title='bbox 161 2365 297 2426; x_wconf 88' lang='lat' dir='ltr'>scribens</span> <span class='ocrx_word' id='word_1_177' title='bbox 310 2365 463 2442; x_wconf 89' lang='lat' dir='ltr'>possidere</span> <span class='ocrx_word' id='word_1_178' title='bbox 473 2383 529 2443; x_wconf 90' lang='lat' dir='ltr'>per</span> <span class='ocrx_word' id='word_1_179' title='bbox 540 2366 640 2440; x_wconf 86' lang='lat' dir='ltr'>atium,</span> <span class='ocrx_word' id='word_1_180' title='bbox 650 2373 684 2426; x_wconf 92' lang='lat' dir='ltr'>ut</span> <span class='ocrx_word' id='word_1_181' title='bbox 692 2382 746 2442; x_wconf 91' lang='lat' dir='ltr'>per</span> <span class='ocrx_word' id='word_1_182' title='bbox 754 2372 991 2443; x_wconf 82' lang='lat' dir='ltr'>procuratorem,</span> <span class='ocrx_word' id='word_1_183' title='bbox 1001 2383 1057 2443; x_wconf 91' lang='lat' dir='ltr'>per</span> <span class='ocrx_word' id='word_1_184' title='bbox 1071 2366 1178 2427; x_wconf 89' lang='lat' dir='ltr'>condu-</span> 
     </span>
     <span class='ocr_line' id='line_1_24' title="bbox 163 2455 1179 2531; baseline 0 -15"><span class='ocrx_word' id='word_1_185' title='bbox 163 2461 287 2530; x_wconf 89' lang='lat' dir='ltr'>ctorem,</span> <span class='ocrx_word' id='word_1_186' title='bbox 302 2471 357 2531; x_wconf 91' lang='lat' dir='ltr'>per</span> <span class='ocrx_word' id='word_1_187' title='bbox 377 2456 637 2530; x_wconf 86' lang='lat' dir='ltr'>nsuimctuerium,</span> <span class='ocrx_word' id='word_1_188' title='bbox 653 2461 710 2516; x_wconf 90' lang='lat' dir='ltr'>etc.</span> <span class='ocrx_word' id='word_1_189' title='bbox 733 2455 886 2515; x_wconf 87' lang='lat' dir='ltr'>Possessio</span> <span class='ocrx_word' id='word_1_190' title='bbox 899 2461 999 2516; x_wconf 89' lang='lat' dir='ltr'>tamen</span> <span class='ocrx_word' id='word_1_191' title='bbox 1010 2456 1100 2516; x_wconf 86' lang='lat' dir='ltr'>debet</span> <span class='ocrx_word' id='word_1_192' title='bbox 1118 2470 1179 2516; x_wconf 87' lang='lat' dir='ltr'>esse</span> 
     </span>
     <span class='ocr_line' id='line_1_25' title="bbox 163 2543 1177 2621; baseline 0 -17"><span class='ocrx_word' id='word_1_193' title='bbox 163 2543 313 2616; x_wconf 89' lang='lat' dir='ltr'>continua,</span> <span class='ocrx_word' id='word_1_194' title='bbox 328 2543 359 2603; x_wconf 92' lang='lat' dir='ltr'>id</span> <span class='ocrx_word' id='word_1_195' title='bbox 373 2549 419 2604; x_wconf 91' lang='lat' dir='ltr'>est</span> <span class='ocrx_word' id='word_1_196' title='bbox 430 2559 594 2620; x_wconf 77' lang='lat' dir='ltr'>numquam</span> <span class='ocrx_word' id='word_1_197' title='bbox 607 2544 771 2620; x_wconf 88' lang='lat' dir='ltr'>interrupta</span> <span class='ocrx_word' id='word_1_198' title='bbox 785 2549 847 2604; x_wconf 93' lang='lat' dir='ltr'>toto</span> <span class='ocrx_word' id='word_1_199' title='bbox 864 2543 1098 2621; x_wconf 63' lang='lat' dir='ltr'>praescriptionis</span> <span class='ocrx_word' id='word_1_200' title='bbox 1110 2550 1177 2604; x_wconf 85' lang='lat' dir='ltr'>tem-</span> 
     </span>
     <span class='ocr_line' id='line_1_26' title="bbox 163 2629 1178 2710; baseline 0.001 -20"><span class='ocrx_word' id='word_1_201' title='bbox 163 2647 249 2708; x_wconf 88' lang='lat' dir='ltr'>pore;</span> <span class='ocrx_word' id='word_1_202' title='bbox 265 2629 489 2710; x_wconf 87' lang='lat' dir='ltr'>interrumpitur</span> <span class='ocrx_word' id='word_1_203' title='bbox 499 2632 787 2706; x_wconf 83' lang='lat' dir='ltr'>eutemneturaiiter,</span> <span class='ocrx_word' id='word_1_204' title='bbox 797 2635 846 2692; x_wconf 90' lang='lat' dir='ltr'>vel</span> <span class='ocrx_word' id='word_1_205' title='bbox 856 2633 996 2693; x_wconf 74' lang='lat' dir='ltr'>civiliter:</span> <span class='ocrx_word' id='word_1_206' title='bbox 1012 2631 1178 2694; x_wconf 81' lang='lat' dir='ltr'>naturaliter</span> 
     </span>
     <span class='ocr_line' id='line_1_27' title="bbox 163 2720 1178 2800; baseline -0.001 -20"><span class='ocrx_word' id='word_1_207' title='bbox 163 2735 234 2785; x_wconf 89' lang='lat' dir='ltr'>cum</span> <span class='ocrx_word' id='word_1_208' title='bbox 247 2720 331 2782; x_wconf 88' lang='lat' dir='ltr'>deest</span> <span class='ocrx_word' id='word_1_209' title='bbox 342 2721 439 2800; x_wconf 87' lang='lat' dir='ltr'>atique</span> <span class='ocrx_word' id='word_1_210' title='bbox 448 2739 487 2784; x_wconf 83' lang='lat' dir='ltr'>eu</span> <span class='ocrx_word' id='word_1_211' title='bbox 501 2721 718 2783; x_wconf 90' lang='lat' dir='ltr'>conditionibus</span> <span class='ocrx_word' id='word_1_212' title='bbox 728 2721 944 2799; x_wconf 61' lang='lat' dir='ltr'>praescriptioni</span> <span class='ocrx_word' id='word_1_213' title='bbox 955 2722 1140 2796; x_wconf 88' lang='lat' dir='ltr'>necessariis,</span> <span class='ocrx_word' id='word_1_214' title='bbox 1148 2725 1178 2780; x_wconf 90' lang='lat' dir='ltr'>ut</span> 
     </span>
     <span class='ocr_line' id='line_1_28' title="bbox 164 2807 1178 2887; baseline 0.002 -19"><span class='ocrx_word' id='word_1_215' title='bbox 164 2807 190 2868; x_wconf 91' lang='lat' dir='ltr'>si</span> <span class='ocrx_word' id='word_1_216' title='bbox 202 2815 300 2870; x_wconf 84' lang='lat' dir='ltr'>cesset</span> <span class='ocrx_word' id='word_1_217' title='bbox 317 2811 396 2870; x_wconf 85' lang='lat' dir='ltr'>boue</span> <span class='ocrx_word' id='word_1_218' title='bbox 414 2811 501 2886; x_wconf 88' lang='lat' dir='ltr'>tides,</span> <span class='ocrx_word' id='word_1_219' title='bbox 520 2817 550 2871; x_wconf 91' lang='lat' dir='ltr'>et</span> <span class='ocrx_word' id='word_1_220' title='bbox 564 2810 760 2887; x_wconf 76' lang='lat' dir='ltr'>praescribens</span> <span class='ocrx_word' id='word_1_221' title='bbox 776 2817 931 2886; x_wconf 82' lang='lat' dir='ltr'>agnoscat,</span> <span class='ocrx_word' id='word_1_222' title='bbox 948 2828 1013 2872; x_wconf 89' lang='lat' dir='ltr'>rem</span> <span class='ocrx_word' id='word_1_223' title='bbox 1033 2829 1099 2872; x_wconf 87' lang='lat' dir='ltr'>esse</span> <span class='ocrx_word' id='word_1_224' title='bbox 1114 2810 1178 2870; x_wconf 88' lang='lat' dir='ltr'>atie-</span> 
     </span>
     <span class='ocr_line' id='line_1_29' title="bbox 164 2899 1179 2977; baseline 0 -17"><span class='ocrx_word' id='word_1_225' title='bbox 164 2899 437 2972; x_wconf 72' lang='lat' dir='ltr'>conversurum</span> <span class='ocrx_word' id='word_1_226' title='bbox 454 2907 596 2977; x_wconf 75' lang='lat' dir='ltr'>agnoscat</span> <span class='ocrx_word' id='word_1_227' title='bbox 619 2917 725 2962; x_wconf 91' lang='lat' dir='ltr'>senon</span> <span class='ocrx_word' id='word_1_228' title='bbox 743 2901 871 2974; x_wconf 79' lang='lat' dir='ltr'>hebere,</span> <span class='ocrx_word' id='word_1_229' title='bbox 894 2901 1018 2962; x_wconf 83' lang='lat' dir='ltr'>civiliter</span> <span class='ocrx_word' id='word_1_230' title='bbox 1031 2918 1103 2962; x_wconf 87' lang='lat' dir='ltr'>vero</span> <span class='ocrx_word' id='word_1_231' title='bbox 1117 2915 1179 2960; x_wconf 91' lang='lat' dir='ltr'>cum</span> 
     </span>
     <span class='ocr_line' id='line_1_30' title="bbox 165 2987 1178 3090; baseline -0.001 -42"><span class='ocrx_word' id='word_1_232' title='bbox 165 2987 361 3064; x_wconf 69' lang='lat' dir='ltr'>prescribens</span> <span class='ocrx_word' id='word_1_233' title='bbox 374 2987 405 3048; x_wconf 93' lang='lat' dir='ltr'>in</span> <span class='ocrx_word' id='word_1_234' title='bbox 419 2990 565 3090; x_wconf 79' lang='lat' dir='ltr'>judicium</span> <span class='ocrx_word' id='word_1_235' title='bbox 582 2990 698 3064; x_wconf 82' lang='lat' dir='ltr'>citetur,</span> <span class='ocrx_word' id='word_1_236' title='bbox 721 2995 754 3050; x_wconf 91' lang='lat' dir='ltr'>nt</span> <span class='ocrx_word' id='word_1_237' title='bbox 773 3005 838 3050; x_wconf 90' lang='lat' dir='ltr'>rem</span> <span class='ocrx_word' id='word_1_238' title='bbox 862 3006 1032 3066; x_wconf 89' lang='lat' dir='ltr'>possessam</span> <span class='ocrx_word' id='word_1_239' title='bbox 1050 2989 1178 3050; x_wconf 88' lang='lat' dir='ltr'>dimittet</span> 
     </span>
     <span class='ocr_line' id='line_1_31' title="bbox 164 3077 1181 3156; baseline -0.002 -18"><span class='ocrx_word' id='word_1_240' title='bbox 164 3077 223 3138; x_wconf 86' lang='lat' dir='ltr'>Sed</span> <span class='ocrx_word' id='word_1_241' title='bbox 232 3077 290 3136; x_wconf 92' lang='lat' dir='ltr'>hoc</span> <span class='ocrx_word' id='word_1_242' title='bbox 305 3093 386 3151; x_wconf 81' lang='lat' dir='ltr'>casu,</span> <span class='ocrx_word' id='word_1_243' title='bbox 402 3077 466 3137; x_wconf 91' lang='lat' dir='ltr'>siin</span> <span class='ocrx_word' id='word_1_244' title='bbox 475 3078 587 3156; x_wconf 88' lang='lat' dir='ltr'>judicio</span> <span class='ocrx_word' id='word_1_245' title='bbox 599 3077 755 3140; x_wconf 82' lang='lat' dir='ltr'>victoriam</span> <span class='ocrx_word' id='word_1_246' title='bbox 764 3077 906 3153; x_wconf 90' lang='lat' dir='ltr'>obtineat,</span> <span class='ocrx_word' id='word_1_247' title='bbox 917 3080 964 3140; x_wconf 81' lang='lat' dir='ltr'>vel</span> <span class='ocrx_word' id='word_1_248' title='bbox 979 3079 1016 3138; x_wconf 89' lang='lat' dir='ltr'>iis</span> <span class='ocrx_word' id='word_1_249' title='bbox 1029 3088 1181 3156; x_wconf 83' lang='lat' dir='ltr'>pertrans</span> 
     </span>
     <span class='ocr_line' id='line_1_32' title="bbox 165 3163 1180 3256; baseline -0.002 -32"><span class='ocrx_word' id='word_1_250' title='bbox 165 3164 312 3224; x_wconf 90' lang='lat' dir='ltr'>actionem</span> <span class='ocrx_word' id='word_1_251' title='bbox 334 3163 518 3242; x_wconf 89' lang='lat' dir='ltr'>terminetur,</span> <span class='ocrx_word' id='word_1_252' title='bbox 536 3168 685 3244; x_wconf 87' lang='lat' dir='ltr'>possessio</span> <span class='ocrx_word' id='word_1_253' title='bbox 702 3167 743 3256; x_wconf 88' lang='lat' dir='ltr'>ita</span> <span class='ocrx_word' id='word_1_254' title='bbox 766 3168 941 3228; x_wconf 88' lang='lat' dir='ltr'>continuata</span> <span class='ocrx_word' id='word_1_255' title='bbox 955 3174 1089 3244; x_wconf 88' lang='lat' dir='ltr'>putatur,</span> <span class='ocrx_word' id='word_1_256' title='bbox 1110 3173 1141 3228; x_wconf 91' lang='lat' dir='ltr'>ut</span> <span class='ocrx_word' id='word_1_257' title='bbox 1157 3163 1180 3223; x_wconf 89' lang='lat' dir='ltr'>si</span> 
     </span>
     <span class='ocr_line' id='line_1_33' title="bbox 164 3252 521 3330; baseline 0.006 -16"><span class='ocrx_word' id='word_1_258' title='bbox 164 3252 201 3314; x_wconf 93' lang='lat' dir='ltr'>lis</span> <span class='ocrx_word' id='word_1_259' title='bbox 214 3259 295 3314; x_wconf 87' lang='lat' dir='ltr'>mota</span> <span class='ocrx_word' id='word_1_260' title='bbox 306 3269 368 3318; x_wconf 91' lang='lat' dir='ltr'>non</span> <span class='ocrx_word' id='word_1_261' title='bbox 382 3260 460 3316; x_wconf 90' lang='lat' dir='ltr'>essct</span> <span class='ocrx_word' id='word_1_262' title='bbox 470 3258 521 3330; x_wconf 74' lang='lat'>(2).</span> 
     </span>
    </p>
   </div>
   <div class='ocr_carea' id='block_1_10' title="bbox 165 3361 1182 3623">
    <p class='ocr_par' dir='ltr' id='par_1_10' title="bbox 165 3361 1181 3620">
     <span class='ocr_line' id='line_1_34' title="bbox 195 3361 1181 3484; baseline 0.003 -21"><span class='ocrx_word' id='word_1_263' title='bbox 195 3413 230 3478; x_wconf 81' lang='grc'>(1)</span> <span class='ocrx_word' id='word_1_264' title='bbox 245 3413 308 3478; x_wconf 81' lang='lat' dir='ltr'>Gap.</span> <span class='ocrx_word' id='word_1_265' title='bbox 330 3415 353 3474; x_wconf 87' lang='grc'>3,</span> <span class='ocrx_word' id='word_1_266' title='bbox 371 3413 404 3466; x_wconf 89' lang='lat' dir='ltr'>de</span> <span class='ocrx_word' id='word_1_267' title='bbox 417 3427 473 3478; x_wconf 78' lang='lat' dir='ltr'>reg.</span> <span class='ocrx_word' id='word_1_268' title='bbox 486 3417 541 3479; x_wconf 89' lang='lat' dir='ltr'>jur</span> <span class='ocrx_word' id='word_1_269' title='bbox 558 3361 670 3470; x_wconf 80' lang='lat' dir='ltr'>ind.</span> <span class='ocrx_word' id='word_1_270' title='bbox 639 3417 719 3483; x_wconf 77' lang='grc' dir='ltr'>-(ι)</span> <span class='ocrx_word' id='word_1_271' title='bbox 738 3417 866 3480; x_wconf 88' lang='lat' dir='ltr'>Dubium,</span> <span class='ocrx_word' id='word_1_272' title='bbox 881 3429 916 3469; x_wconf 83' lang='lat' dir='ltr'>en</span> <span class='ocrx_word' id='word_1_273' title='bbox 930 3417 1001 3470; x_wconf 87' lang='lat' dir='ltr'>sicut</span> <span class='ocrx_word' id='word_1_274' title='bbox 1015 3431 1065 3484; x_wconf 88' lang='lat' dir='ltr'>per</span> <span class='ocrx_word' id='word_1_275' title='bbox 1080 3415 1181 3470; x_wconf 85' lang='lat' dir='ltr'>citetis·</span> 
     </span>
     <span class='ocr_line' id='line_1_35' title="bbox 165 3483 1179 3552; baseline 0.002 -16"><span class='ocrx_word' id='word_1_276' title='bbox 165 3495 228 3536; x_wconf 80' lang='lat' dir='ltr'>nem</span> <span class='ocrx_word' id='word_1_277' title='bbox 239 3483 404 3548; x_wconf 80' lang='lat' dir='ltr'>judicialem,</span> <span class='ocrx_word' id='word_1_278' title='bbox 423 3484 461 3536; x_wconf 83' lang='lat' dir='ltr'>ite</span> <span class='ocrx_word' id='word_1_279' title='bbox 481 3498 530 3550; x_wconf 91' lang='lat' dir='ltr'>per</span> <span class='ocrx_word' id='word_1_280' title='bbox 543 3489 775 3552; x_wconf 80' lang='lat' dir='ltr'>extrsjudicielem</span> <span class='ocrx_word' id='word_1_281' title='bbox 788 3489 1025 3541; x_wconf 79' lang='lat' dir='ltr'>denunciationem</span> <span class='ocrx_word' id='word_1_282' title='bbox 1039 3491 1179 3542; x_wconf 86' lang='lat' dir='ltr'>interrum-</span> 
     </span>
     <span class='ocr_line' id='line_1_36' title="bbox 166 3554 1182 3623; baseline 0.008 -21"><span class='ocrx_word' id='word_1_283' title='bbox 166 3554 246 3616; x_wconf 80' lang='lat' dir='ltr'>petur</span> <span class='ocrx_word' id='word_1_284' title='bbox 259 3555 436 3623; x_wconf 68' lang='lat' dir='ltr'>prescriptio,</span> <span class='ocrx_word' id='word_1_285' title='bbox 457 3555 599 3610; x_wconf 83' lang='lat' dir='ltr'>resolvitur</span> <span class='ocrx_word' id='word_1_286' title='bbox 618 3573 680 3612; x_wconf 86' lang='lat' dir='ltr'>oum</span> <span class='ocrx_word' id='word_1_287' title='bbox 696 3559 930 3614; x_wconf 53' lang='lat' dir='ltr'>distinctionem</span> <span class='ocrx_word' id='word_1_288' title='bbox 917 3561 940 3612; x_wconf 90' lang='lat' dir='ltr'>si</span> <span class='ocrx_word' id='word_1_289' title='bbox 960 3559 1149 3622; x_wconf 74' lang='lat' dir='ltr'>denunciatio</span> <span class='ocrx_word' id='word_1_290' title='bbox 1140 3572 1182 3610; x_wconf 89' lang='grc' dir='ltr'>ιιι</span> 
     </span>
    </p>
   </div>
   <div class='ocr_carea' id='block_1_11' title="bbox 0 0 1280 4080">
    <p class='ocr_par' dir='ltr' id='par_1_11' title="bbox 0 0 1280 4080">
     <span class='ocr_line' id='line_1_37' title="bbox 0 0 1280 4080; baseline 0 0"><span class='ocrx_word' id='word_1_291' title='bbox 0 0 1280 4080; x_wconf 95' lang='lat' dir='ltr'> </span> 
     </span>
    </p>
   </div>
  </div>
 </body>
</html>
