2592 4018
608 175 749 232 ...18-

167 299 322 360 autuman't
343 313 465 374 poenam
486 295 634 358 interdicti
659 296 697 357 ab
720 297 857 373 ingressu
880 295 910 357 in
936 297 1098 359 Ecclesiam
1124 317 1194 362 esse

168 386 288 464 quidem
307 387 437 447 ferendae
455 387 619 460 sententiae,
643 393 677 447 ut
697 403 769 446 mox
783 386 987 463 exposuimus,
1002 387 1056 446 sed
1070 404 1193 463 poenem

167 474 340 553 privationis
363 476 525 550 sepulturae
547 493 614 536 esse
627 474 781 536 sententiae
796 477 872 547 iatae,
888 475 928 534 ita
941 482 975 536 ut
988 492 1073 536 rcum
1087 478 1193 538 deiun-

168 572 250 626 ctum
264 563 353 624 etiam
369 569 437 624 ante
448 563 558 640 judicis
572 563 749 624 sententiam
769 563 888 623 afficiat.
912 563 970 624 Sed
989 579 1027 623 an
1047 565 1112 624 haec
1126 566 1193 641 opi-

167 653 218 713 nio
233 652 328 712 solido
343 651 454 713 nitatur
467 653 661 712 fundamento
676 651 803 712 dubitari
819 659 926 728 potest,
942 658 1005 713 tum
1018 653 1058 713 ob
1073 661 1194 714 eontra·

167 743 243 804 riarn
257 758 447 802 communem
461 747 622 802 Doctorum
634 739 917 817 sententiumquam
931 741 995 800 sine
1008 741 1195 804 haesitatione

168 832 301 907 seqnitur
315 835 343 890 S.
360 835 401 890 De
418 829 533 906 Ligurio
549 833 601 902 (t),
618 837 681 890 turn
696 830 735 889 ob
749 829 1082 903 inverosimilitudinem,
1103 847 1195 906 quam

168 918 320 979 involvere
333 917 469 990 videtur,
493 935 563 978 nam
581 935 670 978 nemo
689 919 756 994 plus
771 925 916 992 mortuus,
934 937 1024 996 quarn
1037 919 1122 980 vivus
1137 937 1194 996 pu·

168 1007 249 1068 nitur
263 1011 314 1082 (2),
330 1012 360 1068 et
375 1006 399 1066 si
414 1008 482 1082 quis
495 1007 581 1067 vivus
593 1009 681 1084 plena
701 1008 853 1068 fruebatur
870 1007 1003 1068 ecciesiae
1025 1008 1194 1084 ingredien-

168 1096 215 1157 dae
228 1097 372 1170 linntate,
384 1112 444 1155 non
456 1097 569 1156 carebit
584 1103 721 1157 mortuus
733 1097 799 1173 June
814 1095 998 1172 ingrediendi
1012 1099 1193 1175 sepulcrum,

169 1191 329 1261 antequam
349 1201 403 1261 per
422 1184 531 1261 judicis
550 1185 738 1260 sententiam,
757 1191 809 1246 eut
822 1203 877 1262 per
890 1186 1036 1264 synodale
1050 1191 1195 1248 statutum

170 1291 278 1350 reapse
291 1271 434 1350 privetur.

201 1430 305 1498 (vtem.
319 1431 344 1494 a,
358 1443 385 1482 n.
400 1425 547 1495 orn-u)
560 1428 627 1481 een.
640 1425 665 1488 a,
680 1441 704 1480 ο.
718 1425 759 1492 at,
773 1439 799 1494 q.
811 1395 846 1481 a(

205 1619 269 1678 322.
290 1613 482 1686 Eucherium,
507 1618 541 1674 ut
564 1630 656 1690 supra
679 1611 818 1688 diximus,
843 1613 970 1674 sumitur
993 1631 1114 1693 quoque
1140 1634 1196 1693 pro

171 1705 324 1767 Sacrificio
339 1721 425 1764 novae
437 1701 531 1778 Legis.
549 1700 733 1762 Eucharistia
746 1701 806 1762 hoc
818 1701 952 1762 secundo
966 1703 1056 1764 modo
1070 1713 1197 1782 excepta

171 1803 212 1856 ert
231 1793 419 1870 Sacrificium
439 1809 519 1853 neue
541 1792 619 1868 Lepte
642 1790 829 1868 complectens
850 1792 1144 1868 consummationem,
1169 1802 1197 1855 et

169 1884 375 1962 perfectionem
388 1883 525 1942 omniunt
541 1880 763 1957 Sacrificiorum
776 1881 852 1956 Lepis
868 1888 993 1954 nutura,
1006 1888 1032 1941 ct
1052 1883 1196 1959 mosaica,

170 1989 228 2050 quo
250 1972 282 2032 in
303 1972 392 2032 Missa
414 1978 614 2044 consecratur,
637 1978 664 2030 et
685 1969 809 2044 offertur
823 1968 933 2045 Corpus
946 1977 971 2029 et
985 1967 1114 2045 Sanquis
1127 1972 1199 2034 Jesu

173 2061 293 2122 Christi.
317 2059 415 2121 Prima
434 2059 522 2135 hujus
542 2056 720 2119 definitionis
743 2073 814 2133 pars
834 2075 873 2118 ex
891 2073 928 2118 eo
943 2057 1098 2132 evincitur,
1115 2061 1198 2136 quod

172 2150 272 2212 omnia
283 2149 368 2226 Legis
377 2155 501 2223 naturas,
513 2153 543 2208 et
556 2147 694 2208 mosaice
708 2146 854 2206 sacrificia
868 2163 908 2207 ex
919 2163 1025 2208 eorum
1038 2149 1098 2208 fine
1112 2157 1199 2210 erant

172 2245 223 2300 aut
235 2239 411 2312 detrectem,
426 2239 485 2298 hoc
498 2243 544 2296 est
560 2236 660 2296 oblata
673 2235 704 2296 in
718 2235 865 2297 honorem
877 2236 938 2310 Dei,
955 2243 1006 2298 aut
1020 2238 1196 2300 cucurristi-

175 2345 219 2401 ee,
243 2328 301 2388 hoc
323 2333 369 2386 est
391 2327 491 2387 oblata
513 2324 544 2384 in
563 2323 725 2401 gratiarum
742 2324 899 2399 actionem,
915 2333 967 2386 eut
978 2327 1195 2404 propitiatoria,

172 2417 232 2477 hoe
249 2423 294 2476 est
308 2415 407 2476 oblata
422 2414 453 2474 in
468 2412 669 2490 expiationem
684 2414 780 2489 eulpae
794 2429 942 2489 poenaeve,
961 2423 1013 2475 aut
1026 2417 1197 2492 impetrato·

173 2505 232 2578 rie,
242 2505 300 2565 hoc
313 2509 359 2566 est
372 2504 472 2565 oblata
485 2503 524 2563 ad
537 2503 618 2563 bona
632 2520 650 2562 a
665 2507 726 2561 Deo
740 2501 910 2563 obtinenda.
926 2503 984 2564 Sed
997 2505 1090 2566 iiissae
1104 2505 1198 2566 sacri·

173 2593 275 2654 ficium
289 2591 344 2653 has
358 2609 463 2654 omnes
477 2592 609 2653 rationes
625 2592 754 2668 periecte
766 2591 898 2652 continet
907 2595 959 2666 (t).
974 2593 1110 2654 Secunda
1124 2611 1197 2657 vero

174 2682 309 2759 eiusdem
329 2679 509 2741 definitionis
528 2697 599 2757 pars
617 2697 656 2740 ex
673 2696 710 2739 eo
728 2678 884 2755 evincitur,
903 2682 984 2757 quod
998 2682 1091 2742 itissae
1104 2681 1198 2742 sacri·

174 2770 276 2832 flcimn
297 2776 343 2830 est
361 2772 458 2846 ipsum
478 2769 660 2831 sacrificium
678 2768 802 2830 Crucis:
828 2785 899 2829 nam
912 2771 1017 2831 eadem
1030 2777 1076 2832 est
1089 2771 1198 2846 hostia,

176 2877 243 2938 quae
264 2860 294 2919 in
316 2865 444 2935 utroque
469 2859 602 2932 offertur,
624 2859 688 2919 sole
711 2858 854 2918 offerendi
876 2859 991 2921 ratione
1011 2859 1154 2931 diversa(
1175 2867 1197 2934 ).

176 2951 270 3020 Quare
284 2947 381 3008 differt
390 2947 579 3008 Eucharistiae
591 2951 813 3007 Sacramentum
825 2965 843 3006 a
856 2947 1017 3021 Sacrificio,
1028 2948 1109 3024 quod
1124 2947 1199 3009 illud

176 3035 400 3098 consecratione
413 3036 575 3113 perficitur,
585 3036 722 3097 hocvero
737 3036 961 3097 consecratione
976 3043 1005 3098 et
1026 3037 1196 3111 oblatione;

175 3133 205 3186 et
223 3124 294 3185 iilud
316 3125 404 3200 digne
427 3124 611 3186 sumentibus
630 3142 669 3184 err
689 3141 780 3200 opere
794 3131 919 3200 operato
933 3123 1057 3203 gratiam
1071 3126 1197 3202 confert,

176 3215 234 3274 hoc
245 3230 318 3273 vero
332 3213 456 3290 prodest
469 3212 543 3288 aliis,
559 3231 615 3290 pro
630 3213 737 3291 quihus
752 3215 887 3275 offertur.

206 3361 244 3428 (i)
255 3359 329 3413 Trid.
344 3371 410 3413 sess.
421 3361 462 3421 22,
477 3374 499 3412 c.
518 3359 540 3412 1.
555 3389 581 3398 -
596 3353 716 3427 (ttvnd.
732 3359 791 3413 ead.
805 3373 872 3413 sess.
887 3373 911 3412 c.
925 3360 950 3421 2,

213 3567 276 3626 323.
299 3567 360 3627 iioc
374 3563 559 3627 tremendum
572 3562 796 3640 maximumque
809 3563 902 3626 uisse
917 3563 1098 3627 Sacrificium
1112 3571 1198 3627 aeter-
