2432 4078
463 138 623 196 -321-

54 263 150 320 rentum
166 259 202 320 ad
216 276 326 322 annum
340 260 371 320 in
384 259 509 322 materia
525 259 612 334 civili,
627 265 657 320 et
670 275 724 318 sex
737 274 793 335 pro
807 263 927 320 centum
940 257 970 318 in
984 274 1048 319 ma-

54 347 107 406 tario
121 349 300 409 mercatoria.
322 350 425 421 Quoad
448 350 576 425 primum
597 349 733 421 dicimus,
759 353 899 408 statutam
914 365 1046 423 poenam,

52 437 120 496 modo
131 445 207 497 recto
217 439 372 498 moderata
386 438 485 512 cittii),
503 439 615 514 absque
628 453 727 496 usurae
739 436 861 497 crimine
874 437 934 513 peti
946 454 1046 513 posse,

52 531 73 584 et
83 523 153 600 solii,
173 527 240 604 quia
264 528 322 588 hoc
343 529 470 601 lucrum,
491 527 553 588 sive
568 528 731 586 auctarium
747 543 807 585 non
821 526 930 602 petitur
941 527 971 585 in
987 526 1048 586 vim

50 615 130 688 nutui,
142 616 191 676 sed
206 615 235 678 in
252 616 312 678 vim
326 633 418 676 morae
435 614 589 692 culpabilis
603 615 633 676 in
651 621 755 674 mutuo
769 632 824 674 suo
838 621 974 690 tempore
988 615 1047 675 sol·

49 703 132 776 vendo,
147 710 174 764 et
185 721 244 764 uon
262 705 357 764 oritur
368 722 405 764 ex
423 721 513 764 cansa
527 705 635 781 injuste
649 701 824 776 ditescendi,
837 703 891 762 sed
905 719 943 762 ex
958 719 1049 762 causa

6 835 7 840 1
47 789 148 852 honesta
170 794 315 854 reddendi
337 794 550 854 mutuatarium
567 792 695 869 vigilem,
716 798 910 868 paratumque
930 791 967 851 ad
980 807 1047 853 mu-

47 885 111 940 tuum
132 899 182 942 suo
199 889 337 960 tempore
359 883 557 956 reddendum,
576 899 614 941 ne
629 887 781 941 mutuator
796 886 919 958 propter
931 895 1048 940 moram

47 976 147 1044 cogatur
160 971 302 1032 damnum
317 989 481 1048 emergens,
492 972 541 1032 vel
553 973 671 1031 lucrum
684 986 805 1030 cessans
818 969 974 1030 sustinere.

6 1047 7 1062 ¹
72 1061 158 1126 Quoad
173 1061 351 1135 secundum,
367 1061 466 1136 quoad
484 1062 581 1135 legem
600 1057 727 1130 civilem,
742 1075 780 1117 an
794 1058 925 1134 praeheat
935 1058 1048 1133 justum

46 1162 179 1209 usuramm
197 1150 328 1220 titulum,
353 1149 419 1210 duae
437 1155 506 1208 sunt
529 1146 685 1207 contrariae
699 1153 859 1224 Doctorum
874 1145 1045 1218 sententiae3

45 1249 91 1294 una
102 1237 236 1312 affirmat,
250 1245 281 1298 et
298 1239 391 1298 altera
413 1243 511 1312 negat.
533 1235 587 1308 Qui
601 1235 808 1296 affirmativam
823 1240 924 1294 tenent
937 1233 975 1292 ad
992 1232 1047 1294 im·

43 1324 137 1396 perium
151 1328 288 1386 eminens
301 1325 445 1401 Principis
457 1324 618 1397 saecularis,
639 1325 677 1383 ad
690 1325 783 1384 altum
794 1324 858 1398 ejus
872 1321 1046 1396 dominium,

43 1418 64 1469 et
80 1414 112 1472 ad
123 1416 274 1490 publicam
301 1413 508 1474 necessitatem
537 1414 842 1488 appeliant-quorum
856 1409 885 1468 vi
910 1410 1046 1483 credunt,

43 1500 187 1578 Principem
205 1521 297 1580 posse
311 1520 350 1563 ex
363 1502 482 1578 publica
504 1519 594 1561 cansa
613 1501 728 1576 juribus
753 1500 936 1576 privatorum
958 1498 1047 1557 dero·

43 1603 106 1664 gare,
132 1598 160 1651 et
182 1609 307 1652 usuram
325 1594 383 1652 late
403 1597 552 1666 sumptam
577 1589 688 1650 licitam
702 1588 789 1648 etiam
810 1587 840 1646 in
866 1585 1048 1646 conscientia

43 1677 159 1740 reddere.
181 1679 238 1752 Qui
252 1697 324 1740 vero
349 1685 451 1739 tenent
470 1677 637 1754 negativam
654 1676 756 1736 uident
775 1677 806 1734 in
829 1692 902 1735 casu
923 1690 1047 1734 usuram

42 1766 126 1828 stricte
153 1775 314 1844 sumptam,
343 1774 373 1827 et
393 1766 565 1843 simpliciter
583 1765 773 1826 lucratoriam
789 1765 856 1840 jura
876 1763 1003 1823 naturali
1017 1769 1047 1823 et

44 1853 126 1915 divino
147 1857 340 1934 prohibitam,
363 1855 411 1916 cui
426 1855 552 1931 proinde
570 1853 714 1930 derogare
736 1870 796 1912 non
812 1858 910 1928 potest
928 1853 978 1911 len
990 1851 1046 1910 hu·

40 1955 124 2018 nana,
140 1944 169 2006 et'
183 1946 296 2005 hebent
318 1945 377 2004 hoc
395 1963 413 2003 a
432 1943 590 2004 Benedioto
604 1948 662 2002 Xiv
681 1943 874 2013 declaratum,
900 1946 929 2000 et
941 1939 1046 1999 defini-

40 2035 85 2090 tum
95 2033 123 2093 in
137 2051 193 2094 suo
209 2051 300 2110 opere
312 2034 350 2093 de
368 2033 489 2109 Synodo
501 2033 682 2104 dioecesana,
704 2038 733 2092 et
746 2031 777 2090 in
794 2029 951 2106 Enoyclica
966 2029 1046 2088 circa

39 2135 155 2182 mursae
173 2139 208 2182 se
225 2120 304 2182 edita
322 2125 373 2193 (7).
390 2127 497 2181 Verum
513 2121 740 2192 ahann01830,
759 2117 883 2179 ferventi
896 2118 973 2178 inter
987 2123 1045 2178 Do·

39 2212 120 2269 riores
133 2210 329 2287 disputationi
337 2211 445 2269 modus
457 2213 511 2269 as.
523 2209 599 2269 sede
612 2208 766 2284 impositus
774 2207 837 2279 tuit,
850 2208 921 2267 dum
934 2205 1045 2282 pluries

38 2309 78 2368 per
89 2314 276 2376 surpremam
298 2299 565 2374 congregationem
582 2296 678 2356 sancti
695 2293 797 2366 Officii,
813 2301 844 2354 ct
856 2311 911 2370 per
924 2297 1045 2354 Sacram

37 2387 270 2450 Punitentiariam
295 2389 469 2462 declaravit,
489 2403 648 2448 usurarum
671 2383 891 2462 praestationem
918 2385 1043 2444 exsulo

37 2471 101 2536 tituio
118 2479 193 2555 legis
222 2476 316 2537 civilis
345 2494 480 2554 eousque
503 2476 690 2535 tolerandam
718 2490 793 2546 esse,
813 2473 910 2532 donec
933 2471 1045 2533 Sancto

36 2560 103 2625 iader
118 2567 304 2643 definitivum
317 2567 489 2626 donatorum
507 2565 646 2638 omiserit,
661 2570 687 2622 ct
706 2561 864 2622 dummodo
876 2561 1044 2638 prenitentes

36 2653 84 2719 [aut
96 2673 204 2716 usuras
224 2655 390 2730 exigentes
406 2655 455 2715 vel
470 2655 631 2724 solventes)
642 2651 744 2729 porott'
754 2650 814 2710 sint
825 2657 903 2711 storo
915 2649 1043 2710 mondo·

36 2740 62 2800 tir
73 2742 183 2805 Sancta
197 2742 281 2806 Sedis
296 2747 346 2817 (8).

56 2893 86 2957 (i)
102 2894 267 2960 Exemplum
285 2893 418 2946 hebemus
440 2892 468 2944 in
487 2905 561 2956 casn,
581 2903 634 2956 quo
648 2891 785 2941 muniatur
803 2901 864 2940 cum
880 2889 1043 2942 mutuatorie

34 2967 179 3028 paciscatur,
193 2971 225 3016 ut
236 2965 288 3018 sihi
303 2964 397 3016 reddat
410 2976 518 3028 usurae,
533 2965 556 3014 si
571 2963 629 3029 ipse
641 2961 675 3012 ob
690 2961 821 3012 defectum
835 2960 955 3025 pecuniae
965 2974 1042 3012 suam

34 3044 74 3084 non
82 3038 178 3102 poterit
194 3045 348 3088 restaurare
362 3035 482 3097 domum,
497 3046 557 3098 qum
572 3033 741 3097 reparatione
756 3031 874 3096 indiget3
890 3035 917 3082 et
929 3031 957 3082 in
967 3045 1040 3093 casu,

34 3102 54 3153 in
66 3121 113 3172 quo
127 3109 163 3160 ob
181 3121 285 3158 moram
300 3105 458 3158 restituendi
474 3110 596 3155 mutuum
607 3103 664 3168 ipse
673 3105 806 3153 mutuator
820 3106 927 3154 coactus
942 3103 986 3166 sit,
997 3116 1039 3155 ex.

34 3187 64 3235 ti·
83 3179 248 3230 frumentum
263 3177 315 3228 sibi
329 3176 426 3240 majori
443 3175 531 3240 pretio
551 3186 649 3234 emere,
672 3172 743 3237 quod
757 3173 854 3223 minori
877 3171 995 3236 emisset,
1017 3173 1040 3223 si

33 3256 71 3297 sno
79 3253 199 3318 tempore
213 3248 318 3300 debitor
330 3251 453 3298 mutuum
464 3245 595 3296 solvisset.
607 3271 638 3280 -
646 3243 679 3308 (t)
693 3243 749 3294 Hoc
759 3244 861 3295 eruitur
869 3256 902 3295 ex
916 3240 1037 3294 celebre-

33 3317 123 3371 tissima
135 3321 220 3371 Bulte
231 3320 302 3371 circa
315 3331 413 3370 usuras
427 3317 498 3368 edita
514 3329 530 3366 a
544 3315 688 3366 Benedicta
702 3315 775 3366 xlv.
793 3313 840 3365 Via
849 3312 980 3380 pervenit.
996 3311 1041 3364 Ad

33 3385 141 3440 effectum
157 3391 270 3442 citatum
284 3395 373 3441 tamen
391 3387 522 3454 praevium
545 3391 654 3452 pactum
674 3385 830 3450 requiritur,
844 3386 890 3435 aut
908 3382 1041 3448 posterior

32 3468 95 3511 mora
106 3461 269 3528 culpabilis;
283 3466 309 3512 et
322 3464 430 3526 pactum
444 3472 497 3509 non
511 3461 601 3524 potest
613 3457 742 3508 excedere
754 3455 957 3507 estimationem
971 3452 1040 3503 lucri

34 3535 160 3585 camus.
177 3557 209 3570 -
222 3531 257 3598 (3)
270 3531 328 3584 Hoc
341 3531 495 3595 contingere
509 3527 615 3582 duobus
628 3527 715 3580 modis
728 3524 916 3589 soletrprimo,
931 3523 1039 3586 quondo
