2426 4070
371 212 375 217 ,
464 124 634 212 ,-i'ea-

48 267 199 328 untessarii,
214 269 239 320 et
249 267 285 321 ad
298 267 432 320 internam
445 267 528 320 animi
542 266 766 334 tranquillitatem
783 265 959 321 obtinendam
976 279 1054 334 opor·

51 345 100 401 tere,
113 343 143 392 nt
158 339 238 391 ambo
257 353 419 392 consensum
440 339 468 390 in
484 339 685 391 matrimonium
697 344 835 398 renovent.
851 339 952 392 atinde
966 335 1055 390 dicet.

49 409 101 476 lopo
116 415 148 473 te,
158 413 189 464 ut
204 409 236 462 de
248 424 316 464 nouo
332 409 479 463 contrahas
493 423 607 474 mecurio,
620 423 714 478 necque
726 409 758 463 irs
772 411 910 476 conjupem
919 423 987 462 nouo
996 422 1057 462 emt·

47 496 109 534 reum
119 481 245 547 occipias.
259 485 340 545 prout
358 495 402 547 epo
417 486 442 534 tc
464 496 496 533 ec
517 495 591 534 nunc
606 482 637 534 in
651 482 792 548 cuniupem
807 481 927 547 accipio:
944 481 1016 546 quod
1032 481 1056 532 si

47 553 101 604 alter
112 553 280 618 respondeat,
296 553 391 618 placet,
406 548 551 616 consentio,
572 552 604 604 de
618 566 687 606 uoco
703 557 728 607 te
742 553 772 605 in
788 552 929 619 coujupem
942 551 1055 615 occipio.

48 627 87 675 etc.
100 639 140 676 res
153 625 183 675 in
197 632 255 676 tuto
270 629 320 688 est,
336 629 363 677 et
376 625 578 676 matrimonium
600 625 650 676 rite
666 623 839 677 revelidatur.
857 624 902 675 Sic
916 623 988 675 enim
1004 622 1055 672 im·

50 695 175 760 pedimenti
190 695 303 761 ignarus
317 695 350 748 do
367 695 530 747 matrimonii
547 696 672 747 nullitate
693 698 764 747 rscts
786 696 954 754 certioratur,
966 700 993 746 et
1006 694 1054 746 de-

52 765 122 816 lictum
135 781 189 818 non
203 767 346 832 detegitur.
362 767 459 832 Neque
478 781 526 830 per
545 767 597 818 hoc
618 768 767 818 timendum
786 767 975 818 mandacium:
992 779 1056 816 nam

52 851 125 890 rerum
138 853 247 904 semper
261 843 312 898 est,
325 839 398 904 quod
412 839 460 890 ubi
475 839 552 890 adest
571 838 793 904 impedimentum
808 838 947 898 dirimens,
961 838 1013 888 rite
1028 837 1057 887 in

50 910 231 962 matrimonium
255 923 404 962 consensus
425 924 479 961 non
501 909 589 960 detur.
613 908 787 962 Reitlenstuel
810 909 859 960 loc.
883 909 927 960 cit.
949 923 976 959 n.
1000 909 1056 960 596.

51 978 158 1032 (timidus
178 981 214 1032 ad
234 995 296 1045 cap.
320 983 334 1032 5
354 981 387 1032 de
407 980 518 1032 secund.
540 983 615 1048 nupt.
638 981 753 1048 append.
776 981 800 1039 2,
818 993 846 1030 n.
867 981 881 1030 5
901 982 927 1030 et
941 977 1055 1030 Benedi-

51 1055 97 1102 ctus
108 1051 169 1105 xlv
183 1052 229 1105 cit.
246 1053 313 1104 Inst.
330 1066 356 1105 n.
367 1053 408 1104 78.
419 1079 450 1090 -
462 1051 576 1118 (t)lnst.
597 1052 641 1104 cit.
657 1067 684 1103 n.
699 1051 727 1104 u
743 1054 770 1104 et
783 1064 859 1116 seqq.
872 1077 902 1088 -
919 1051 950 1114 (5)
966 1049 1056 1102 Giml·

51 1121 91 1174 dus
101 1123 147 1176 loo.
161 1125 208 1177 cit.
410 1135 412 1137 ·

78 1296 132 1352 ue.
148 1297 216 1352 llaec
230 1291 426 1368 dispensandi
444 1290 474 1351 iu
488 1291 591 1352 radice
602 1291 699 1350 torma
712 1288 743 1349 in
761 1307 798 1352 eo
819 1289 963 1363 consistit,
979 1289 1061 1366 quod

51 1381 168 1441 loutitex
184 1382 216 1441 in
232 1398 308 1442 casu
320 1379 492 1456 particulari
506 1380 631 1454 abrogat
640 1381 736 1455 legem
751 1379 924 1439 afferentem
934 1377 1060 1455 impedi·

53 1476 176 1544 mentum,
185 1471 222 1532 'et
235 1470 406 1542 imitatrici
418 1474 541 1528 revocat
556 1485 661 1528 omues
672 1469 805 1539 effectus,
822 1484 898 1542 quos
911 1467 1060 1526 incudem

55 1571 113 1616 uaso
119 1557 180 1634 ipsa
187 1560 335 1634 abrogata
343 1559 393 1618 lex
403 1558 464 1633 jam
476 1557 669 1632 produxerat.
681 1557 751 1616 ldeo
760 1563 851 1632 petet,
864 1555 1060 1632 dispensatio-

56 1660 110 1704 nem
117 1646 144 1704 iu
152 1647 252 1709 radice
261 1645 445 1707 matrimonii
453 1645 524 1704 illud
532 1644 612 1704 idem
619 1645 746 1717 efficere,
757 1662 792 1704 ac
800 1645 825 1704 si
836 1652 904 1704 ante
913 1645 1062 1704 matrimo·

57 1732 122 1792 dum
135 1734 340 1812 impedimenti
354 1735 405 1794 lex
419 1733 522 1792 fuisset
536 1732 660 1792 sublate.
676 1733 734 1794 Sed
751 1734 809 1792 hoc
824 1732 1062 1794 extraordinario

58 1823 169 1882 remedio
177 1821 456 1884 summuePontiiex
464 1821 505 1881 uti
520 1837 580 1880 nou
596 1823 682 1893 solet,
693 1821 749 1880 niei
760 1837 798 1880 ex
808 1821 890 1898 gravi
902 1829 932 1882 et
947 1820 1064 1898 urgenti

59 1917 191 1986 musam),
203 1919 237 1972 ut
252 1911 279 1972 si
303 1911 549 1987 impedimentum
570 1910 685 1986 absque
702 1911 844 1986 gravibus
865 1909 1064 1972 incommodis

61 1998 242 2080 altericonjugi
258 2000 443 2060 manifestari
457 2005 594 2076 nequeat,
606 2001 655 2059 vel
668 2001 778 2076 conjux
792 2001 897 2060 volens
910 1999 1064 2059 matrimo-

60 2085 134 2162 nium,
155 2091 228 2152 nolit
252 2105 403 2150 renouare
427 2105 618 2163 consensum,
636 2090 685 2149 vel
706 2090 827 2150 demum
846 2106 907 2149 non
925 2089 1065 2164 expediat

63 2179 182 2254 conjuges
198 2179 354 2240 incorum
371 2178 451 2236 boue
470 2177 529 2236 tide
552 2177 687 2251 turbare,
712 2178 781 2254 quia
804 2177 927 2237 monitio
945 2194 1006 2236 uon
1027 2175 1064 2236 sit

62 2265 202 2341 protutura,
224 2265 310 2342 quod
329 2265 465 2326 ultimum
480 2264 589 2325 debent
604 2265 776 2326 corrtessarii
794 2265 951 2342 diligenter
970 2265 1065 2327 medi·

66 2351 114 2426 tari,
132 2371 168 2415 ue
184 2352 341 2416 materiale
356 2360 513 2429 peccatum
525 2353 576 2412 flat
589 2353 737 2428 formale(
756 2357 777 2426 l.

88 2497 245 2562 (l)·Pontiiex
260 2504 352 2552 tamen
370 2514 508 2566 nunquam
523 2500 671 2566 dispensat,
690 2501 713 2552 si
735 2505 831 2568 agatur
849 2500 883 2552 de
897 2514 988 2553 errore
1002 2515 1065 2568 per·

67 2578 131 2628 sona,
144 2573 204 2637 quia
215 2573 262 2624 hic
278 2586 353 2624 error
367 2571 458 2637 adjus
478 2572 602 2623 naturale
617 2573 740 2623 retertur.
762 2572 890 2624 Giraldus
909 2573 960 2623 loc.
977 2573 1021 2624 cit.
1036 2599 1067 2610 -

68 2637 93 2700 (i)
108 2641 139 2692 tie
152 2643 200 2694 hac
213 2643 424 2710 dispensatione,
444 2642 507 2693 deta
526 2657 616 2707 opere,
633 2643 688 2707 agit
704 2643 865 2696 Benedictus
882 2644 948 2695 XlV
962 2645 990 2695 iu
1008 2644 1065 2696 bul.

69 2704 112 2760 diri
123 2713 340 2777 matrimonialis,
351 2719 378 2766 et
392 2715 472 2765 etiam
486 2713 519 2766 do
533 2715 631 2780 Synod.
647 2716 666 2765 l.
682 2715 719 2774 13,
732 2729 753 2766 c.
765 2716 805 2777 21,
815 2730 842 2766 n.
857 2715 885 2777 ‘13
900 2720 927 2766 et
940 2717 1067 2768 ohserva-

70 2791 115 2832 uus
127 2798 156 2834 en
170 2785 303 2838 hodierna
317 2785 343 2836 S.
358 2784 435 2835 Sedis
449 2787 525 2851 praxi
539 2801 571 2836 ex
587 2787 754 2852 gravissimis
768 2787 866 2848 causis,
877 2791 903 2838 et
917 2788 945 2838 in
959 2788 1068 2842 casibus

71 2855 266 2908 extraordinariis
287 2856 448 2922 quandoque
471 2851 604 2923 episcopis
620 2857 774 2909 facultatem
798 2858 907 2909 concedi
930 2859 959 2909 in
978 2861 1069 2912 radice

72 2918 229 2987 dispensandi,
252 2930 286 2979 ut
305 2926 355 2978 hoc
378 2927 479 2979 saeoulo
504 2929 639 2994 episcopis
665 2928 760 2980 Gallim
784 2929 887 2996 pluries
911 2944 1070 2984 conoessum

72 2989 137 3048 fuum
147 3000 260 3052 testatur
273 2999 376 3050 Auctor
389 2997 482 3049 Andre
495 2998 774 3068 verbodispenseflu.
975 3008 979 3016 ·

99 3164 150 3223 lu.
165 3144 309 3238 Quaeritur
327 3164 455 3242 denique
472 3183 511 3226 en
529 3170 695 3243 Episcopus
705 3169 773 3244 iure
786 3168 938 3232 ordinario
955 3170 986 3232 in
999 3171 1070 3232 diri-
1119 3230 1123 3240 ,

73 3257 152 3312 tuente
162 3254 340 3315 matrimonii
353 3254 565 3331 impedimento
579 3274 598 3316 a
613 3257 679 3332 lege
692 3257 896 3321 ecclesiastica
909 3261 1070 3321 constituto

22 3359 24 3428 ζ
76 3348 144 3410 queat
155 3343 347 3420 dispensare?
361 3349 405 3404 Ex
416 3345 568 3404 communi
579 3351 739 3406 Doctorum
753 3348 898 3409 sententia
911 3349 1072 3425 responde

22 3428 25 3436 ’
76 3439 140 3486 uus:
151 3431 174 3490 si
185 3431 430 3509 impedimentum
443 3433 482 3494 sit
495 3434 656 3510 publicum,
665 3437 809 3512 negative,
825 3437 893 3514 quia
907 3439 1071 3515 Episcopus

78 3515 191 3580 udaia
202 3524 300 3598 legem
320 3523 438 3586 auterre
458 3541 519 3584 uon
539 3532 648 3603 potest,
670 3525 727 3586 nisi
740 3526 771 3586 id
784 3527 836 3587 flat
853 3543 892 3586 ex
910 3531 1069 3586 cousuetu-

163 3619 197 3672 11.
931 3625 947 3678 ⁸
