2426 4070
574 241 604 254 ·-
625 212 731 270 tis-

908 299 911 322 Ι

135 339 325 406 excepto-casa
340 335 472 390 absolute
488 334 659 388 necessitatis
681 335 710 386 in
726 331 872 400 baptismo,
886 335 914 386 et
930 333 1045 399 periculi
1064 333 1168 386 mortis

135 409 344 475 inpoenitentia,
364 421 410 460 eos
429 407 504 459 adire
520 421 569 470 pro
591 405 771 458 celebratione
791 405 964 464 matrimonii,
977 406 1017 456 eis
1031 405 1168 457 assistere

136 483 163 533 in
178 493 288 530 munere
301 479 412 546 petrini,
428 493 489 530 cum
502 477 651 543 baptizent,
664 481 691 528 et
704 477 739 528 ab
753 477 794 528 eis
806 475 1023 528 benedictionem
1036 490 1087 544 pro
1101 491 1166 527 mu·

136 553 249 604 lienibus
263 554 325 614 post
338 555 445 615 partum
459 552 560 615 petere,
571 552 602 599 ut
611 549 716 600 eruitur
729 562 762 599 ex
777 548 914 611 responsis
929 547 963 598 ab
978 547 1074 599 eodem
1089 548 1166 598 Pon-

136 623 208 676 tliice
221 621 291 672 detis
305 621 349 673 die
368 621 399 672 28
419 625 497 671 mart.
522 620 591 670 laea.
611 621 730 671 Theiner
747 619 805 670 doc.
822 617 971 670 inediam.
989 619 1012 676 l,
1025 633 1053 669 n.
1068 619 1111 678 tl,
1126 621 1167 683 30,

138 694 177 756 33,
193 693 223 744 ta
237 695 266 744 et
279 693 318 743 57.
333 691 413 744 Unde
427 690 599 742 matrimonia
611 691 683 742 laeta
695 703 785 742 coram
800 688 919 754 parocho
932 689 1027 742 Paroa
1040 689 1167 752 molesia,

138 765 173 816 ad
187 776 268 829 quam
281 763 454 830 sepertinere
468 762 663 826 gloriabantur,
674 761 749 812 nulla
760 761 854 812 habita
867 761 987 813 luerunt.
997 763 1079 812 Auct.
1091 762 1168 813 abbe

139 834 231 886 Andre
245 835 327 886 verbo
342 831 580 886 clandestiaitd.—
592 834 627 897 (5)
641 833 735 898 Neque
749 833 919 884 necessarius
935 838 976 883 est
986 834 1046 896 eius
1057 833 1092 884 ad
1104 847 1165 885 ma-

140 905 296 957 trimonium
316 917 472 962 consensus.
492 909 523 956 ut
538 903 642 955 eruitur
659 917 690 956 ex
712 903 826 968 epistola
840 903 883 953 Pii
898 903 949 954 Vll
964 903 998 954 ed
1015 905 1168 970 imperato-

141 991 198 1028 rem
212 976 394 1041 Napoleonem
407 976 421 1026 l
435 989 516 1041 quam
530 987 581 1039 per
597 979 737 1026 extensum
752 974 862 1026 exhibet
875 974 972 1026 citatus
985 983 1079 1026 auctor
1095 975 1169 1026 ebbe

140 1049 234 1100 Andre
247 1048 275 1098 in
289 1061 338 1099 suo
351 1048 413 1098 Cur.
428 1046 487 1098 lur.
502 1047 567 1098 Gan.
582 1046 665 1098 verbo
677 1043 878 1098 Olcadestiaitd.
893 1045 1079 1098 Contendebat
1092 1048 1170 1098 enim

141 1120 298 1184 Imperator,
312 1117 513 1169 matrimonium
530 1117 620 1168 fratris
638 1117 680 1168 sui
695 1116 851 1181 Hieronymi
866 1129 927 1168 esee
945 1117 1051 1190 nullum
1069 1131 1103 1168 ex
1118 1118 1169 1169 de-

141 1191 213 1243 lectu
228 1203 376 1242 consensus
390 1203 423 1241 ex
436 1194 512 1255 parte
531 1187 660 1254 paroch13
674 1181 721 1238 led
735 1187 857 1240 Pontiiex
871 1187 999 1252 declaret,
1014 1187 1086 1242 hanc
1101 1203 1170 1242 cau·

142 1275 201 1314 sam
219 1275 273 1312 non
293 1274 352 1312 esse
375 1260 597 1326 impedimentum
620 1259 760 1320 dirimens,
776 1263 802 1309 et
820 1259 981 1310 matrimonii
1000 1260 1172 1312 validitatem

142 1333 265 1384 sustinet.
281 1333 415 1383 Ceterum
431 1345 493 1381 oum
505 1344 559 1381 non
571 1332 606 1380 sit
618 1330 772 1381 necessaria
784 1329 813 1379 in
826 1330 942 1395 parocho
955 1331 1066 1383 intentio
1083 1333 1171 1384 assis·

142 1403 216 1456 tendi
234 1403 416 1467 matrimonio,
431 1406 458 1453 et
472 1415 554 1465 supra
568 1401 696 1458 vidimus.
711 1414 728 1451 a
747 1400 850 1452 fortiori
865 1403 1036 1454 necessarius
1057 1417 1113 1454 non
1128 1407 1171 1456 est

143 1478 204 1541 ejus
217 1487 373 1526 consensus.
388 1501 419 1512 -
432 1473 468 1537 (6)
483 1473 689 1524 Observandum
706 1475 807 1530 tamen.
823 1473 998 1524 Benedictum
1015 1474 1082 1526 XIV
1101 1476 1170 1526 scri·

143 1548 253 1598 bentem
265 1545 299 1596 ad
313 1545 461 1609 Episcopos
479 1543 599 1594 Potoniae
614 1544 642 1593 in
660 1543 717 1594 bul.
729 1541 853 1594 Nimium
866 1543 1005 1598 licentiam
1019 1545 1169 1606 declarare,

146 1631 200 1668 non
219 1629 299 1680 posse
315 1616 446 1681 parochos
461 1614 533 1666 licite
550 1614 619 1664 hanc
634 1614 829 1679 delegationem
843 1615 941 1679 iacere,
961 1617 1014 1668 nisi
1033 1617 1167 1684 lectitata,

145 1686 358 1753 pravasimaqoe
368 1685 399 1736 dc
409 1699 491 1754 caasa
501 1706 507 1734 :
517 1685 588 1736 unde
599 1684 749 1737 ordinariis
766 1686 927 1748 mandat,ne
936 1688 1171 1740 matrimoniorum

146 1758 329 1810 assistentiam
346 1757 471 1823 detegent
484 1756 545 1809 eliis
559 1756 744 1822 presbyteris,
758 1756 806 1808 sed
817 1758 933 1822 iubeant
948 1760 1072 1826 proprios
1087 1774 1169 1826 paro·

147 1831 212 1882 chos
224 1829 362 1882 assistere.

183 2021 245 2078 toa.
267 2015 350 2078 circe
365 2021 465 2089 testes,
483 2015 549 2076 haee
569 2015 772 2075 observamus.
795 2021 825 2076 1ο
843 2020 944 2077 lestes
958 2022 1029 2091 tres,
1047 2019 1098 2079 vel
1112 2021 1170 2081 sal-

148 2115 210 2167 tem
231 2107 292 2166 duo
317 2105 429 2165 debent
455 2119 521 2164 esse
547 2104 737 2164 matrimonio
764 2112 946 2181 praesentes,
973 2113 1171 2185 mutuamque

148 2211 330 2272 sponsorum
350 2209 530 2254 consensum
548 2192 730 2268 intelligere,
753 2211 811 2253 nec
824 2196 914 2254 refert
934 2194 971 2255 ed
989 2196 1172 2258 validitatem

148 2283 340 2356 matrimonii,
359 2300 397 2342 an
417 2288 534 2357 sponte,
554 2283 603 2341 vel
625 2282 709 2342 inviti
728 2290 877 2352 maneant,
902 2300 942 2342 en
961 2284 1020 2343 sint
1034 2302 1172 2360 personae

148 2371 263 2443 habiles
279 2373 317 2433 ad
329 2371 487 2432 ferendum
509 2370 713 2430 testimonium
736 2371 766 2429 in
782 2371 906 2446 J'udicio,
925 2373 974 2432 vel
994 2390 1065 2448 oon,
1080 2375 1172 2434 modo

151 2478 190 2522 ex
201 2463 269 2537 jure
282 2460 409 2521 naturali
423 2465 533 2536 queant
547 2459 750 2518 testimonium
768 2459 877 2520 dicere.
899 2466 1060 2537 Propterea
1075 2464 1172 2524 valide

151 2551 293 2611 assistunt
314 2555 406 2609 testes
428 2547 651 2623 consanguinei,
676 2547 842 2622 domestici,
864 2549 1005 2624 foeminae,
1031 2552 1173 2628 minores,

152 2638 332 2715 impuberes,
356 2638 492 2709 iniemeS,
517 2636 658 2710 haeretici,
679 2643 709 2696 et
731 2637 820 2696 etiam
833 2638 1067 2711 infideles31icet
1080 2658 1173 2718 expe·

153 2727 224 2800 diat,
246 2733 279 2787 ut
303 2727 465 2802 seligantur
483 2716 539 2786 viri
559 2725 655 2801 probi,
675 2733 705 2786 et
726 2743 784 2786 non
803 2728 881 2802 vagi.
904 2732 934 2787 2⁰
951 2732 1052 2804 Testes
1065 2729 1175 2791 debent

154 2831 221 2875 esse
234 2823 398 2890 praesentes
412 2815 501 2874 simul
513 2831 582 2874 erun
596 2815 743 2890 parocho;
760 2832 829 2875 nem
845 2832 933 2876 secus
945 2832 1006 2877 non
1018 2817 1117 2877 forent
1131 2825 1175 2879 te·

154 2910 215 2963 stes
226 2904 265 2962 ed
279 2903 420 2963 eumdann
435 2910 546 2976 ectum,
561 2903 634 2962 dum
647 2905 807 2964 concilium
821 2905 955 2981 requirit,
969 2912 1003 2966 ut
1022 2907 1175 2968 matrimo-

154 2991 238 3052 nium
254 2992 447 3067 contrehatur
461 3008 564 3051 ocrem
577 2993 721 3067 parocho,
737 3000 766 3053 et
778 2993 912 3056 testibus.
928 3000 969 3056 Dc
983 3003 1091 3058 caetcro
1102 3015 1175 3058 eon-

155 3080 303 3142 trcversia
317 3080 395 3140 inter
408 3086 550 3141 Doctores
563 3089 619 3154 est,
634 3099 671 3142 an
695 3082 823 3144 debeant
842 3100 910 3144 esse
928 3086 1035 3162 rogati,
1054 3088 1102 3148 vel
1115 3089 1175 3149 ior·

156 3169 273 3232 maliter
286 3167 408 3229 adhibiti
421 3170 458 3230 ad
470 3177 571 3231 actum
584 3173 636 3244 (t).

189 3327 225 3393 (t)
239 3326 412 3378 Reiffenstuel
425 3327 458 3378 de
470 3327 559 3378 cland.
571 3327 698 3394 despons.
708 3341 735 3380 n.
749 3329 792 3381 108
802 3331 829 3381 et
841 3329 978 3396 Zallinger
990 3332 1049 3385 eod.
1061 3333 1124 3399 titt
1137 3334 1173 3394 71,

159 3399 187 3450 in
202 3403 257 3451 not.
273 3399 329 3450 Nos
343 3402 434 3449 temeri
448 3398 507 3449 haeo
521 3400 714 3452 concordantes
729 3415 790 3452 cum
809 3415 891 3468 supra
908 3404 1038 3470 expositis
1053 3405 1085 3458 do
1098 3417 1173 3471 paro·

160 3469 204 3522 chi
222 3471 375 3536 presentia,
391 3469 425 3520 etl
446 3469 611 3520 matrimonii
632 3471 798 3523 validitatem
820 3471 945 3526 sufficere
965 3475 1133 3536 arbitramur,
1152 3477 1173 3528 sl

160 3545 244 3593 testes
260 3543 315 3594 sint
334 3542 367 3592 ad
391 3541 441 3592 hoc
454 3541 482 3591 in
496 3540 644 3592 intentione
665 3543 880 3595 contrahentium
900 3546 1022 3612 adhibiti,
1046 3547 1106 3600 licet
1124 3562 1174 3600 nou

160 3613 217 3666 sint
236 3613 385 3666 formaliter
405 3613 499 3680 rogati.
516 3613 587 3666 Nam
600 3613 787 3667 Tridentinum
800 3617 1009 3702 supracitatum
1025 3618 1093 3670 nibil
1104 3619 1173 3672 aliud
