2560 4080
548 305 707 362 -tit-
788 345 791 354 .

117 429 142 482 i·
153 429 220 485 iacti
231 428 424 498 mesenate,
439 428 497 482 sive
511 429 640 494 continui,
654 430 731 496 enjus
745 431 821 484 aetna
835 430 974 498 perdurat,
987 433 1019 485 ut
1032 430 1061 484 ιιι
1072 443 1138 497 apo·

115 505 195 564 titia.
209 506 237 558 et
256 501 285 554 in
306 501 506 560 concubinarie,
529 501 576 567 qui
597 501 626 554 in
652 501 790 567 impietate
812 506 1004 568 perseverent3
1025 504 1050 554 ι·
1076 501 1140 556 iacti

117 573 294 635 mensenatis,
307 571 364 624 sive
384 571 542 632 deliciantis,
563 574 642 640 cujus
664 579 739 624 ectus
761 579 857 638 cessat,
869 579 901 624 ut
920 575 951 635 ιιιΙ
970 573 1141 636 homicidias

116 644 143 695 t·
152 645 222 696 laeti
236 643 389 710 interpolati
410 643 469 694 sire
490 643 644 709 interrupti,
657 647 735 711 cujus
748 649 823 696 actus
837 651 932 710 cessat,
948 650 975 698 et
987 659 1036 712 per
1056 646 1141 698 inter·

115 714 398 779 callerenccatur,t1t
420 714 448 766 in
462 715 597 767 usurario.
610 741 642 752 -
651 715 687 781 (i)
701 715 783 768 Aliud
799 717 953 782 exemplum
974 717 1034 768 dari
1053 718 1142 784 potest

114 787 145 840 in
161 787 267 846 olarios,
283 786 329 852 qui
352 786 392 840 sio
412 785 483 840 salet
501 800 563 839 cunr
577 787 689 841 immina
705 793 833 854 suspecta
850 789 1060 846 convenerint
1078 780 1144 856 poci

115 858 216 910 trinam
239 857 413 910 monitionem
426 856 515 910 adhuc
529 872 591 909 cum
610 872 643 910 aa
665 859 818 912 inveniatur
835 859 963 913 tabulari.
982 859 1056 914 Trid.
1071 873 1143 914 sess·

115 928 157 993 ie,
170 943 193 982 o.
209 928 246 994 li,
259 928 295 983 de
307 929 357 982 rei.
372 928 546 982 Reiffenstuol
555 929 589 982 de
603 929 698 984 ooliab.
713 930 778 984 cler.
793 935 820 983 ei
833 931 899 983 mul.
914 945 942 983 n.
956 931 993 983 18.

119 1145 122 1154 ,
150 1102 215 1162 titi.
230 1101 295 1160 iam
307 1113 380 1158 nero
393 1111 464 1159 cum
483 1095 596 1160 crimen
615 1097 715 1175 aliquo
727 1114 768 1158 ex
781 1097 869 1159 dictis
882 1097 980 1160 modis
991 1097 1145 1161 notorium
1172 1151 1185 1205 i

116 1194 173 1262 est,
185 1187 280 1266 judex
296 1186 335 1246 ad
353 1185 427 1246 illnd
444 1188 699 1262 compescendum
720 1188 880 1248 summarie
892 1188 1058 1263 procedere
1077 1193 1143 1264 pot-
1184 1212 1194 1266 ι,

118 1283 172 1339 eet.
184 1281 247 1337 lloc
260 1275 438 1354 generaliter
453 1275 569 1336 ratione
587 1276 731 1353 probetur
754 1293 845 1338 :nam
860 1277 910 1337 via
923 1277 1073 1338 ordinaria
1094 1278 1146 1354 ju·

117 1366 263 1428 diciorum
292 1365 460 1426 introducta
478 1357 524 1425 est
547 1363 586 1424 ad
602 1365 757 1427 veritatem
791 1364 1013 1441 inveniendam
1043 1365 1097 1427 sed
1115 1368 1146 1430 in

118 1455 244 1518 notoriis
269 1471 319 1516 rea
341 1453 495 1516 euidenter
520 1455 650 1532 loquitur
673 1472 728 1531 per
743 1472 792 1529 se;
813 1455 941 1532 ideoque
962 1456 1010 1515 via
1026 1455 1147 1516 ordine·

47 1553 49 1556 ’
120 1545 167 1607 ria
192 1550 327 1606 nonest.
355 1548 424 1603 inre
451 1541 541 1603 etiam
560 1544 705 1619 probatur
725 1561 817 1604 :narn
841 1545 1031 1606 Innocentius
1048 1551 1085 1606 ill
1103 1543 1147 1606 sic

121 1633 260 1696 rescribit
287 1631 519 1709 archiepiscopo
541 1631 744 1708 Neapolitano,
773 1632 824 1708 qui
841 1634 994 1710 juraverat
1009 1632 1041 1692 in
1064 1632 1147 1696 omni

31 1727 39 1741 '
122 1740 215 1786 causa
228 1720 363 1799 ordinem
373 1719 564 1798 iudiciarium
575 1721 735 1782 observare
748 1739 755 1784 :
767 1721 826 1782 Nos
833 1721 1046 1798 juramentum
1059 1729 1148 1784 tnenn

119 1811 277 1888 denipnics
301 1811 492 1887 interpretari
514 1809 651 1884 colentes,
670 1811 714 1871 ito
741 1810 818 1887 quod
839 1819 975 1872 consonet
1001 1811 1148 1872 mnonicis

119 1901 279 1974 incitetis,
293 1899 487 1960 Fraternitcti
501 1906 557 1959 tene
571 1900 745 1960 anctoritate
758 1901 949 1974 praesentiente
958 1900 1147 1976 intimenius,

123 1991 203 2068 qnod
231 1989 266 2050 in
290 1988 467 2064 manifestis,
487 1995 513 2046 et
527 1989 661 2058 notoriis,
678 1989 793 2049 ratione
812 1989 983 2065 juramenti
1007 1989 1147 2065 predicte,

122 2098 185 2142 non
197 2079 344 2140 necinus
360 2084 386 2136 te
406 2077 498 2137 teneri
515 2093 632 2138 servare
653 2076 846 2138 subtilitatem
860 2078 974 2138 ordinis
981 2078 1147 2154 judiciarii,

118 2185 216 2247 queem
228 2168 263 2230 in
276 2168 323 2230 icis
335 2183 398 2228 non
410 2166 525 2228 temeri
541 2183 594 2243 per
613 2167 725 2239 omnio,
748 2166 813 2242 ipse
820 2165 904 2242 jectis
918 2167 997 2228 ratio
1007 2167 1148 2242 postulet,

124 2267 152 2320 et
165 2257 290 2336 repetiit
303 2261 352 2328 (l).
370 2254 543 2332 specialiter
557 2271 629 2318 voro
642 2253 681 2314 de
698 2254 817 2314 notorio
835 2254 906 2314 iacti
918 2254 998 2316 idem
1017 2254 1151 2316 declaret

120 2347 292 2412 etmenden
319 2349 368 2418 ill,
394 2345 433 2404 ad
452 2342 716 2420 archiepiscopum
736 2348 921 2404 Gonuensem
947 2342 1101 2404 scribens:
1116 2341 1151 2404 Si

123 2441 240 2517 socient
254 2442 296 2500 ott
309 2434 471 2508 notantem,
481 2432 530 2507 eit,
539 2449 602 2494 nnn
613 2425 674 2509 caci
689 2432 807 2494 testinnt
821 2431 1044 2508 depositionibus
1054 2431 1150 2492 dmic-
1238 2475 1244 2486 .

123 2528 204 2602 cni,
219 2542 288 2588 cnm
302 2522 599 2600 intepretationem,
613 2523 658 2583 oct
674 2521 810 2582 ordinent
816 2521 1015 2598 jncincnnm
1028 2538 1091 2582 non
1103 2537 1151 2582 re·
1255 2518 1262 2533 '

122 2617 248 2696 quirunt
267 2617 319 2686 (2).
345 2612 427 2677 Idem
446 2610 485 2672 de
504 2609 622 2672 notorio
639 2609 716 2687 juris
737 2609 850 2672 eruitur
862 2627 902 2670 ex
916 2627 1064 2686 responso
1080 2615 1150 2672 Gre-
1231 2643 1233 2646 ·

4 2767 7 2784 ,
122 2704 201 2784 gorii
214 2708 251 2764 ill
271 2707 334 2777 (3);
357 2699 439 2762 etde
463 2697 581 2762 notorio
605 2699 844 2777 praesumptionis
864 2716 903 2760 ex
923 2699 1078 2776 responsis
1090 2705 1148 2766 liu.-

121 2794 207 2878 pend
220 2798 246 2856 ιι
259 2798 289 2852 ei
304 2771 460 2858 minsa
472 2793 510 2854 ιιι
526 2792 578 2862 (ιι.

158 2931 195 3001 (ι)
209 2931 273 3002 Gap.
287 2927 329 2988 ri.
344 2927 378 2981 de
391 2928 472 2994 luris.
487 2953 515 2965 -
530 2925 565 2993 (t)
579 2924 643 2993 Gap.
658 2927 682 2988 3,
698 2925 732 2979 dc
753 2926 844 2979 testib.
867 2939 960 2994 cogen.
978 2951 1009 2967 -
1030 2927 1067 2996 (3)
1087 2929 1152 2996 cap.

126 3003 178 3061 ult.
193 3003 227 3059 de
241 3001 336 3058 achab.
349 3000 415 3054 cler.
429 3004 458 3052 et
470 2999 537 3052 mni.
551 3025 583 3040 -
595 2999 630 3065 (i)
645 2999 711 3067 Gap.
727 2999 752 3058 t,
767 2999 793 3058 t,
807 3002 835 3051 et
844 2999 868 3060 6,
882 2998 941 3052 eod.

56 3209 72 3238 ο
165 3178 230 3235 ate.
245 3173 288 3234 td
313 3168 516 3231 inducendam
536 3173 636 3230 temen
659 3168 847 3244 praemissam
869 3169 1049 3230 evidentiam
1068 3171 1156 3246 plura

131 3263 337 3340 requiruntur,
350 3259 490 3322 nimirum
504 3276 512 3318 ι
527 3261 557 3316 i⁰
573 3257 651 3317 utin
665 3257 783 3318 notorio
796 3258 866 3318 lacti
880 3259 994 3319 crimen
1007 3263 1157 3334 patratum

131 3353 171 3414 sit
184 3353 293 3428 palam,
307 3347 435 3426 publice,
447 3352 477 3407 et
487 3347 598 3423 populo
609 3347 658 3407 vel
671 3347 883 3408 communitate
906 3347 1102 3424 inspectante,
1117 3347 1158 3408 lta

131 3448 168 3504 ut
179 3441 276 3518 major
290 3438 423 3516 ejusdem
437 3452 517 3511 pars,
531 3435 580 3495 vel
593 3436 697 3496 saltem
723 3435 842 3512 plunimi
852 3436 922 3497 iacti
938 3436 1092 3497 scientiam
1103 3437 1157 3496 ha-

131 3531 224 3594 beant
238 3533 290 3604 (i),
305 3534 335 3588 ct
348 3533 382 3589 ut
400 3524 494 3602 iudex
512 3523 632 3584 remita
649 3541 716 3586 esse
732 3532 816 3586 certo
833 3533 996 3602 eognoscat
1010 3529 1065 3600 (ιχ
1080 3531 1112 3586 2⁰
1126 3531 1160 3588 nt

7 3605 9 3614 X
127 3621 167 3692 ,in
180 3607 299 3682 notorio
309 3616 385 3695 jmis
395 3613 543 3676 consessio
552 3613 590 3676 sit
604 3621 779 3692 spontanea,
791 3615 840 3676 rel
852 3614 999 3676 sententia
1010 3615 1118 3692 raddo,
1129 3621 1160 3678 et

47 3725 50 3732 ’
121 3705 349 3782 immobilis,
364 3710 395 3767 ct
407 3709 442 3766 ut
456 3704 552 3788 judex
565 3721 605 3766 ex
618 3711 687 3768 actu
700 3703 896 3768 confessionis
916 3706 1098 3783 authentico,
1112 3707 1160 3767 vel

1016 3803 1058 3860 29.
