2426 4070
453 157 613 216 ..127-

30 277 117 332 larcin
130 279 254 330 consueto
270 278 350 333 libro.
365 281 393 330 et
406 278 468 331 ideo
479 279 589 332 easdem
603 279 717 342 litteras,
730 281 762 332 ut
778 293 807 332 sa
821 282 937 344 tueatur,
949 283 1040 346 potest

32 364 138 416 penesse
148 351 290 401 custodire.
309 351 395 402 Immo
409 351 517 416 quaudo
531 351 715 403 concubinarii
730 367 778 416 pro
792 353 864 404 veris
881 353 1038 418 conjugibus

31 422 121 486 publice
134 421 274 479 habentur,
292 421 360 472 duas
372 437 495 473 seorsum
512 423 615 474 litteras
630 421 838 489 dispensationis
853 425 990 485 concedit;
1010 425 1038 474 in

30 494 110 558 primis
126 493 273 557 dispensat,
292 499 319 544 et
333 494 413 558 jubet
429 493 533 544 litteras
546 495 677 553 lacerari;
693 494 720 543 in
736 495 862 544 secundis
878 495 972 545 tribuit
986 509 1036 562 pa-

30 565 98 614 rocho
116 564 279 627 facultatem,
301 568 333 614 ut
355 564 463 615 ineatur
488 565 687 614 matrimonium
709 579 799 615 coram
814 579 852 626 se,
868 573 894 616 et
912 567 1038 629 testibus,
1098 609 1104 618 .

31 636 119 700 absque
143 636 269 686 mandato
288 649 335 686 eas
348 637 495 696 lacerandi,
512 636 646 702 simulque
660 637 773 699 jubetur
787 637 815 686 iu
828 637 895 688 libro
911 637 1039 690 adnotare

32 706 94 756 idem
104 707 300 757 matrimonium
320 721 352 758 aa
366 707 514 771 diligentia,
530 721 612 772 quam
627 707 790 758 Benedictus
805 709 868 758 XIV
886 710 1040 772 praescribit

35 776 64 826 de
76 777 241 827 matrimoniis
256 778 437 828 conscientiae.
454 777 582 830 Giraldus
598 778 631 828 ad
646 792 705 842 cap.
723 781 747 840 5,
767 779 800 828 de
814 779 939 830 secundis
962 785 1038 846 nupt.

34 847 135 910 append.
148 849 172 898 l.
189 847 241 898 Sed
257 849 347 903 adime
361 845 402 898 est
418 849 575 906 notandum,
593 848 664 914 quod
688 849 794 914 quando
813 849 911 900 litterae
930 851 1039 916 dispen-

33 919 129 970 sationis
144 921 206 969 sunt
220 920 339 984 rigorose
354 919 500 977 lucrandae,
520 933 574 970 nun
591 923 633 970 est
649 921 813 985 prohibitum
828 933 920 970 earum
935 921 1039 988 copiam

32 1001 73 1051 pro
84 989 197 1054 propria,
208 990 378 1056 aliorumque
391 991 567 1042 instructione
577 995 605 1042 et
615 992 745 1042 memorie
755 991 870 1042 condere
883 995 911 1042 et
921 1005 1039 1050 servare,

33 1058 157 1180 mopp³non
169 1061 205 1112 sit
218 1061 296 1126 eopia
308 1061 337 1112 in
354 1062 440 1112 torma
452 1061 615 1115 authentica.
629 1061 805 1114 Reiffenstuel
817 1062 845 1112 in
862 1063 906 1113 cit.
923 1062 1040 1128 append.

33 1141 55 1178 n.
110 1171 115 1181 .

59 1319 115 1374 na.
135 1317 249 1376 nataris
263 1316 432 1393 apostoliea
455 1316 608 1394 dispensat
621 1316 652 1376 in
666 1315 887 1392 impedimentis
904 1316 1041 1392 publicis.

35 1403 189 1464 libellusad
198 1406 342 1481 hocopus
356 1407 453 1466 eidem
464 1407 635 1466 offerendus
645 1406 734 1466 debet
746 1406 899 1465 continere
913 1425 920 1464 ε
934 1411 964 1464 1ο
976 1412 1043 1482 spe

36 1490 106 1567 elem,
119 1501 148 1554 et
161 1501 297 1554 naturam
311 1495 533 1570 impedimenti,
549 1497 597 1554 vel
610 1496 901 1571 impedimentorum,
918 1495 942 1554 si
957 1497 1044 1571 plura

36 1577 244 1653 satanacam
268 1584 348 1644 linea
362 1591 392 1644 et
405 1586 546 1664 gradibus
570 1602 609 1644 ex
631 1591 758 1660 utraque
777 1590 862 1659 parte
880 1587 931 1654 (t).
947 1583 1004 1644 Sed
1019 1584 1044 1644 ai

36 1663 125 1729 horum
148 1671 430 1746 impedimentorum
455 1674 534 1732 aliud
556 1673 774 1748 sitpublicum,
794 1683 824 1733 et
842 1672 921 1732 aliud
948 1674 1044 1734 occul-

38 1761 95 1830 tam,
109 1761 252 1835 quaeritur
266 1779 283 1820 a
298 1761 412 1820 llataria
433 1761 613 1838 dispensatio
627 1761 657 1819 in
672 1761 803 1836 publicu,
819 1767 848 1820 et
861 1779 880 1820 a
894 1761 1043 1821 Paeniten-

39 1845 106 1906 tiaria
116 1848 146 1908 in
159 1851 289 1924 occulto,
302 1851 342 1909 ita
351 1858 451 1911 tamen
459 1858 492 1911 ut
500 1851 728 1911 Posititentiariae
742 1850 1046 1926 significeturdispen-

40 1935 99 1995 satio
123 1939 221 2014 quoad
238 1939 465 2016 publicumjam
480 1939 629 2000 altataria
645 1941 737 2015 petita
749 1946 779 2006 et
798 1940 929 2000 obtenta.
945 1943 975 1998 2⁰
986 1945 1044 1999 No·

38 2039 95 2082 men
110 2033 140 2086 si
160 2043 328 2101 cognomen
342 2033 499 2089 oratorum
513 2045 573 2088 una
592 2045 661 2088 cum
675 2028 879 2102 designatione
895 2027 1044 2102 discessis,

39 2113 69 2170 ad
89 2132 174 2190 quam
191 2117 359 2193 pertinent:
376 2135 445 2178 nant
460 2135 547 2178 error
565 2118 595 2176 in
609 2118 731 2176 nomine
743 2122 897 2176 oratorum
911 2133 951 2176 ex
966 2117 1045 2192 stylo

40 2202 116 2262 turias
128 2193 217 2265 vitiat
235 2207 423 2282 rescriptum,
448 2208 506 2268 nisi
524 2225 609 2267 error
622 2207 659 2266 sit
679 2211 794 2265 mutum
809 2204 1001 2264 accidentalis
1015 2205 1046 2264 in

40 2290 121 2366 alque
134 2295 257 2370 syllaba,
278 2303 312 2354 ut
325 2295 351 2354 si
369 2296 516 2356 scribatur
542 2295 706 2356 Antoninus
728 2311 784 2370 pro
804 2293 946 2366 Antonio,
974 2292 1046 2354 item

42 2395 110 2440 error
122 2382 153 2442 in
166 2384 285 2444 nomine
302 2385 450 2458 dioecesis,
467 2385 608 2460 quiahoc
628 2401 698 2444 casu
712 2384 858 2459 delegatio
873 2401 934 2442 non
949 2383 1047 2459 pot'est

43 2471 133 2546 exequi
147 2473 184 2530 ab
202 2473 356 2533 ordinario
370 2481 533 2546 oratorum,
551 2473 598 2532 cui
612 2472 741 2532 nonfuit
759 2471 929 2546 commissa,
949 2489 1047 2547 neque

43 2557 70 2614 ab
82 2559 146 2634 alio,
170 2561 217 2620 cui
232 2564 286 2622 fuit
307 2579 361 2638 per
386 2579 520 2623 errorem
541 2563 629 2621 lacta.
649 2567 678 2622 3ο
699 2566 822 2621 Causam
843 2560 1046 2636 dispensandi,

43 2662 95 2721 que
114 2655 297 2725 potestesse
320 2652 429 2712 nativo
452 2659 482 2711 ct
501 2651 685 2728 principalia,
710 2657 743 2710 ut
764 2655 834 2710 sunt
858 2649 1045 2724 supradicte,

44 2737 147 2810 mando
164 2739 332 2815 singillatim
353 2747 580 2816 proponuntur,
597 2741 645 2799 vel
660 2745 774 2799 tautum
786 2737 945 2814 impulsiva
956 2744 987 2798 et
1003 2755 1047 2798 ac-

44 2827 172 2887 andana
182 2850 192 2887 .·
206 2847 297 2888 eausa
312 2829 425 2890 motiva
441 2835 471 2890 et
488 2829 584 2888 finalis
597 2829 671 2888 falsa
685 2828 767 2887 vitiat
782 2826 1045 2903 dispensationem,

46 2917 111 2989 qua,
140 2934 174 2976 ee
200 2934 261 2978 nou
284 2919 432 2994 exposita,
461 2916 714 2993 dispensationem
728 2921 806 2992 Papa
820 2933 881 2976 uon
897 2916 1047 2990 dedisset,

46 3019 122 3065 ausa
147 3023 215 3066 vero
235 3007 392 3083 impulsiva
418 3008 493 3066 falsa
509 3005 684 3082 regulariter
709 3005 961 3081 dispensationem
987 3023 1049 3066 non

44 3094 113 3154 naar
125 3097 162 3167 (t)
177 3115 184 3154 :
199 3113 269 3156 nam
284 3097 417 3156 Pontifex
426 3097 464 3156 ab
478 3113 513 3156 ea
525 3095 563 3156 ad
578 3094 810 3169 dispensandum
823 3113 885 3156 non
898 3101 1048 3168 movetur,

45 3190 76 3255 et,
88 3201 122 3244 ea
135 3183 217 3244 etmm
231 3202 292 3246 uon
307 3184 453 3263 exposita,
475 3185 574 3244 adhuc
590 3183 802 3259 dispensasset,
824 3185 895 3244 licet
914 3201 976 3244 non
991 3191 1049 3242 tam

44 3271 117 3334 tacite
131 3274 227 3334 etcito
242 3279 293 3348 (3).
311 3281 341 3336 4⁰
357 3280 563 3334 incestuosum
580 3272 792 3334 commercium
813 3273 889 3334 inter
912 3279 1048 3333 oratores

46 3361 164 3443 habitum
181 3370 250 3425 ante
274 3364 518 3436 matrimonium,
536 3373 565 3441 et
589 3369 657 3439 post
677 3362 909 3434 matrimonium,
923 3377 962 3420 an
976 3359 1049 3418 illud

48 3469 104 3514 cum
128 3453 208 3528 maa,
232 3454 279 3514 vel
302 3454 383 3514 bona
410 3453 470 3512 lide
488 3452 644 3512 infaciem
669 3449 809 3512 Ecclesiae
834 3446 1047 3510 contraxerint.

48 3543 200 3640 amuletis
224 3543 457 3606 declarationem
476 3547 571 3602 status
592 3541 779 3601 fortunarum
795 3538 929 3614 ipsorum
949 3539 1049 3594 orato·
