2410 4068
473 187 635 244 ...223-

75 311 127 368 tte.
140 307 218 368 licet
231 323 304 368 vero
318 325 358 368 ex
369 309 473 385 regulo
486 308 619 385 generali
631 307 777 367 beneficia
791 305 882 366 dividi
896 311 1056 382 nequeant,

50 396 102 472 quia
113 412 199 456 omne
221 397 402 457 beneficium
421 404 487 456 tum
503 397 612 472 majus,
632 404 697 456 tum
709 395 809 456 minus
823 412 863 455 ex
880 411 934 455 sua
953 400 1060 455 natura

50 502 123 545 unum
135 503 243 561 corpus
255 486 356 559 elficit,
374 491 404 546 et
419 501 514 548 unum
534 491 651 545 tontum
665 484 789 562 requirit
806 485 1004 557 sacerdotem,
1021 501 1060 544 ne

49 572 134 634 inuno
146 591 273 649 corpore
298 577 387 650 plura
399 574 459 634 sint
472 573 570 650 capita
585 578 625 647 (t)
642 591 650 646 3
667 572 860 634 nihilominus
871 590 910 633 ex
927 573 1059 633 rationa-

49 662 88 721 bili
100 681 182 724 eausa
195 670 261 724 tum
274 668 353 740 Papo
372 668 473 739 potest
498 661 703 740 episcopatus,
728 669 759 722 et
776 661 922 724 beneflcio
942 664 1057 738 majora

49 750 167 824 dividere,
193 757 257 813 tum
282 752 443 828 episcopus
469 751 615 810 beneficia
640 750 765 825 minora,
789 757 820 810 et
832 750 990 827 parochias
1004 755 1055 825 (2).

49 839 114 899 latio
126 846 178 914 est,
203 839 272 916 quia
287 841 467 916 quandoque
480 841 554 900 tales
575 846 737 900 occurrunt
759 839 999 914 circumstantiae,
1025 848 1059 900 ut

48 927 111 988 bono
122 929 260 988 Ecclesiae
285 935 315 988 et
337 929 503 989 animarum
528 927 615 988 valde
639 928 788 1006 expediat,
817 945 856 988 ex
874 944 936 988 uno
955 927 1059 1004 pingui

47 1017 181 1090 beneflcio,
197 1019 297 1078 velex
313 1035 375 1078 una
388 1018 487 1092 ampla
507 1016 660 1092 parochie,
676 1017 736 1078 duo
749 1015 904 1089 beneficia,
920 1017 969 1075 vel
982 1017 1058 1076 duas

47 1105 184 1178 parochias
198 1108 368 1180 efformare,
382 1123 448 1182 quae
462 1104 617 1182 proprium
630 1105 757 1166 habeant
779 1121 898 1180 eorpus,
914 1111 945 1164 et
957 1121 1058 1166 saeer-

47 1191 129 1253 dotem
143 1199 192 1267 (3).
210 1197 262 1254 llis
282 1194 313 1254 in
327 1195 446 1254 casibus
460 1195 563 1269 regula
576 1194 724 1268 generalis
743 1193 832 1254 debet
852 1191 1057 1254 limitationem

46 1280 101 1353 peti.
125 1282 314 1342 Radonabilis
332 1292 433 1344 autem
458 1301 549 1344 eausa
565 1301 602 1344 ea
618 1281 736 1357 dicitur,
750 1299 818 1358 quae
835 1281 1055 1356 necessitatem,

46 1377 83 1428 ant
94 1371 258 1431 evidentem
271 1371 428 1432 utilitatem
442 1374 528 1432 offert
542 1376 552 1444 t
572 1379 593 1446 ).

67 1535 95 1599 (l)
108 1537 169 1602 Gap.
184 1537 245 1588 8de
265 1538 350 1603 praeb.
365 1566 395 1576 -
408 1537 444 1603 (2)
459 1537 523 1602 Cap.
538 1537 579 1600 ta,
595 1537 655 1588 eod.
673 1539 701 1589 et
719 1535 806 1590 Gloss.
829 1537 857 1587 in
881 1536 925 1588 cit.
948 1549 1007 1602 cap.
1029 1538 1054 1602 8,

46 1607 108 1658 verbo
121 1605 294 1672 Dioisicnem,
310 1614 336 1660 et
352 1609 426 1660 Trid.
442 1623 508 1661 sess.
525 1610 565 1671 21,
580 1623 601 1660 c.
618 1609 642 1666 l,
657 1608 690 1660 de
704 1608 753 1662 rel.
768 1634 797 1646 -
812 1609 847 1673 (3)
858 1607 964 1659 Revera
977 1607 1056 1658 Aler-

46 1677 110 1728 tnder
132 1678 183 1738 ΙΙΙ,
203 1679 251 1744 qui
266 1680 406 1743 prohibuit
419 1681 612 1732 beneficiorum
629 1679 790 1731 divisionem
804 1679 832 1730 in
845 1680 889 1730 cit.
906 1693 963 1744 cop.
982 1680 1005 1738 8,
1020 1678 1054 1730 de

46 1749 112 1809 preb.
127 1749 288 1802 divisionem
307 1751 443 1816 parochias
457 1752 582 1816 probavit
596 1752 624 1802 in
638 1765 699 1816 cap.
715 1753 729 1802 3
744 1751 778 1803 de
793 1750 858 1802 eccl.
874 1751 947 1803 edit.
969 1777 997 1790 ·-
1019 1751 1054 1814 (l)

48 1817 106 1870 thrd.
118 1819 210 1886 Soglia
220 1821 287 1872 inst.
299 1823 354 1886 jur.
371 1823 441 1888 priv.
456 1824 469 1887 fi
482 1822 522 1874 st.

69 2000 119 2057 529.
136 1999 219 2058 idem
230 1998 376 2075 judicium
397 1999 553 2059 ferendum
567 2004 613 2060 est
637 1997 674 2059 de
689 1997 961 2071 dismembraticne,
986 2013 1053 2074 quae

45 2081 94 2146 lieet
106 2087 134 2146 in
148 2105 183 2147 se
196 2087 346 2163 prohibita
361 2087 407 2162 sit,
425 2104 464 2148 ex
474 2089 562 2163 J'ustis
579 2093 677 2149 tamen
691 2087 802 2160 causis,
814 2093 844 2148 et
857 2085 988 2164 legitima
999 2103 1053 2146 au-

45 2174 156 2236 ctoritate
180 2175 262 2238 licita
280 2175 345 2236 fleri
372 2182 472 2254 potest
495 2179 546 2249 (t).
565 2176 618 2236 Hic
644 2192 705 2235 non
724 2175 874 2253 loquimur
887 2176 924 2236 de
939 2191 975 2234 ea
992 2173 1054 2233 dis-

44 2264 249 2338 umbratione,
275 2281 343 2340 quae
365 2265 431 2341 ipsc
455 2267 523 2340 iure
544 2266 586 2338 nt,
602 2271 636 2325 ut
656 2272 702 2326 cst
725 2281 818 2326 onera
831 2264 976 2324 beneficio
1000 2280 1054 2323 an·

44 2362 103 2408 nero
115 2355 244 2428 solvere,
257 2359 393 2428 annates,
410 2353 632 2429 synodaticum,
654 2352 819 2414 subsidium
834 2351 1052 2424 charitativum,

45 2439 121 2499 tarem
134 2459 191 2520 pro
206 2441 376 2514 seminario,
404 2440 521 2518 aliaque
535 2442 640 2504 similia
660 2442 899 2512 subministrare,
920 2440 972 2500 sed
987 2448 1053 2499 tan-

45 2527 134 2590 tunde
157 2530 433 2604 dismembratione,
454 2547 521 2607 quae
538 2547 577 2590 ex
594 2531 673 2591 iacto
696 2529 825 2590 hominis
840 2527 994 2603 contingit,
1017 2534 1051 2588 ut

45 2621 95 2674 sunt
106 2618 275 2692 pensiones,
289 2616 418 2692 vicariae,
433 2619 636 2694 coadiutoriae,
649 2625 679 2680 et
693 2617 891 2680 commendae.

66 2777 93 2842 tl)
106 2781 144 2832 lld
167 2781 316 2847 legitimam
335 2782 502 2834 efficiendam
521 2783 787 2836 dismembrationam
803 2781 1051 2848 illaeroquiruutur

45 2846 212 2916 solennitates,
226 2867 288 2920 quas
302 2867 464 2906 necessarie
479 2855 584 2906 suntin
593 2855 702 2919 unione,
717 2858 745 2908 et
758 2855 787 2907 in
805 2867 896 2907 rerum
920 2853 1050 2906 ecclesie*

47 2917 154 2973 sicarum
170 2924 342 2976 alienatione.

67 3105 240 3168 aturensis
262 3109 466 3170 ecclesiastica
485 3117 526 3170 est
546 3118 625 3170 certo
644 3127 716 3188 pars
728 3112 886 3188 fructuum
903 3127 939 3180 cn
953 3111 1051 3172 alieno

43 3185 153 3265 lentato
168 3197 311 3272 decerpto,
338 3205 366 3257 ct
382 3197 471 3258 alteri
489 3215 619 3275 personne
638 3216 674 3260 cot
689 3199 818 3276 lopitiotc
833 3191 934 3275 causti,
954 3209 981 3262 et
994 3217 1051 3260 uu-

43 3283 151 3373 ttorltote
166 3286 328 3361 ossipnoto.
348 3287 391 3346 hb
416 3287 545 3363 antiquis
566 3288 749 3364 temporibus
773 3288 951 3365 pensionum
977 3303 1051 3346 usus

43 3379 154 3432 invectus
167 3380 222 3448 est,
237 3381 271 3435 ut
282 3375 341 3435 hoo
354 3376 454 3436 medio
466 3376 581 3436 clericis
596 3377 776 3453 pauperihus
790 3377 929 3436 alimenta
943 3375 1050 3433 daren-

43 3457 86 3530 ltr,
102 3462 150 3537 qui
166 3464 307 3524 Ecclesiae
336 3465 488 3526 deservire
511 3483 570 3526 non
597 3473 735 3542 poterant
749 3487 756 3526 :
772 3467 852 3526 unde
880 3463 910 3523 in
932 3461 1051 3522 titulum

44 3541 220 3626 eleemosynae
238 3554 376 3616 ridentur
404 3555 541 3630 primitus
568 3554 728 3630 institutae;
757 3555 811 3614 sed
831 3550 998 3646 labentibus
1019 3550 1050 3610 iu
