2524 4080
438 723 643 810 TITULUS
681 723 759 805 vll.

452 955 488 1002 ox
503 941 730 1006 uuonumontuus.

83 1137 245 1196 Suntmuv:
260 1143 316 1196 um.
332 1141 388 1204 oue
400 1143 425 1196 iu
439 1142 524 1210 tudlcio
534 1144 580 1196 sint
590 1143 726 1212 prebende?
737 1171 764 1183 -
775 1144 829 1196 793.
844 1142 903 1205 putu
915 1143 946 1196 stt
954 1143 1069 1212 probatio,
1083 1148 1107 1198 et

109 1213 249 1280 quotuplex?
267 1243 294 1252 -
309 1215 365 1266 vot.
379 1215 508 1280 Quotuplex
524 1215 658 1268 confessio?
676 1243 703 1254 -
722 1215 776 1268 795.
796 1215 857 1275 Quot
870 1215 1012 1268 conditloues
1025 1216 1104 1282 requi-

109 1287 144 1336 rut
156 1285 271 1337 confessio
282 1284 413 1351 pulleno?
428 1313 458 1324 -
471 1285 526 1338 796.
549 1286 576 1338 ln
589 1283 634 1352 'quo
654 1285 883 1353 positio‘comlstnt‘t
896 1314 923 1322 -
939 1287 994 1338 797.
1009 1285 1105 1346 Quando

31 1364 33 1372 ’
107 1355 190 1422 positio
205 1371 255 1409 nou
274 1357 420 1410 utmlttuturl
441 1384 471 1396 -
492 1357 547 1410 tet.
573 1357 628 1418 Qun
649 1357 789 1410 observanda
807 1358 866 1410 circu
890 1358 1008 1422 articulos,
1028 1362 1051 1409 et
1066 1357 1102 1423 tp·

107 1427 278 1493 europaeorum
299 1456 330 1466 -
349 1429 403 1480 799.
428 1429 455 1481 ln
478 1442 525 1496 quo
551 1431 694 1493 conveniunt,
717 1433 741 1482 et
762 1429 891 1497 mscxepent
917 1430 1006 1483 ertcull
1028 1443 1043 1482 u
1064 1442 1103 1482 cx·

109 1499 202 1564 plutis?
215 1527 247 1542 -
258 1497 312 1553 800.
328 1500 384 1560 oue
394 1500 586 1554 sttcouteesionis
599 1501 776 1570 extuujuulictnlis
784 1500 840 1554 vis?

113 1690 173 1748 792.
184 1693 222 1749 Ut
234 1704 326 1766 supra
337 1688 368 1748 in
384 1687 469 1750 titulo
483 1693 519 1750 ltl
535 1690 598 1766 jem
611 1689 836 1750 observavimus
844 1695 929 1750 ector
941 1688 973 1748 in
986 1705 1041 1748 sun
1049 1705 1103 1765 pe·

79 1772 190 1851 titione,
205 1783 238 1838 et
257 1793 328 1838 reus
339 1778 370 1838 in
385 1794 441 1838 sue
453 1778 630 1856 exceptione
642 1785 771 1852 tenetur,
789 1776 993 1852 intentionem,
1014 1777 1104 1851 luctu,

80 1871 108 1924 et
119 1865 313 1936 fundamenta
323 1865 355 1925 in
366 1866 513 1943 judicium
526 1884 545 1926 a
560 1883 593 1927 se
612 1867 740 1928 deducte
752 1865 882 1943 probare
900 1870 951 1939 (t).
970 1870 1040 1926 llaec
1053 1869 1102 1926 r'e-

78 1954 299 2029 coniurantis,
314 1955 378 2015 sive
394 1955 595 2026 fundamentis
609 1955 743 2030 positivis
761 1955 826 2016 sine
844 1955 1017 2016 limitatione
1032 1971 1102 2030 pro*
1145 1991 1148 1999 ι

79 2043 174 2118 cedit3
190 2045 222 2104 ln
242 2044 387 2120 negativis
404 2062 478 2106 vero
498 2044 741 2120 distinguendum
758 2052 803 2105 est
819 2043 896 2106 inter
916 2043 1104 2120 negationem

78 2146 190 2207 puram,
203 2150 294 2210 quum
314 2133 364 2194 alii
381 2134 486 2195 dicunt
498 2134 697 2210 indefinitum,
712 2139 742 2194 et
755 2140 966 2195 coarctatema
975 2133 1043 2207 jure
1054 2134 1102 2193 vel
1174 2141 1177 2151 “

77 2217 164 2296 tecto,
179 2237 271 2298 quum
285 2222 334 2282 elii
347 2223 501 2299 definitam
514 2223 673 2299 appellent.
692 2226 762 2282 llaec
775 2223 871 2299 ujure
884 2221 1102 2282 cemcmtehe·

76 2306 170 2383 betur,
188 2310 365 2386 eumelio,
385 2311 434 2372 vel
451 2309 588 2386 exceptio
613 2316 739 2386 negetur
761 2329 780 2370 a
799 2313 865 2386 lege
886 2309 1049 2387 prohihiu;
1072 2315 1102 2370 et

78 2406 226 2460 coarctate
245 2418 263 2459 e
281 2401 371 2475 lucto,
391 2417 461 2461 eum
481 2399 599 2475 negatio
620 2416 680 2460 nou
702 2398 780 2460 cedit
796 2399 826 2460 in
841 2399 909 2460 fecti
928 2397 1100 2471 substantia,

78 2487 170 2548 sedin
184 2489 250 2565 ejus
274 2489 433 2565 edjnnctis‚
457 2489 520 2550 sive
540 2487 770 2550 circumstantiis
793 2489 862 2561 loci,
882 2487 1037 2564 temporis,
1050 2493 1102 2546 aut

77 2589 279 2648 personarum.
294 2583 358 2638 lem
371 2595 444 2638 veno
464 2578 583 2654 negatio
598 2595 673 2654 pure
686 2577 768 2637 nulle
789 2577 901 2653 indiget
914 2574 1100 2653 probatione,

77 2661 164 2727 immo
181 2656 240 2728 nec
250 2667 373 2743 probari
390 2668 488 2744 atiquo
501 2667 616 2728 retidne
632 2673 742 2744 potest,
761 2683 829 2728 eum
848 2683 901 2739 per
922 2683 1026 2727 rectum
1043 2682 1100 2725 no·

79 2759 175 2816 torem
192 2759 309 2832 scottum
334 2756 468 2832 ocpootic
486 2756 574 2818 oolla
597 2757 635 2816 stt
660 2757 769 2817 directo
790 2754 931 2832 probatio,
956 2761 990 2815 ut
1014 2759 1102 2814 sonet

77 2837 227 2922 utriusque
237 2845 313 2921 juris
327 2844 506 2923 principium
517 2848 571 2917 (ᾖ).
591 2845 649 2906 Sed
664 2843 782 2921 negatio
798 2850 950 2904 coarctate
969 2850 1033 2904 tum
1046 2859 1101 2920 per

77 2937 216 3006 octonem,
232 2940 295 2994 tum
310 2950 365 3009 per
375 2950 462 2994 reum
480 2934 636 3010 probando
653 2940 709 3010 est,
725 2932 749 2994 si
762 2933 895 3012 praebeet
907 2931 1042 3008 solioum,
1052 2933 1101 2993 vel

77 3021 255 3098 exceptionis
268 3022 494 3084 tundamentum
508 3027 559 3098 (3).

104 3177 138 3242 (l)
150 3177 181 3230 Sl
195 3180 267 3232 enim
281 3183 357 3232 actor
380 3179 558 3232 intentionem
577 3193 665 3244 suum,
680 3180 723 3233 vel
738 3183 878 3233 accusator
895 3181 976 3233 etiem
991 3178 1100 3232 Promo·

76 3247 115 3298 tor
127 3247 226 3302 tlsculis
239 3249 369 3310 delictum
390 3251 560 3318 propositum
576 3265 630 3303 non
644 3251 751 3316 probet.
767 3263 830 3304 reue
848 3249 1029 3304 absolvendus
1046 3252 1097 3309 est,

77 3328 236 3387 quemquem
245 3322 307 3388 ipse
318 3321 387 3373 nihil
400 3323 566 3388 presentent,
581 3322 646 3388 quia
653 3323 759 3390 justitie
777 3315 910 3374 neturlulis
924 3323 961 3372 itu
975 3317 1095 3386 requirit.

77 3386 137 3442 Gen.
149 3393 171 3451 t,
187 3406 209 3444 o.
219 3393 251 3454 li,
268 3407 294 3460 (1-
310 3391 335 3445 ὅ.
352 3393 419 3458 Cep.
434 3392 483 3446 ult.
499 3392 532 3445 de
542 3394 625 3459 juvis.
647 3393 777 3445 Similiter
791 3391 815 3444 si
828 3405 891 3444 reus
911 3391 1097 3457 exceptionem

82 3470 155 3513 sunm
168 3477 221 3516 non
233 3465 339 3531 probet,
355 3465 476 3530 exceptio
493 3464 561 3516 nihil
575 3464 616 3516 illl
631 3464 748 3530 prodest,
763 3467 901 3529 tamquam
915 3461 938 3514 si
951 3463 1023 3528 tecte
1041 3475 1096 3514 non

84 3529 195 3597 missen
209 3536 273 3602 quic
287 3537 391 3589 neusin
411 3548 462 3589 sue
474 3535 630 3603 exceptione
650 3535 680 3588 ot
696 3540 779 3588 ector.
794 3534 882 3587 Citete
893 3533 984 3600 prime
1001 3532 1096 3598 regule

78 3606 263 3672 exceptionem
274 3606 424 3676 petimxpsl
437 3607 542 3664 luccen
553 3607 652 3663 militet
658 3605 840 3674 presumptio
845 3603 928 3674 tucis
941 3604 1006 3671 cup.
1021 3603 1047 3668 2,
1060 3603 1095 3662 de
