2426 4070
590 115 746 174 -132-

146 250 177 306 et
189 242 316 306 testibus
336 239 494 302 revnlidan·
514 239 612 300 debet.
634 238 750 299 sivero
770 241 875 314 agatur
897 237 935 296 de
955 234 1188 313 impedimento

145 334 276 403 occulto,
290 330 409 402 suflicit,
424 329 449 388 si
461 329 564 404 sponsi
589 327 654 386 sine
668 326 791 403 parochi
810 325 989 402 testiumque
1010 325 1190 402 praesentia

145 437 258 481 novum
282 418 339 479 sihi
363 417 517 494 praebeant
549 415 729 476 matrimonii
753 431 933 476 consensum
953 415 990 474 de
1009 413 1186 490 praesenti;

146 511 285 570 namhoc
298 523 372 568 casu
384 503 607 566 matrimonium
626 505 744 581 publice
762 505 967 566 consideratur
983 511 1014 563 ut
1028 503 1187 576 validum,

146 605 176 660 et
186 599 309 674 insuper
323 594 505 672 dispensatio
532 594 642 656 occulti
657 593 860 670 impedimenti
873 612 891 654 a
905 598 938 682 83
950 591 1188 654 poenitentiaria

145 685 335 750 concessam
348 685 414 744 loro
428 683 570 744 exteriori
586 701 647 742 non
660 684 784 760 prodest
797 687 807 755 (
827 689 849 756 ).

182 781 282 836 Novus
297 773 453 848 utriusque
475 771 610 849 conjugis
631 788 796 833 consensus
817 771 987 849 requiritur,
1007 771 1073 832 eive
1097 777 1188 832 uter-

146 881 215 942 que,
231 863 293 923 sive
307 878 386 922 unus
408 869 526 922 tantum
540 861 578 921 sit
598 860 802 938 impedimenti
816 861 963 936 conscius,
979 861 1050 938 quia
1061 878 1188 920 novum

128 975 131 982 ’
145 951 368 1016 matrimonium
382 949 446 1010 sine
457 968 533 1012 novo
548 950 684 1026 conjugis
697 951 852 1026 utriusque
866 967 1015 1012 consensu
1029 967 1104 1010 esse
1121 966 1187 1008 non

145 1048 254 1120 potest.
269 1047 310 1102 Ac
323 1057 430 1100 revera
443 1039 622 1116 rescriptum
638 1039 867 1116 dispensationis
885 1056 1003 1116 semper
1017 1038 1188 1100 executori

145 1132 278 1204 mandat,
293 1136 326 1190 ut
339 1137 501 1204 antequam
514 1127 652 1188 deveniat
663 1129 701 1188 ad
715 1128 938 1189 revalidandum
949 1127 1189 1188 matrimonium

147 1238 217 1298 pars
235 1215 438 1294 impedimfflti
452 1216 554 1292 ignara
575 1217 748 1277 certioretur
762 1218 800 1277 de
822 1217 956 1276 nullitate
972 1215 1085 1293 prioris
1114 1231 1188 1275 con-

146 1324 263 1381 sensus,
277 1305 330 1366 sed
344 1306 385 1365 ita
399 1312 496 1377 caute,
512 1310 545 1364 ut
559 1303 700 1364 delictum
715 1321 862 1380 nusquam
877 1305 1043 1380 detegatur.
1059 1303 1146 1362 Hinc
1161 1301 1187 1360 si

147 1413 183 1457 ex
196 1393 372 1472 praescripta
398 1393 601 1452 certioreticne
626 1394 735 1454 nullius
758 1394 913 1468 detegatur
935 1391 1100 1465 delictum,
1126 1407 1186 1450 nec

149 1485 292 1546 damnum
313 1489 364 1542 aut
378 1483 552 1542 scandalum
572 1482 734 1557 immineat,
752 1483 820 1558 quia
837 1483 949 1558 conjux
968 1480 1186 1557 impedimenti

146 1572 268 1648 ignarus
282 1577 404 1648 paratus
415 1576 461 1630 est
478 1571 604 1631 libenter
625 1571 657 1630 in
673 1589 805 1648 praesens
820 1569 1042 1630 matrimonium
1061 1587 1185 1628 novum

148 1677 330 1724 consensum
343 1659 478 1735 praebere
493 1663 544 1732 (ἓ),
568 1661 650 1719 nulle
664 1667 710 1720 est
723 1661 898 1733 difficultas;
918 1660 972 1719 sed
992 1659 1112 1734 conjux
1126 1659 1185 1717 im·

147 1748 309 1825 pedirnenti
322 1749 444 1824 ignarus
458 1749 496 1808 de
518 1748 652 1809 nullitate
665 1749 774 1825 prioris
787 1765 952 1809 consensus
965 1747 1140 1824 prudenter
1154 1753 1185 1806 et

147 1845 234 1899 caute
248 1844 294 1897 est
315 1837 531 1911 certiorendue,
545 1853 717 1914 novumque
738 1839 880 1914 deinceps
894 1837 1058 1898 ineundum
1071 1837 1184 1896 matri-

147 1925 280 1987 monium
294 1929 346 1996 (3).
373 1923 628 2001 stremonius
648 1925 853 2002 impedimenti
871 1926 994 2002 ignarus
1016 1925 1120 1984 taliter
1143 1942 1184 1986 er

148 2015 328 2092 conjecturis
340 2013 491 2074 moraliter
503 2014 593 2074 certis
606 2015 705 2075 animo
716 2015 867 2092 judicetur
880 2015 1051 2092 dispositus,
1061 2024 1100 2076 ut
1112 2031 1182 2074 cer-

149 2105 206 2166 tior
216 2105 254 2164 de
268 2102 448 2163 matrimonii
462 2103 594 2163 nullitate
606 2105 703 2164 factus
716 2121 828 2164 novum
843 2117 1023 2165 consensum
1037 2104 1116 2163 dare
1131 2121 1181 2164 re·

148 2199 241 2266 cuset,
256 2198 285 2253 et
298 2191 478 2252 matrimonii
487 2192 665 2253 solutionem
679 2195 820 2254 reclamet
834 2210 904 2254 eum
917 2211 1026 2268 magno
1039 2194 1181 2254 fidelium

148 2282 300 2353 scandalo,
314 2279 504 2357 liliorumque
517 2281 636 2355 damno,
653 2283 810 2344 difficultas
825 2300 933 2359 magna
947 2289 1003 2356 est,
1019 2299 1115 2358 quam
1125 2300 1181 2342 va-

147 2371 200 2432 riis
212 2371 310 2432 modis
323 2371 440 2430 solvere
463 2370 597 2430 nituntur
617 2376 771 2447 Doctores,
797 2388 925 2448 quorum
950 2371 1119 2431 sententias
1135 2389 1180 2432 re·

147 2461 205 2530 lert
222 2459 398 2520 Benedictus
414 2463 473 2518 lllll
489 2463 541 2534 (l),
557 2466 587 2518 et
609 2459 659 2520 hie
672 2477 734 2520 non
747 2466 835 2520 vacat
848 2461 965 2520 afferre.
980 2458 1117 2519 Dicimus
1133 2467 1178 2520 ta-

147 2566 215 2610 men
231 2549 261 2608 in
275 2549 332 2608 hac
346 2547 519 2624 gravissima
533 2549 705 2609 difficultate
731 2547 866 2608 securius
884 2565 950 2608 esse
970 2548 1108 2607 medium
1123 2548 1179 2608 ite-

109 2713 110 2716 *
147 2655 216 2700 rum
229 2635 402 2698 recurrendi
416 2638 455 2696 ad
468 2637 719 2698 poenitentiarium
734 2655 803 2697 cum
820 2645 960 2698 accurata
972 2637 1180 2714 descriptione

148 2735 243 2787 status
255 2725 309 2800 rei,
324 2725 457 2785 omnium
471 2725 689 2799 difficultatum,
702 2733 731 2786 et
740 2726 951 2802 periculorum,
966 2733 999 2786 ut
1012 2726 1128 2802 aliquid
1140 2728 1179 2787 de

148 2814 306 2875 severitate
319 2813 460 2888 remittat,
475 2817 524 2874 vel
539 2821 688 2875 a'summo
698 2815 841 2875 Pontiilce
859 2816 898 2874 ob
912 2817 1080 2876 naturalem
1101 2834 1176 2876 con·

148 2921 270 2964 sensum
284 2902 321 2962 ab
335 2902 419 2963 initio
433 2903 472 2962 ad
491 2903 713 2965 matrimonium
735 2905 902 2980 praestitum
919 2922 937 2964 a
956 2921 1034 2964 nova
1048 2912 1177 2982 praesta-

148 2991 230 3052 tione
248 3007 412 3052 consensus
436 2991 689 3067 dispensationem
709 2993 850 3070 obtineat,
872 3009 963 3071 quem
977 2992 1177 3070 dispensatio·

148 3097 219 3141 nem
229 3085 372 3141 Doctores
386 3087 496 3140 vocant
508 3081 543 3140 in
556 3081 652 3143 radice
665 3086 715 3156 (5).

180 3228 215 3292 (l)
232 3227 394 3280 Benedictus
403 3228 469 3282 XIV
481 3229 547 3280 lnst.
565 3229 604 3292 st,
619 3244 646 3282 n.
661 3229 691 3281 62
707 3231 734 3282 et
748 3243 822 3296 seqq.
834 3256 865 3268 ·-
878 3231 914 3296 (i)
927 3231 960 3282 In
972 3229 1024 3282 hoc
1037 3244 1106 3284 eesu
1116 3233 1173 3286 eui·

150 3297 243 3352 liniens
253 3299 404 3351 certioretis
419 3300 479 3359 erit,
494 3301 517 3351 si
532 3303 629 3365 conjux
642 3301 827 3366 impedimenti
838 3303 963 3354 conscius
975 3302 1054 3354 alteri
1065 3304 1174 3370 conjugi

150 3370 243 3436 ignaro
267 3369 450 3437 impedimenti
473 3384 527 3422 non
550 3385 642 3424 rerem
667 3372 850 3436 impedimenti
875 3387 985 3424 causam
1008 3375 1173 3438 manifestet,

151 3456 232 3508 quam
252 3442 457 3494 Poenitentiarie
476 3443 535 3494 vult
554 3456 661 3510 semper
674 3444 822 3507 occultam
838 3445 886 3498 sed
900 3445 1021 3498 declaret
1036 3445 1131 3510 libere,
1147 3449 1175 3498 et

152 3519 251 3578 aperte,
266 3527 295 3566 se
317 3527 371 3566 non
394 3513 444 3567 rite
464 3514 635 3580 matrimonio
659 3516 847 3570 consensisse:
872 3517 986 3584 ideoque
1011 3531 1045 3570 ex
1061 3517 1174 3570 coasilio
