2410 4068
588 138 750 197 ‚198..

148 261 357 342 presentatio,
378 277 416 322 ac
436 265 634 338 praesentatus
657 261 795 321 examine
814 260 931 337 privato
951 258 1119 336 discussus,
1140 279 1173 322 ac

150 355 276 416 idoneus
289 353 327 412 ab
341 349 594 412 examinatoribus
608 356 746 426 repertus
760 349 790 409 in
804 349 951 410 beneficio
967 355 1012 408 est
1023 349 1172 410 instituen-

150 443 207 502 dus
220 445 271 514 (ἲ),
288 439 372 501 Ratio
381 456 454 499 vero
466 437 646 500 discriminis
660 445 716 512 est,
729 439 799 514 quia
813 437 947 498 Ecclesia
961 455 1021 498 uon
1035 441 1101 499 vult
1113 457 1163 514 gra
1179 437 1180 442 ’

149 546 221 590 rare
235 534 396 606 patronum
409 527 530 600 laicum,
547 527 598 604 qui
613 526 871 602 patrimonialibus
885 526 947 586 suis
961 527 1049 587 bonis
1063 529 1171 588 beneti-

150 619 230 678 cium
248 617 400 690 mndavitr
416 617 470 677 sed
482 619 547 676 vult
566 616 621 675 sibi
638 615 804 675 obnoxium
822 622 982 690 patronum
996 617 1180 677 ecclesiasti-³

150 723 231 781 cum,
245 706 295 783 qui
308 706 455 766 beneflcio
469 707 577 766 fruitur
589 723 628 766 ex
644 705 733 766 benis
748 703 956 764 ecclesiasticis
969 711 1082 766 erecto.
1098 711 1170 766 Atta·

148 811 219 857 men
231 795 257 855 si
269 802 414 872 patronus
427 795 521 854 laicus
534 795 612 855 elabi
626 793 681 854 sibi
695 792 823 870 patiatur
834 800 953 868 tempus
966 794 1040 854 utile
1055 795 1093 853 ad
1106 812 1170 870 prae

149 885 336 956 senunmm,
346 891 376 944 et
383 887 432 958 jus
440 883 610 960 acquiratur
620 883 768 959 Episcopo
782 883 875 943 libere
886 883 1074 955 conferendi,
1083 885 1171 942 torma

150 989 317 1033 concursus
330 971 359 1032 iu
375 973 525 1049 parochiae
539 973 698 1032 collatione
719 979 764 1034 est
787 972 974 1031 observanda
994 975 1047 1043 (3).
1066 977 1137 1031 ltem
1149 973 1180 1030 si'

148 1069 295 1140 patronus
317 1059 410 1122 laicus
436 1061 539 1138 plures
560 1067 736 1137 praesentet,
760 1063 837 1120 inter
858 1063 924 1134 hoe,
945 1071 1092 1138 quantum
1113 1063 1171 1121 fieri

150 1156 260 1229 potest,
276 1151 462 1211 observanda
476 1157 521 1210 est
535 1151 631 1210 torma
645 1139 812 1210 concursus
824 1153 873 1222 (l).
889 1151 919 1210 sl
931 1167 1004 1210 vero
1015 1153 1169 1228 ius—patro·

150 1249 237 1300 natus
255 1239 293 1299 sit
311 1238 450 1312 mixtum,
473 1239 610 1314 rigorose
628 1240 904 1301 formatconcursus
924 1256 985 1301 non
1006 1247 1050 1300 est
1073 1241 1170 1298 obser-

148 1330 257 1402 vanda,
272 1328 341 1405 quia
354 1329 423 1404 jura
436 1328 503 1388 laici
519 1328 548 1388 in
562 1327 715 1388 consortio
731 1343 801 1387 cum
814 1327 1020 1388 ecclesiastico
1035 1327 1102 1388 laedi
1116 1343 1168 1386 non

149 1420 286 1492 debent(
305 1421 327 1491 ).

178 1569 214 1636 (t)
227 1569 300 1620 Trid.
318 1583 385 1620 sess.
401 1571 441 1630 ll,
456 1584 479 1621 c.
497 1568 534 1629 18,
549 1569 582 1620 de
601 1569 649 1620 rel.
665 1569 703 1621 Ut
717 1569 841 1636 exemplo
859 1583 902 1621 res
917 1560 1018 1623 clarior
1035 1573 1091 1634 fiat,
1107 1584 1165 1634 sup-

147 1655 279 1708 ponamus
293 1640 442 1692 Ecclesiam
455 1641 624 1704 collegiatam
637 1641 670 1692 N.
688 1640 789 1692 habere
800 1644 1008 1706 juspatronatus
1022 1657 1081 1694 sure
1094 1655 1165 1706 paro·
1179 1693 1180 1696 ,

147 1711 215 1762 chire
227 1730 233 1770 ;
248 1711 298 1762 huc
310 1712 380 1762 lacta
391 1718 512 1775 vacante,
526 1713 687 1764 Ordinurius
697 1726 771 1764 mora
787 1713 865 1764 solito
878 1726 1042 1766 concursum
1058 1714 1166 1765 indicere

146 1781 236 1841 debet,
255 1787 291 1840 et.
310 1785 420 1846 peracto
440 1783 571 1840 examine.
587 1783 716 1834 Gauonlci
729 1783 799 1834 inter
813 1784 977 1849 approbatos
991 1799 1078 1838 unum
1091 1783 1165 1834 norni-

147 1853 260 1916 nabunt,
275 1865 356 1919 quern
370 1855 429 1917 ipse
444 1853 646 1924 Ordinarinsuin
660 1853 793 1910 beneficio
808 1855 938 1906 instituet.
954 1855 1009 1906 Sed
1026 1858 1051 1907 si
1065 1857 1163 1906 institu-
1179 1901 1180 1904 ,

147 1925 183 1975 tio
194 1923 254 1975 non'
262 1924 395 1991 pertineat
409 1922 442 1974 ad
457 1923 645 1988 Ordinarium,
657 1932 685 1976 et
694 1925 827 1989 pertineat
841 1927 874 1977 ud
886 1926 1042 1991 Capitulum
1053 1925 1163 1978 ecclesia

146 1995 319 2058 cathedralis,
334 1995 495 2048 ordinarius
519 1995 620 2059 eligere
644 1996 725 2047 debet
742 1996 902 2061 digniorem,
922 2013 1041 2062 cumque
1054 1995 1162 2050 canonici

145 2067 269 2118 ecclesioe
283 2067 431 2130 collegiatae
442 2071 608 2130 presentare
619 2069 744 2118 tenentur
756 2068 878 2131 Capitulo
892 2069 1016 2120 ecclesiae
1031 2069 1162 2121 cathedra-

146 2136 189 2195 lis,
206 2142 235 2188 ut
247 2137 281 2187 ab
291 2151 323 2188 eo
338 2137 366 2187 in
383 2136 513 2190 beneficio
534 2137 701 2189 instituatur.
717 2165 744 2176 -
760 2139 796 2204 (l)
807 2141 1029 2206 Experimentum
1043 2139 1161 2192 idoneita-

146 2209 181 2260 tis
191 2208 386 2259 instituendum
399 2213 440 2259 est
450 2221 539 2259 coram
551 2209 781 2262 examinatoribus
793 2211 977 2276 synodalibus,
989 2219 1016 2263 et
1027 2213 1130 2278 quidem
1140 2209 1162 2258 in

146 2279 265 2344 scriptis,
282 2281 369 2331 tribus
384 2279 531 2344 prepositis
548 2282 755 2342 quaestionibus.
770 2289 797 2332 et
811 2283 996 2344 concinnente,
1011 2283 1084 2349 quod
1098 2280 1162 2332 erui-

145 2352 190 2402 tur
204 2365 237 2402 ex
251 2351 318 2414 ipsis
330 2350 480 2401 Tridentini
495 2351 585 2402 verbis
605 2365 666 2418 quae
682 2353 719 2402 ita
735 2366 765 2404 se
784 2353 903 2404 habent:
923 2354 997 2420 Quod
1013 2356 1038 2406 si
1047 2353 1161 2422 jurispu·
1179 2363 1180 2366 ¹

145 2425 270 2476 trenetur
282 2421 415 2474 laicorum
426 2421 524 2487 suerit,
541 2422 641 2484 debeat,
656 2423 704 2488 qui
720 2437 738 2474 c
749 2427 864 2488 patrono
877 2429 1054 2488 presentetur
1067 2425 1124 2481 erit,
1135 2419 1161 2471 ub

144 2493 243 2546 eisdem
257 2493 401 2558 deputatis,
411 2496 441 2546 ut
455 2493 724 2557 rennuentem,
737 2498 762 2547 et
775 2507 841 2558 non,
850 2495 906 2546 nisi
919 2496 1031 2550 idoneus
1041 2497 1160 2560 repertur,

144 2563 264 2618 admitti.
281 2565 334 2617 Ubi
348 2565 470 2626 verbum,
484 2569 515 2618 ut
529 2577 622 2628 supro,
637 2565 704 2634 sutis
719 2566 819 2618 indicat
832 2563 1022 2618 necessitatem
1033 2567 1160 2620 examina-

144 2641 233 2687 torum
248 2636 424 2701 synodalium,
435 2641 462 2686 et
475 2649 589 2686 examen
603 2635 631 2685 in
642 2636 760 2700 scriptis.
771 2637 804 2687 de
818 2638 917 2702 quibus
930 2651 1014 2703 supra
1028 2635 1161 2690 co'ncilium

144 2707 274 2773 disponit.
288 2735 318 2744 -
333 2709 367 2772 (3)
380 2708 510 2768 Barbam,
525 2712 552 2756 et
568 2705 742 2765 Munacellus,
758 2711 827 2772 part.
845 2711 866 2771 t,
876 2711 894 2758 t.
910 2707 934 2768 ἲ,
945 2709 963 2760 l.
979 2711 1016 2762 10.
1028 2739 1059 2748 -
1072 2709 1105 2774 (l)
1115 2707 1159 2756 Pro

145 2784 259 2843 utraque
274 2779 423 2842 quaestione
434 2777 566 2830 videndus
581 2777 724 2842 Fugnanus
739 2779 767 2830 in
781 2791 839 2843 cap.
859 2778 925 2832 Gum
938 2785 1049 2847 morta·
1065 2783 1096 2832 de
1111 2781 1157 2844 jur·

145 2862 172 2898 n.
189 2849 204 2898 7
221 2853 248 2899 et
262 2861 336 2913 seqq.
354 2849 430 2910 Quod
454 2848 498 2898 hic
518 2849 667 2900 asserimus
686 2863 780 2902 verum
798 2849 849 2914 ast,
870 2851 977 2917 quaudo
997 2845 1159 2918 patronorum

146 2931 226 2970 voces
240 2923 303 2968 sunt
314 2918 436 2984 aequales
450 2932 498 2984 pro
512 2933 576 2980 uno,
596 2924 623 2978 et
635 2933 683 2984 pro
699 2920 771 2982 ali0;
787 2920 855 2973 alias
869 2923 1054 2986 praeferendus
1067 2924 1106 2974 est
1120 2916 1157 2984 qui

146 2990 238 3110 pluges
259 2987 342 3040 habet
364 3003 451 3041 voces.
467 3015 498 3030 -
520 2992 556 3056 (5)
576 2991 739 3044 Benedictus
757 2993 833 3056 XIV,
852 2993 886 3045 de
910 2989 1008 3060 Synod.
1032 2989 1157 3074 1.t,p.8‚

145 3074 172 3110 n·
205 3099 210 3109 .

177 3249 241 3306 tas.
253 3244 348 3320 Aliqui
361 3245 554 3307 nibilominus
567 3253 643 3308 sunt
657 3265 755 3321 casus,
770 3250 800 3308 in
816 3249 923 3326 quibus
934 3252 1032 3312 torma
1048 3261 1157 3311 concur·

145 3351 197 3394 sus
212 3335 241 3394 in
257 3332 416 3395 collatione
429 3337 629 3397 Eccleslarum
644 3338 857 3414 parochialium
867 3335 928 3402 nou'
943 3347 988 3400 est
999 3333 1155 3401 necessario

145 3421 324 3498 adhibenda,
340 3423 417 3484 inter
432 3443 508 3501 quos
522 3435 682 3502 sequentes
705 3444 916 3490 numeramus:
932 3445 994 3490 non
1013 3429 1156 3490 adhibetur

140 3511 172 3572 in
191 3513 323 3578 Ecclesia
342 3513 504 3589 parochiali
526 3515 673 3592 adjuncta
686 3515 787 3580 alicui·
799 3518 1000 3594 monasterio,
1020 3509 1152 3594 digerat,
