2410 4068
493 167 697 230 -233-.

83 303 205 347 anessa.
216 291 312 359 Quare
325 287 595 349 commendatarius
608 294 759 365 tamquam
773 288 1007 363 administrator,
1017 287 1080 349 sive

82 393 236 450 ennomus,
253 393 315 436 non
336 376 464 438 faciebat
480 379 596 438 fructus
612 395 694 450 suos,
708 393 838 455 quorum
850 378 982 438 rationes
996 384 1081 438 erant

81 466 151 525 lituro
163 465 283 525 Rectori
303 466 476 526 reddendae.
493 466 551 526 Sed
571 466 767 542 imposterum
787 467 826 526 ad
843 466 1080 528 succurrendum

81 554 215 630 prasertim
236 553 425 631 Episcopisa
446 555 575 633 propriis
594 555 715 616 sedibus
732 573 786 632 par
800 555 960 632 impiorum
973 571 1080 616 manua

81 644 183 720 expulsis
195 661 263 705 cum
277 642 478 720 assignatione
491 646 642 706 tractuum
657 645 873 708 beneficiorum
894 645 1080 706 commenda

79 733 104 792 ad
115 740 234 810 tempus,
244 734 292 793 vel
307 733 338 792 in
352 739 530 810 perpetuum
542 727 666 793 concedi
677 739 833 810 ceperunt.
845 738 907 806 Qua
918 733 1079 795 constituta

78 821 146 896 praxi,
161 821 221 882 cito
234 821 290 881 visi
305 827 376 882 suut
392 828 452 881 tam
467 819 578 895 clerici,
593 837 683 897 qnam
696 821 763 882 laici
777 821 970 882 commendas
983 820 1080 881 inhia-

76 927 106 983 re,
116 927 179 986 quas
189 909 229 971 illi
242 912 394 986 putabant,
408 927 441 970 sa
450 927 540 987 posse
551 911 681 970 retinere
695 927 765 970 cum
774 911 832 971 alio
846 910 1004 985 beneflcio,
1017 927 1077 970 non

76 999 184 1059 obstante
211 998 301 1059 vetita
329 999 498 1075 pluralitate
524 999 760 1072 beneficiorum,
791 1006 822 1059 et
846 998 912 1071 isti,
937 1015 998 1057 non
1022 999 1076 1058 ob-

75 1094 147 1147 mnu
168 1105 275 1148 eorum
301 1086 498 1164 incapacitate
521 1088 560 1148 ad
584 1086 741 1148 beneficia.
770 1087 819 1148 llis
840 1087 927 1146 malis
948 1086 1079 1147 obviavit

74 1177 185 1236 Clemens
203 1180 237 1250 ll,
263 1175 325 1252 qui,
349 1182 509 1254 postquam
533 1177 634 1252 plnres
657 1177 864 1253 hujuscemodi
884 1175 1079 1236 commendas

75 1273 253 1339 concesserat,
274 1263 444 1325 infirmitate
468 1264 540 1328 satis
559 1264 730 1341 periculosa
749 1265 786 1324 ab
809 1264 1017 1340 omnipotente
1034 1264 1078 1323 vi-

73 1349 164 1426 sitatus,
179 1359 212 1412 nt
230 1352 296 1429 ipse
315 1353 433 1427 latetur,
453 1369 559 1414 omncs
579 1351 742 1428 revocavit,
760 1358 793 1426 ut
810 1353 848 1416 de
866 1359 975 1414 caetero
989 1353 1019 1413 in
1039 1354 1079 1413 la·

72 1454 155 1500 vorem
172 1441 387 1518 cujuscumque
406 1457 544 1518 personae
560 1443 671 1502 nullam
689 1441 836 1502 haberent
846 1442 976 1517 amplius
992 1441 1078 1500 robo

71 1526 101 1586 ris
112 1529 277 1590 firmitatem
293 1535 344 1603 (t).
360 1530 471 1590 Deinde
485 1529 688 1592 tridentinum
700 1530 880 1607 perquisitas
899 1529 1077 1590 clericorum

71 1616 189 1694 ambages
210 1618 339 1694 sustulit,
363 1620 436 1680 dum
455 1619 513 1679 sub
533 1618 709 1696 gravissima
731 1619 885 1680 sanctione
904 1615 1075 1692 declaravit,

69 1706 197 1770 neminem
210 1725 301 1784 posse
318 1706 449 1770 retinere
463 1709 524 1768 duo
542 1706 697 1782 beneficia,
714 1707 785 1769 licet
804 1723 898 1770 umam
910 1705 949 1768 sit
961 1706 1074 1778 intitu-

68 1792 124 1867 lun,
136 1801 165 1856 et
176 1796 258 1856 aliud
271 1795 303 1856 in
316 1805 494 1873 perpetuam
516 1797 726 1857 commendam
741 1802 792 1870 (2).
807 1801 848 1856 tc
859 1795 990 1873 deniquo
1008 1812 1075 1872 par·

68 1880 109 1941 tin
120 1884 190 1960 lege,
205 1885 315 1960 partim
327 1885 545 1946 consuetudine
563 1887 675 1946 facturn
688 1893 745 1964 cst,
760 1891 794 1945 ut
807 1885 993 1946 commenda
1006 1901 1075 1964 per-

69 1977 147 2043 petua
161 1990 216 2051 per
230 1975 328 2036 solum
341 1991 491 2035 summum
504 1973 679 2035 Pontificem
692 1980 817 2050 possent
832 1973 958 2034 concedi
971 1977 1020 2046 (3).

91 2142 120 2210 (l)
130 2145 235 2207 llrtrav,
247 2145 289 2200 lla
300 2161 421 2213 superna
433 2149 468 2202 ds
479 2149 618 2216 praebend.
636 2149 685 2201 int.
701 2163 767 2200 com.
787 2177 812 2186 -
825 2147 860 2214 (l)
872 2145 947 2200 Sess.
964 2147 989 2212 l,
1006 2160 1028 2198 c.
1049 2147 1075 2210 l.

67 2211 94 2262 da
104 2217 146 2267 rel.
160 2245 187 2255 -
201 2219 237 2284 (3)
252 2219 360 2283 Riganti
375 2220 410 2272 ad
431 2233 486 2285 rag.
505 2221 546 2286 43,
559 2235 585 2272 n.
601 2221 641 2272 28.
658 2221 808 2287 Episcopus
823 2225 924 2282 tamen,
942 2219 990 2284 qui
1008 2218 1075 2270 dam

69 2288 141 2349 poteo
160 2291 334 2342 commendas
356 2292 527 2358 temporales,
542 2291 592 2344 iras
609 2293 755 2345 concedere
778 2291 873 2357 narmit
894 2291 923 2340 iu
939 2289 1076 2354 parochiis

67 2359 214 2423 vacantibus,
235 2361 265 2412 iu
279 2361 379 2427 quibus
393 2364 517 2424 vicarios,
538 2363 595 2416 siva
613 2377 767 2418 oeconomos
781 2377 814 2416 nx
836 2361 995 2427 praescripta
1014 2363 1074 2416 Tri·

68 2425 155 2508 lentini
167 2431 247 2484 dohet
259 2433 433 2487 constituere
449 2434 528 2487 card.
543 2435 634 2501 Soglia
648 2435 716 2488 lnst.
727 2436 783 2502 jur.
796 2433 864 2500 priv.
880 2433 895 2496 i
912 2431 965 2484 ldl.
