2410 4068
113 237 167 300 rici
180 239 379 316 pensionandi
393 243 565 316 paupertas,
586 237 624 298 ad
637 254 728 314 quam
741 237 956 298 sublevandam
968 236 1136 314 principali·
1196 229 1197 268 ³

115 333 161 388 ter
171 327 332 402 pensiones
345 327 518 404 approbatae
530 328 628 401 luere,
644 326 669 386 si
682 343 756 388 vero
771 326 884 388 clerico
898 327 1022 403 pauperi
1036 325 1138 402 pensio
1196 347 1197 358 ³

114 415 321 490 constituntur,
336 422 370 475 ut
384 415 489 476 studiis
502 432 626 492 operam
639 415 711 476 dare
724 421 823 492 queat,
839 415 1008 492 specialiter
1027 417 1137 492 presti-

113 505 250 564 moniam
264 511 400 578 vocatur,
416 505 497 581 quod
520 505 558 564 ad
581 511 699 582 tempus
718 521 905 579 concessum,
919 521 969 564 ex.
984 521 1030 579 gr.
1047 520 1138 580 usque
1196 511 1197 580 t

113 593 153 652 ad
165 594 256 653 tinem
270 593 448 676 studiorum,
463 602 515 654 sut
529 594 567 654 ad
581 593 694 654 ordinis
708 593 933 670 presbyteratus
953 592 1138 654 consecutio·
1196 587 1197 668 i

114 697 195 755 nem,
209 681 273 742 veri
285 681 423 742 beneficii
436 682 584 742 rationem
598 699 659 742 non
674 682 765 741 habet
779 685 830 753 (l).
850 681 985 742 Secunda
1000 687 1048 740 est
1061 681 1139 741 intir-

112 768 212 843 mnas,
227 771 276 829 vel
290 776 440 844 senectus,
454 770 494 830 ob
508 786 598 845 quam
608 769 802 829 beneficiatus
813 787 868 829 saro
882 769 1041 830 renunciat
1052 769 1140 830 bene·
1196 815 1197 842 ,

113 855 194 918 flcio.
209 858 305 918 'lertia
319 865 364 919 est
377 859 494 918 bonum
504 857 596 938 pacis,
622 859 662 918 ob
680 875 771 934 quam
784 857 962 918 beneficium
974 859 1057 918 inter
1069 859 1139 918 duos

111 945 272 1024 litigiosum
285 947 338 1008 uni
350 947 536 1026 adjudicatur
546 947 646 1024 quoad
660 945 786 1021 titulum,
801 953 952 1011 reservata
965 947 1055 1007 elteri
1073 963 1137 1022 pen·

113 1035 207 1096 sione.
223 1041 333 1108 Quarta
347 1043 393 1096 cst
415 1034 604 1112 permutatio,
629 1041 681 1096 aut
697 1035 755 1094 alia
774 1036 850 1096 ratio
872 1035 1069 1110 necessitatis,
1092 1041 1140 1095 aut
1196 1035 1197 1124 l

113 1123 259 1186 evidentis
272 1124 404 1184 utilitatis
419 1123 558 1184 Ecclesiae
581 1129 632 1197 (Ξ).
655 1129 689 1183 ln
713 1125 804 1184 Gallia
827 1131 926 1183 tanmn
946 1123 1139 1184 admittuntur
1196 1127 1197 1216 l

113 1219 229 1273 tanturn
244 1214 291 1274 hae
304 1231 412 1287 causae,
428 1213 582 1274 nimirum:
599 1229 689 1273 causa
701 1212 910 1274 transactionis
923 1230 979 1289 pro
992 1213 1077 1273 bono
1090 1231 1139 1288 pa·

115 1301 168 1370 cis,
180 1318 271 1362 causa
284 1301 512 1379 permutationis
521 1301 560 1361 ad
574 1301 775 1377 coaequendos
790 1301 904 1360 reditus
916 1300 1137 1376 beneficiorum,

114 1396 145 1450 et
157 1407 250 1451 causa
263 1390 483 1467 resignationis,
498 1407 536 1450 ne
550 1388 705 1467 resignans
717 1389 842 1450 nimium
863 1389 1077 1450 detrimentum
1089 1406 1138 1464 pa·

114 1478 203 1538 tiatru
216 1483 267 1550 (3).
285 1483 431 1540 ceterum
446 1479 553 1538 harum
567 1494 725 1538 causarum
740 1493 869 1538 examen
881 1477 969 1537 debet
983 1493 1052 1538 esse
1063 1477 1138 1552 rigo-

113 1582 227 1640 rosum,
246 1573 277 1626 et
290 1567 391 1643 magni
403 1566 528 1628 interest
542 1571 594 1640 (l).

146 1748 181 1814 (l)
190 1748 307 1814 Eryman
322 1747 340 1800 l.
357 1747 381 1810 l,
394 1750 414 1799 t.
430 1749 455 1812 i,
470 1763 495 1800 n.
510 1749 534 1800 6.
550 1775 578 1786 -
591 1749 626 1816 (⁴2)
637 1749 747 1816 Riganti
762 1748 797 1801 ad
811 1762 867 1816 reg.
884 1749 924 1808 tl,
940 1749 987 1816 25,
1004 1762 1031 1800 n.
1046 1749 1095 1801 156.
1109 1775 1137 1785 -

115 1820 150 1884 (3)
168 1820 207 1870 ld.
222 1819 257 1871 ad
273 1833 328 1885 rag.
344 1819 383 1882 ts,
398 1821 411 1884 fl
429 1819 454 1880 i,
468 1834 495 1872 n.
519 1820 573 1872 tet.
587 1847 618 1858 -
631 1822 665 1886 (i)
680 1821 750 1872 Hinc
764 1819 842 1871 Gard.
858 1819 967 1872 Toletus
982 1821 1021 1871 ita
1034 1821 1135 1872 eichst:

115 1891 168 1954 Qui
181 1891 325 1954 pensiones
339 1892 465 1952 retinent,
478 1893 557 1942 ctiam
573 1907 636 1943 cum
649 1893 859 1958 dispensatione,
872 1892 896 1942 si
906 1905 960 1943 non
972 1891 1050 1943 adast
1062 1901 1137 1942 causa

116 1961 244 2026 legitima,
270 1961 359 2014 securi
379 1975 434 2013 non
455 1967 529 2021 sunt,
551 1977 603 2014 nac
627 1967 803 2026 excusantur,
826 1961 891 2027 quia
914 1963 991 2028 Papa
1014 1959 1097 2020 dedit,
1112 1963 1136 2012 et

113 2032 238 2098 ipsarum
251 2037 295 2086 cst
307 2032 488 2092 considerare,
504 2034 636 2099 quomodo
652 2034 766 2087 dederit.
782 2034 820 2084 De
834 2033 898 2093 inst,
914 2047 968 2086 sac.
984 2033 1004 2085 l.
1023 2035 1048 2093 t.
1063 2047 1086 2085 c.
1099 2031 1134 2084 83.

151 2258 213 2315 534.
234 2255 414 2316 Pensionum
428 2255 457 2316 in
473 2256 626 2316 beneficiis
639 2255 914 2316 constituendarum
928 2254 1090 2316 auctoritas
1108 2251 1135 2310 in

116 2359 233 2403 summo
248 2345 390 2406 Pontidcc
407 2345 555 2418 residete
574 2361 634 2420 quo
655 2344 756 2404 omnia
775 2344 969 2403 moderantur
987 2341 1133 2412 beneficia,

117 2433 522 2510 proutcharitas,etaequitas
530 2434 734 2509 postulatsed
745 2433 783 2492 de
792 2433 1052 2508 Episcopomagna
1061 2445 1134 2504 saepe

116 2522 332 2584 sententiarum
346 2523 487 2584 varietate
496 2521 658 2598 dubitatur,
669 2528 815 2598 quatenus
823 2521 852 2580 in
863 2520 1039 2596 pensionum
1048 2535 1133 2604 nego·

115 2609 157 2668 tio
177 2611 242 2687 ejus
257 2613 441 2673 auctoritatis
454 2610 561 2672 limites
579 2611 789 2671 extendantur.
815 2615 876 2682 Qua
890 2609 920 2668 in
935 2625 969 2668 re
983 2612 1133 2684 sequentes

115 2697 203 2757 nobis
217 2715 289 2758 vere
307 2699 445 2759 videntur
463 2699 682 2759 conclusiones.
708 2699 814 2772 Prima,
846 2697 950 2774 nequit
976 2699 1132 2772 Episcopus

74 2792 80 2796 ’
116 2784 292 2858 pensionem
301 2793 477 2862 perpetuam
487 2787 634 2848 beneflcio
646 2787 685 2846 ab
697 2787 826 2862 antiquis
839 2787 964 2846 fundato
977 2787 1132 2862 imponere,

117 2878 168 2931 ant
181 2871 212 2930 in
230 2873 403 2952 [undatione
416 2875 585 2951 impositam
599 2891 725 2952 augere:
742 2891 814 2936 nam
834 2872 937 2936 similis
952 2873 1055 2951 pensio
1068 2885 1133 2930 cea·

117 2977 184 3021 sum
205 2968 422 3035 repraesentat,
445 2969 476 3022 at
496 2964 567 3025 nori
599 2981 708 3024 census
730 2962 889 3039 impositio,
903 2962 1068 3038 veterisque
1084 2973 1131 3016 au-

116 3055 270 3124 gmentum
286 3049 434 3127 Episcopo
447 3051 602 3114 manifeste
626 3051 813 3112 interdicitur
826 3055 883 3124 (l),
904 3051 1027 3126 insuper
1040 3045 1132 3110 sniis

116 3133 222 3212 pensio
245 3135 345 3209 realis,
370 3139 439 3214 qnia
464 3139 610 3199 beneficio
640 3139 813 3216 imponitur,
840 3138 939 3215 ipsum
965 3135 1132 3198 beneficium

117 3230 263 3300 perpetuo
277 3223 437 3301 scinderet,
450 3227 532 3303 quod
546 3228 679 3306 exceptis
692 3227 810 3288 casibus
823 3227 854 3286 in
866 3227 952 3286 titulo
963 3219 1132 3302 precedenti

117 3309 280 3385 recensitis,
294 3311 442 3390 Episcopo
463 3314 572 3376 iterum
591 3315 776 3376 interdicitur
794 3320 849 3388 (2),
866 3313 912 3374 his
924 3315 1002 3374 adde
1016 3320 1044 3374 et
1057 3309 1128 3380 illud,

119 3401 200 3475 quod
213 3401 358 3460 beneficia
370 3409 441 3462 sunt
454 3403 518 3462 sine
529 3402 723 3466 diminutione
737 3404 918 3464 conferenda
930 3408 982 3476 (3).
995 3399 1130 3470 Secunda,

117 3486 222 3562 nequit
240 3487 401 3566 episcopus
424 3505 615 3567 quocunqne
633 3492 724 3556 modo
745 3491 922 3570 pemiouem
940 3485 1130 3570 imponerem
