2524 4080
499 755 700 837 TITULUS
717 751 866 834 XXXII.

346 993 383 1038 n!
399 991 530 1040 ΜΠΟΙΙῙΙ
542 991 812 1038 accumulandum
825 989 1024 1036 AHEMTIOXE.

170 1174 316 1228 &naam
329 1187 336 1218 ε
353 1173 408 1226 tot.
424 1171 482 1232 Ouid
498 1171 528 1224 sit
539 1171 654 1235 alienatio,
667 1175 691 1224 et
700 1170 822 1237 quotuplex
831 1171 844 1222 i
853 1199 884 1211 -
898 1171 953 1224 703.
966 1171 1022 1232 Quae
1035 1171 1081 1223 sint
1093 1187 1129 1224 res
1140 1187 1191 1238 pro·

202 1249 253 1312 pter
264 1259 290 1298 so
302 1244 395 1298 alienari
410 1243 547 1308 prohibita?
561 1271 585 1282 -
599 1245 654 1296 704.
670 1243 726 1304 Quae
742 1243 861 1308 prohibita
877 1247 972 1308 propter
986 1247 1063 1294 aeirm
1080 1245 1192 1296 alienatio·

201 1316 254 1368 nisi
267 1343 295 1354 -
314 1317 370 1368 705.
391 1315 545 1368 Alienationos
560 1315 678 1380 protribitn
696 1319 749 1368 sunt
774 1315 853 1366 irrite.
869 1343 899 1352 —
921 1314 975 1366 706.
991 1315 1119 1381 Quotuplex
1137 1318 1192 1368 actio

202 1391 317 1454 competat
330 1386 438 1440 Ecclesia
452 1391 530 1438 sonus
550 1387 608 1438 male
621 1386 772 1438 alienantem?
785 1413 816 1425 -
831 1387 884 1437 707.
900 1385 986 1446 Quibus
1003 1387 1077 1452 poenis
1094 1388 1194 1452 ponatur

200 1460 259 1510 male
271 1458 388 1510 alternans‘.l
399 1487 429 1496 -
441 1459 494 1510 708.
506 1458 604 1509 Alienari
617 1462 713 1524 possunt
726 1473 771 1519 res,
783 1472 833 1524 qua
850 1457 962 1509 servando
972 1459 1058 1509 servari
1069 1461 1194 1524 nequeunti

201 1529 255 1581 709.
271 1528 327 1588 Ona
339 1532 393 1580 sunt
406 1529 480 1593 exigui
494 1529 585 1580 valoris.
598 1557 629 1566 -
642 1529 697 1580 tto.
712 1529 807 1590 Quando
820 1529 885 1579 adest
898 1529 1035 1592 necessitas,
1049 1529 1195 1581 volunluntas

203 1601 325 1651 testatoris.
338 1627 367 1636 -
383 1601 439 1650 711.
456 1600 553 1658 Quando
564 1613 600 1650 res
613 1603 666 1651 sunt
680 1599 708 1650 ab
720 1603 815 1662 antiquo
829 1600 921 1650 alienari
934 1600 1017 1651 solita.
1032 1627 1064 1638 -
1079 1601 1133 1652 tta.
1149 1601 1194 1652 Lo·

201 1669 260 1722 catio
276 1669 386 1736 Wunder
399 1673 435 1721 est
450 1670 480 1720 ad
493 1671 625 1722 triennium.
640 1699 670 1708 -
683 1671 736 1722 713.
754 1671 881 1736 Quotupter
897 1671 926 1722 sit
940 1672 1003 1734 justa
1026 1685 1094 1723 cansa
1114 1671 1193 1723 aliare·

200 1741 286 1793 tionat
302 1769 327 1778 -
343 1741 398 1792 tot.
417 1741 443 1792 ln
456 1755 501 1806 auo
513 1742 638 1793 consinus
647 1742 801 1794 solemnitates
815 1743 890 1806 ajure
905 1741 1040 1806 reposita?
1050 1769 1081 1778 -
1094 1743 1148 1794 715.
1159 1745 1193 1794 tn

200 1811 364 1876 hmeptaoituur
376 1812 530 1878 Apostotioam
543 1812 625 1864 debeat
634 1813 762 1878 precedere
771 1817 847 1866 aetum
859 1811 1018 1864 disrationtst
1028 1840 1060 1851 —
1072 1813 1128 1866 tto.
1139 1813 1196 1874 Quo·

201 1883 343 1942 modotdenr
354 1883 519 1950 impransi
527 1884 600 1937 soleat
611 1883 723 1938 wnredit

205 2055 269 2114 702.
288 2051 430 2114 thenolio
443 2051 473 2112 in
485 2068 596 2128 genere
610 2057 657 2112 est
667 2057 764 2124 actus,
780 2069 840 2128 quo
852 2051 1018 2112 dominium
1028 2051 1074 2112 rei
1087 2052 1127 2112 de
1137 2069 1195 2112 uno

171 2141 202 2202 iu
216 2141 307 2202 atium
322 2141 514 2215 transfertur3
537 2141 624 2202 seda
644 2141 821 2201 doctoribus
838 2141 897 2200 hoo
918 2141 989 2200 looo
1008 2139 1109 2203 latiori
1128 2157 1199 2216 quo-

173 2229 335 2302 dammodo
349 2230 504 2307 accipitur,
521 2230 609 2290 etsie
629 2236 753 2306 accepta
770 2235 869 2306 potest
888 2229 1020 2290 defiuim:
1036 2237 1132 2303 actus,
1147 2244 1200 2305 puw

171 2319 350 2388 dominium,
369 2319 414 2378 vel
434 2319 573 2395 possessio
595 2319 640 2380 rei
657 2316 851 2378 ecclesiastice
865 2319 1061 2394 eatiapuitur,
1078 2318 1129 2378 oel
1145 2318 1200 2376 rai·

171 2411 288 2470 auteur.
304 2411 465 2483 Propterea
477 2407 617 2468 dividitur
627 2426 633 2466 :
642 2407 673 2466 in
683 2405 881 2484 propriarasi
892 2407 953 2482 jus,
968 2405 1050 2482 quod
1061 2405 1093 2466 in
1107 2407 1200 2483 ipsam

155 2499 261 2560 ¹habet
280 2495 421 2570 Ecclesia,
441 2496 640 2572 exunguatur,
659 2503 692 2556 ut
704 2494 736 2554 in
748 2495 918 2569 donatione,
934 2494 1119 2570 venditione,
1132 2501 1198 2565 etc,

172 2592 202 2646 et
217 2585 422 2662 impropriam,
442 2585 467 2646 si
485 2587 544 2662 jus,
560 2585 642 2662 quod
662 2584 693 2644 in
708 2585 802 2660 ipsam
818 2585 907 2644 habet
928 2583 1073 2659 Ecclesia,
1089 2589 1202 2644 unum

171 2673 332 2746 minuatur,
349 2679 382 2736 ut
394 2673 425 2732 in
439 2673 597 2745 locatione,
612 2675 747 2750 pignore,
757 2680 815 2733 ato,
830 2673 973 2734 alienatio
986 2674 1142 2734 bonorum
1153 2687 1201 2732 es·

172 2761 405 2824 clesiastioorum
427 2762 606 2838 generaliter
628 2768 674 2822 est
696 2760 864 2836 prohibita:
885 2779 955 2823 nam
978 2763 1100 2838 publice
1114 2761 1201 2820 iuter·

172 2854 228 2922 ast,
243 2855 276 2908 ut
298 2850 468 2914 necessaria
486 2849 524 2910 ad
545 2850 678 2910 divinum
698 2851 821 2922 cultum,
846 2851 993 2926 stipendia
1011 2850 1200 2918 clericorum,

172 2942 204 2996 ct
222 2934 354 2996 subsidia
378 2955 544 3016 pauperum
563 2944 708 3016 perpetuo
731 2946 948 3000 conserventur
967 2940 1007 2998 ad
1029 2937 1201 3006 Ecclesiam,

172 3041 240 3102 quae
253 3033 398 3102 perpetua
412 3045 477 3088 esse
494 3029 592 3101 debet,
616 3028 854 3088 conservandam
873 3033 931 3101 (t);
956 3028 1009 3088 sed
1024 3027 1203 3104 quandoque

170 3119 216 3175 est
229 3113 318 3174 etiam
331 3115 486 3190 permissa,
501 3123 534 3174 ut
546 3116 637 3191 liquet
651 3132 690 3174 ex
700 3115 764 3190 ipsa
778 3115 896 3176 rubrica
906 3117 980 3176 tituli
989 3115 1200 3181 decretalium,

172 3203 214 3262 De
226 3203 311 3262 rmus
324 3202 455 3262 Ecclesiae
469 3202 646 3278 alienandis,
660 3203 705 3262 oel
719 3219 790 3262 aaa.
811 3207 909 3276 Quare
921 3204 1053 3281 primum
1076 3203 1117 3264 de
1135 3201 1204 3262 alie·

174 3291 342 3352 nationihus
357 3289 522 3368 prohibitis,
538 3298 568 3351 et
580 3291 687 3352 deinde
701 3291 738 3352 de
752 3291 904 3368 permissis
916 3309 1052 3370 agemus.

204 3435 240 3499 (t)
254 3435 329 3486 Bona
342 3433 525 3486 ecclesiastica
541 3434 576 3486 ad
590 3434 662 3487 huno
677 3433 801 3487 eflectum
817 3439 961 3488 censentur
974 3436 1064 3488 omnia
1074 3436 1151 3486 bona
1160 3441 1203 3481 ec·

174 3505 327 3563 clesiarnm,
342 3505 576 3569 monasteriorum,
591 3507 764 3573 locorumque
779 3507 887 3572 piorum
905 3507 1090 3574 quorumlibet
1105 3517 1140 3556 ex
1155 3501 1202 3552 do·

176 3574 295 3626 finitione
308 3575 387 3627 Pauli
401 3576 427 3626 II
442 3576 470 3626 in
484 3577 591 3629 Extrav.
608 3577 765 3631 Ambitiosa
779 3577 812 3630 de
827 3579 883 3631 reb.
904 3579 977 3630 Ecol.
991 3593 1045 3631 non
1056 3579 1139 3630 alien.
1155 3571 1201 3622 inl»
