<?xml version="1.0" encoding="UTF-8"?>
<!DOCTYPE html PUBLIC "-//W3C//DTD XHTML 1.0 Transitional//EN"
    "http://www.w3.org/TR/xhtml1/DTD/xhtml1-transitional.dtd">
<html xmlns="http://www.w3.org/1999/xhtml" xml:lang="en" lang="en">
 <head>
  <title>
</title>
<meta http-equiv="Content-Type" content="text/html;charset=utf-8" />
  <meta name='ocr-system' content='tesseract 3.04.00' />
  <meta name='ocr-capabilities' content='ocr_page ocr_carea ocr_par ocr_line ocrx_word'/>
</head>
<body>
  <div class='ocr_page' id='page_1' title='image "./summainstitutio01ferrgoog_0218.png"; bbox 0 0 2410 4068; ppageno 0'>
   <div class='ocr_carea' id='block_1_1' title="bbox 457 160 615 229">
    <p class='ocr_par' dir='ltr' id='par_1_1' title="bbox 457 160 615 229">
     <span class='ocr_line' id='line_1_1' title="bbox 457 160 615 229; baseline -0.006 -27"><span class='ocrx_word' id='word_1_1' title='bbox 457 160 615 229; x_wconf 63' lang='lat'><strong>..207-</strong></span> 
     </span>
    </p>
   </div>
   <div class='ocr_carea' id='block_1_2' title="bbox 44 280 1052 1769">
    <p class='ocr_par' dir='ltr' id='par_1_2' title="bbox 44 280 1052 1769">
     <span class='ocr_line' id='line_1_2' title="bbox 48 280 1050 362; baseline 0.004 -22"><span class='ocrx_word' id='word_1_2' title='bbox 48 296 109 355; x_wconf 84' lang='lat' dir='ltr'><strong>quc,</strong></span> <span class='ocrx_word' id='word_1_3' title='bbox 123 287 242 342; x_wconf 84' lang='lat' dir='ltr'><strong>vocante</strong></span> <span class='ocrx_word' id='word_1_4' title='bbox 254 280 407 342; x_wconf 76' lang='lat' dir='ltr'><strong>pontificis</strong></span> <span class='ocrx_word' id='word_1_5' title='bbox 428 288 458 342; x_wconf 88' lang='lat' dir='ltr'><strong>ct</strong></span> <span class='ocrx_word' id='word_1_6' title='bbox 472 282 605 360; x_wconf 80' lang='lat' dir='ltr'>episcopi</span> <span class='ocrx_word' id='word_1_7' title='bbox 619 281 692 343; x_wconf 89' lang='lat' dir='ltr'><strong>sede</strong></span> <span class='ocrx_word' id='word_1_8' title='bbox 705 286 871 348; x_wconf 78' lang='lat' dir='ltr'><strong>vacarunt?</strong></span> <span class='ocrx_word' id='word_1_9' title='bbox 893 283 976 346; x_wconf 84' lang='lat' dir='ltr'><strong>circa</strong></span> <span class='ocrx_word' id='word_1_10' title='bbox 988 283 1050 362; x_wconf 86' lang='lat' dir='ltr'><strong>pri·</strong></span> 
     </span>
     <span class='ocr_line' id='line_1_3' title="bbox 46 369 1050 434; baseline 0.006 -8"><span class='ocrx_word' id='word_1_11' title='bbox 46 384 108 427; x_wconf 86' lang='lat' dir='ltr'><strong>urum</strong></span> <span class='ocrx_word' id='word_1_12' title='bbox 119 369 180 429; x_wconf 85' lang='lat' dir='ltr'><strong>duae</strong></span> <span class='ocrx_word' id='word_1_13' title='bbox 193 377 261 429; x_wconf 89' lang='lat' dir='ltr'><strong>sunt</strong></span> <span class='ocrx_word' id='word_1_14' title='bbox 274 375 439 430; x_wconf 73' lang='lat' dir='ltr'>Doctorum</span> <span class='ocrx_word' id='word_1_15' title='bbox 453 370 618 431; x_wconf 76' lang='lat' dir='ltr'><strong>sententiae.</strong></span> <span class='ocrx_word' id='word_1_16' title='bbox 634 369 688 430; x_wconf 77' lang='lat' dir='ltr'><strong>alii</strong></span> <span class='ocrx_word' id='word_1_17' title='bbox 710 388 780 432; x_wconf 91' lang='lat' dir='ltr'><strong>cum</strong></span> <span class='ocrx_word' id='word_1_18' title='bbox 801 373 945 432; x_wconf 85' lang='lat' dir='ltr'><strong>Gonzales</strong></span> <span class='ocrx_word' id='word_1_19' title='bbox 968 373 1050 434; x_wconf 80' lang='lat' dir='ltr'><strong>affir-</strong></span> 
     </span>
     <span class='ocr_line' id='line_1_4' title="bbox 46 458 1050 538; baseline 0.008 -24"><span class='ocrx_word' id='word_1_20' title='bbox 46 464 115 529; x_wconf 87' lang='lat' dir='ltr'><strong>mant,</strong></span> <span class='ocrx_word' id='word_1_21' title='bbox 128 458 267 518; x_wconf 85' lang='lat' dir='ltr'><strong>beneficia</strong></span> <span class='ocrx_word' id='word_1_22' title='bbox 283 459 326 519; x_wconf 91' lang='lat' dir='ltr'><strong>sic</strong></span> <span class='ocrx_word' id='word_1_23' title='bbox 341 460 479 519; x_wconf 87' lang='lat' dir='ltr'><strong>vacantia</strong></span> <span class='ocrx_word' id='word_1_24' title='bbox 493 477 555 520; x_wconf 89' lang='lat' dir='ltr'><strong>non</strong></span> <span class='ocrx_word' id='word_1_25' title='bbox 570 477 636 520; x_wconf 90' lang='lat' dir='ltr'><strong>esse</strong></span> <span class='ocrx_word' id='word_1_26' title='bbox 650 467 816 535; x_wconf 85' lang='lat' dir='ltr'><strong>reservata,</strong></span> <span class='ocrx_word' id='word_1_27' title='bbox 830 467 860 521; x_wconf 89' lang='lat' dir='ltr'><strong>et</strong></span> <span class='ocrx_word' id='word_1_28' title='bbox 875 461 943 521; x_wconf 91' lang='lat' dir='ltr'><strong>ideo</strong></span> <span class='ocrx_word' id='word_1_29' title='bbox 958 479 1050 538; x_wconf 90' lang='lat' dir='ltr'><strong>posse</strong></span> 
     </span>
     <span class='ocr_line' id='line_1_5' title="bbox 47 545 1050 624; baseline 0.002 -18"><span class='ocrx_word' id='word_1_30' title='bbox 47 561 86 618; x_wconf 84' lang='lat' dir='ltr'><strong>per</strong></span> <span class='ocrx_word' id='word_1_31' title='bbox 96 545 264 622; x_wconf 80' lang='lat' dir='ltr'><strong>Episcopum</strong></span> <span class='ocrx_word' id='word_1_32' title='bbox 287 563 496 608; x_wconf 81' lang='lat' dir='ltr'><strong>successorem</strong></span> <span class='ocrx_word' id='word_1_33' title='bbox 520 547 665 608; x_wconf 87' lang='lat' dir='ltr'><strong>conferri:</strong></span> <span class='ocrx_word' id='word_1_34' title='bbox 692 548 762 624; x_wconf 87' lang='lat' dir='ltr'><strong>quie</strong></span> <span class='ocrx_word' id='word_1_35' title='bbox 781 549 928 610; x_wconf 88' lang='lat' dir='ltr'><strong>beneficia</strong></span> <span class='ocrx_word' id='word_1_36' title='bbox 946 549 1050 624; x_wconf 82' lang='lat' dir='ltr'><strong>hujus·</strong></span> 
     </span>
     <span class='ocr_line' id='line_1_6' title="bbox 46 633 1050 712; baseline 0.007 -21"><span class='ocrx_word' id='word_1_37' title='bbox 46 633 144 692; x_wconf 90' lang='lat' dir='ltr'><strong>modiin</strong></span> <span class='ocrx_word' id='word_1_38' title='bbox 166 652 219 694; x_wconf 90' lang='lat' dir='ltr'><strong>sua</strong></span> <span class='ocrx_word' id='word_1_39' title='bbox 238 635 408 708; x_wconf 87' lang='lat' dir='ltr'><strong>vacatione,</strong></span> <span class='ocrx_word' id='word_1_40' title='bbox 431 635 547 696; x_wconf 88' lang='lat' dir='ltr'><strong>vivente</strong></span> <span class='ocrx_word' id='word_1_41' title='bbox 572 635 724 712; x_wconf 87' lang='lat' dir='ltr'><strong>episeopo,</strong></span> <span class='ocrx_word' id='word_1_42' title='bbox 747 643 833 698; x_wconf 89' lang='lat' dir='ltr'><strong>erant</strong></span> <span class='ocrx_word' id='word_1_43' title='bbox 852 638 960 711; x_wconf 74' lang='lat' dir='ltr'><strong>libera,</strong></span> <span class='ocrx_word' id='word_1_44' title='bbox 977 653 1050 712; x_wconf 81' lang='lat' dir='ltr'><strong>ergo</strong></span> 
     </span>
     <span class='ocr_line' id='line_1_7' title="bbox 47 723 1051 797; baseline 0.008 -19"><span class='ocrx_word' id='word_1_45' title='bbox 47 723 120 794; x_wconf 78' lang='lat' dir='ltr'><strong>ctam,</strong></span> <span class='ocrx_word' id='word_1_46' title='bbox 139 741 173 784; x_wconf 91' lang='lat' dir='ltr'><strong>eo</strong></span> <span class='ocrx_word' id='word_1_47' title='bbox 193 730 325 797; x_wconf 87' lang='lat' dir='ltr'><strong>mortuo,</strong></span> <span class='ocrx_word' id='word_1_48' title='bbox 347 724 459 784; x_wconf 90' lang='lat' dir='ltr'><strong>debent</strong></span> <span class='ocrx_word' id='word_1_49' title='bbox 480 737 546 784; x_wconf 84' lang='lat' dir='ltr'><strong>esse</strong></span> <span class='ocrx_word' id='word_1_50' title='bbox 569 725 672 785; x_wconf 90' lang='lat' dir='ltr'><strong>libera.</strong></span> <span class='ocrx_word' id='word_1_51' title='bbox 695 725 748 786; x_wconf 81' lang='lat' dir='ltr'><strong>Alii</strong></span> <span class='ocrx_word' id='word_1_52' title='bbox 772 743 812 786; x_wconf 80' lang='lat' dir='ltr'><strong>ex</strong></span> <span class='ocrx_word' id='word_1_53' title='bbox 830 727 959 786; x_wconf 88' lang='lat' dir='ltr'><strong>adverso</strong></span> <span class='ocrx_word' id='word_1_54' title='bbox 980 743 1051 786; x_wconf 90' lang='lat' dir='ltr'><strong>cum</strong></span> 
     </span>
     <span class='ocr_line' id='line_1_8' title="bbox 47 811 1049 892; baseline 0.007 -25"><span class='ocrx_word' id='word_1_55' title='bbox 47 811 123 870; x_wconf 84' lang='lat' dir='ltr'><strong>tercia</strong></span> <span class='ocrx_word' id='word_1_56' title='bbox 131 812 284 886; x_wconf 89' lang='lat' dir='ltr'><strong>sustinent,</strong></span> <span class='ocrx_word' id='word_1_57' title='bbox 302 829 368 872; x_wconf 89' lang='lat' dir='ltr'><strong>csse</strong></span> <span class='ocrx_word' id='word_1_58' title='bbox 383 819 548 884; x_wconf 86' lang='lat' dir='ltr'><strong>reservata,</strong></span> <span class='ocrx_word' id='word_1_59' title='bbox 564 813 633 890; x_wconf 89' lang='lat' dir='ltr'><strong>quia</strong></span> <span class='ocrx_word' id='word_1_60' title='bbox 646 815 672 873; x_wconf 91' lang='lat' dir='ltr'><strong>si</strong></span> <span class='ocrx_word' id='word_1_61' title='bbox 686 831 846 874; x_wconf 82' lang='lat' dir='ltr'><strong>successor</strong></span> <span class='ocrx_word' id='word_1_62' title='bbox 860 815 963 892; x_wconf 88' lang='lat' dir='ltr'><strong>nequit</strong></span> <span class='ocrx_word' id='word_1_63' title='bbox 977 831 1049 875; x_wconf 89' lang='lat' dir='ltr'><strong>cou-</strong></span> 
     </span>
     <span class='ocr_line' id='line_1_9' title="bbox 45 890 1051 978; baseline 0.008 -22"><span class='ocrx_word' id='word_1_64' title='bbox 45 890 102 958; x_wconf 84' lang='lat' dir='ltr'><strong>scrre</strong></span> <span class='ocrx_word' id='word_1_65' title='bbox 116 900 254 961; x_wconf 84' lang='lat' dir='ltr'><strong>beneficia</strong></span> <span class='ocrx_word' id='word_1_66' title='bbox 275 901 414 962; x_wconf 89' lang='lat' dir='ltr'><strong>vacantia</strong></span> <span class='ocrx_word' id='word_1_67' title='bbox 438 908 506 977; x_wconf 90' lang='lat' dir='ltr'><strong>post</strong></span> <span class='ocrx_word' id='word_1_68' title='bbox 524 902 663 978; x_wconf 84' lang='lat' dir='ltr'><strong>Episcopi</strong></span> <span class='ocrx_word' id='word_1_69' title='bbox 683 903 807 974; x_wconf 84' lang='lat' dir='ltr'><strong>obitum,</strong></span> <span class='ocrx_word' id='word_1_70' title='bbox 833 919 893 962; x_wconf 90' lang='lat' dir='ltr'><strong>non</strong></span> <span class='ocrx_word' id='word_1_71' title='bbox 909 903 1051 978; x_wconf 84' lang='lat' dir='ltr'><strong>poterita</strong></span> 
     </span>
     <span class='ocr_line' id='line_1_10' title="bbox 45 984 1051 1062; baseline 0.008 -21"><span class='ocrx_word' id='word_1_72' title='bbox 45 984 131 1046; x_wconf 90' lang='lat' dir='ltr'><strong>lortiori</strong></span> <span class='ocrx_word' id='word_1_73' title='bbox 145 990 282 1050; x_wconf 79' lang='lat' dir='ltr'><strong>conterre</strong></span> <span class='ocrx_word' id='word_1_74' title='bbox 296 989 435 1049; x_wconf 85' lang='lat' dir='ltr'><strong>vacantia</strong></span> <span class='ocrx_word' id='word_1_75' title='bbox 449 997 519 1050; x_wconf 90' lang='lat' dir='ltr'><strong>aute</strong></span> <span class='ocrx_word' id='word_1_76' title='bbox 529 990 659 1062; x_wconf 79' lang='lat' dir='ltr'><strong>obitum3</strong></span> <span class='ocrx_word' id='word_1_77' title='bbox 673 992 739 1050; x_wconf 78' lang='lat' dir='ltr'><strong>hoec</strong></span> <span class='ocrx_word' id='word_1_78' title='bbox 750 990 856 1050; x_wconf 87' lang='lat' dir='ltr'><strong>ultima</strong></span> <span class='ocrx_word' id='word_1_79' title='bbox 872 990 1051 1051; x_wconf 81' lang='lat' dir='ltr'><strong>sententiaa</strong></span> 
     </span>
     <span class='ocr_line' id='line_1_11' title="bbox 45 1075 1052 1155; baseline 0.008 -25"><span class='ocrx_word' id='word_1_80' title='bbox 45 1075 149 1149; x_wconf 81' lang='lat' dir='ltr'><strong>ligantio</strong></span> <span class='ocrx_word' id='word_1_81' title='bbox 163 1077 274 1138; x_wconf 87' lang='lat' dir='ltr'><strong>dicitur</strong></span> <span class='ocrx_word' id='word_1_82' title='bbox 288 1078 318 1136; x_wconf 94' lang='lat' dir='ltr'><strong>in</strong></span> <span class='ocrx_word' id='word_1_83' title='bbox 341 1077 427 1154; x_wconf 84' lang='lat' dir='ltr'><strong>praxi</strong></span> <span class='ocrx_word' id='word_1_84' title='bbox 441 1079 537 1154; x_wconf 82' lang='lat' dir='ltr'><strong>magis</strong></span> <span class='ocrx_word' id='word_1_85' title='bbox 550 1084 683 1154; x_wconf 86' lang='lat' dir='ltr'><strong>recepta,</strong></span> <span class='ocrx_word' id='word_1_86' title='bbox 702 1078 772 1138; x_wconf 89' lang='lat' dir='ltr'><strong>licet</strong></span> <span class='ocrx_word' id='word_1_87' title='bbox 790 1078 854 1155; x_wconf 87' lang='lat' dir='ltr'><strong>ipsc</strong></span> <span class='ocrx_word' id='word_1_88' title='bbox 869 1077 1052 1138; x_wconf 89' lang='lat' dir='ltr'><strong>contrariam</strong></span> 
     </span>
     <span class='ocr_line' id='line_1_12' title="bbox 45 1161 1051 1238; baseline 0.007 -19"><span class='ocrx_word' id='word_1_89' title='bbox 45 1161 155 1224; x_wconf 81' lang='lat' dir='ltr'><strong>defendat</strong></span> <span class='ocrx_word' id='word_1_90' title='bbox 167 1169 218 1238; x_wconf 73' lang='lat' dir='ltr'><strong>lt).</strong></span> <span class='ocrx_word' id='word_1_91' title='bbox 236 1165 321 1225; x_wconf 85' lang='lat' dir='ltr'><strong>Circa</strong></span> <span class='ocrx_word' id='word_1_92' title='bbox 336 1166 504 1224; x_wconf 89' lang='lat' dir='ltr'><strong>secuudum</strong></span> <span class='ocrx_word' id='word_1_93' title='bbox 527 1165 689 1226; x_wconf 88' lang='lat' dir='ltr'><strong>dicendum</strong></span> <span class='ocrx_word' id='word_1_94' title='bbox 704 1165 831 1238; x_wconf 90' lang='lat' dir='ltr'><strong>videtur,</strong></span> <span class='ocrx_word' id='word_1_95' title='bbox 854 1167 967 1226; x_wconf 90' lang='lat' dir='ltr'><strong>nullam</strong></span> <span class='ocrx_word' id='word_1_96' title='bbox 983 1183 1051 1226; x_wconf 87' lang='lat' dir='ltr'><strong>esse</strong></span> 
     </span>
     <span class='ocr_line' id='line_1_13' title="bbox 44 1253 1050 1330; baseline 0.006 -22"><span class='ocrx_word' id='word_1_97' title='bbox 44 1253 265 1326; x_wconf 78' lang='lat' dir='ltr'><strong>reservationem,</strong></span> <span class='ocrx_word' id='word_1_98' title='bbox 293 1269 363 1314; x_wconf 90' lang='lat' dir='ltr'><strong>cum</strong></span> <span class='ocrx_word' id='word_1_99' title='bbox 388 1257 500 1330; x_wconf 81' lang='lat' dir='ltr'><strong>regulae</strong></span> <span class='ocrx_word' id='word_1_100' title='bbox 524 1253 723 1327; x_wconf 79' lang='lat' dir='ltr'><strong>cancellariae,</strong></span> <span class='ocrx_word' id='word_1_101' title='bbox 749 1260 869 1313; x_wconf 89' lang='lat' dir='ltr'><strong>mortuo</strong></span> <span class='ocrx_word' id='word_1_102' title='bbox 897 1253 1050 1329; x_wconf 76' lang='lat' dir='ltr'><strong>pontifice,</strong></span> 
     </span>
     <span class='ocr_line' id='line_1_14' title="bbox 44 1339 1052 1419; baseline 0.008 -25"><span class='ocrx_word' id='word_1_103' title='bbox 44 1339 232 1402; x_wconf 88' lang='lat' dir='ltr'><strong>rimamittant.</strong></span> <span class='ocrx_word' id='word_1_104' title='bbox 250 1342 326 1402; x_wconf 87' lang='lat' dir='ltr'><strong>ilinc</strong></span> <span class='ocrx_word' id='word_1_105' title='bbox 342 1343 547 1419; x_wconf 84' lang='lat' dir='ltr'><strong>expectandus</strong></span> <span class='ocrx_word' id='word_1_106' title='bbox 562 1348 689 1402; x_wconf 86' lang='lat' dir='ltr'><strong>eventus</strong></span> <span class='ocrx_word' id='word_1_107' title='bbox 715 1359 722 1400; x_wconf 94' lang='lat'>:</span> <span class='ocrx_word' id='word_1_108' title='bbox 745 1341 770 1400; x_wconf 91' lang='lat' dir='ltr'><strong>si</strong></span> <span class='ocrx_word' id='word_1_109' title='bbox 790 1342 920 1417; x_wconf 90' lang='lat' dir='ltr'><strong>primum</strong></span> <span class='ocrx_word' id='word_1_110' title='bbox 934 1347 1052 1402; x_wconf 82' lang='lat' dir='ltr'><strong>creetur</strong></span> 
     </span>
     <span class='ocr_line' id='line_1_15' title="bbox 44 1429 1049 1507; baseline 0.003 -21"><span class='ocrx_word' id='word_1_111' title='bbox 44 1429 161 1502; x_wconf 78' lang='lat' dir='ltr'><strong>Pontifex,</strong></span> <span class='ocrx_word' id='word_1_112' title='bbox 173 1431 239 1506; x_wconf 90' lang='lat' dir='ltr'><strong>ipse</strong></span> <span class='ocrx_word' id='word_1_113' title='bbox 255 1430 356 1490; x_wconf 88' lang='lat' dir='ltr'><strong>statim</strong></span> <span class='ocrx_word' id='word_1_114' title='bbox 374 1433 545 1506; x_wconf 71' lang='lat' dir='ltr'><strong>promulgat</strong></span> <span class='ocrx_word' id='word_1_115' title='bbox 569 1432 699 1506; x_wconf 85' lang='lat' dir='ltr'><strong>regulas,</strong></span> <span class='ocrx_word' id='word_1_116' title='bbox 714 1430 929 1507; x_wconf 84' lang='lat' dir='ltr'><strong>beneficiisque</strong></span> <span class='ocrx_word' id='word_1_117' title='bbox 943 1447 1049 1489; x_wconf 87' lang='lat' dir='ltr'><strong>vacan-</strong></span> 
     </span>
     <span class='ocr_line' id='line_1_16' title="bbox 44 1514 1052 1596; baseline 0.009 -26"><span class='ocrx_word' id='word_1_118' title='bbox 44 1514 101 1575; x_wconf 88' lang='lat' dir='ltr'><strong>tibus</strong></span> <span class='ocrx_word' id='word_1_119' title='bbox 118 1517 268 1580; x_wconf 89' lang='lat' dir='ltr'><strong>vinculum</strong></span> <span class='ocrx_word' id='word_1_120' title='bbox 288 1518 501 1579; x_wconf 81' lang='lat' dir='ltr'><strong>reservationis</strong></span> <span class='ocrx_word' id='word_1_121' title='bbox 522 1519 648 1596; x_wconf 84' lang='lat' dir='ltr'><strong>imponit</strong></span> <span class='ocrx_word' id='word_1_122' title='bbox 675 1521 740 1592; x_wconf 71' lang='lat'>(2);</span> <span class='ocrx_word' id='word_1_123' title='bbox 764 1519 791 1578; x_wconf 90' lang='lat' dir='ltr'><strong>si</strong></span> <span class='ocrx_word' id='word_1_124' title='bbox 819 1535 892 1579; x_wconf 89' lang='lat' dir='ltr'><strong>vero</strong></span> <span class='ocrx_word' id='word_1_125' title='bbox 921 1519 1052 1596; x_wconf 90' lang='lat' dir='ltr'><strong>primum</strong></span> 
     </span>
     <span class='ocr_line' id='line_1_17' title="bbox 45 1602 1050 1684; baseline 0.009 -25"><span class='ocrx_word' id='word_1_126' title='bbox 45 1602 179 1682; x_wconf 86' lang='lat' dir='ltr'><strong>Episcopus</strong></span> <span class='ocrx_word' id='word_1_127' title='bbox 199 1605 341 1667; x_wconf 65' lang='lat' dir='ltr'><strong>beneimii</strong></span> <span class='ocrx_word' id='word_1_128' title='bbox 363 1607 585 1682; x_wconf 87' lang='lat' dir='ltr'><strong>possessionem</strong></span> <span class='ocrx_word' id='word_1_129' title='bbox 610 1613 798 1683; x_wconf 85' lang='lat' dir='ltr'><strong>assequatur,</strong></span> <span class='ocrx_word' id='word_1_130' title='bbox 824 1612 923 1684; x_wconf 90' lang='lat' dir='ltr'><strong>potest</strong></span> <span class='ocrx_word' id='word_1_131' title='bbox 942 1623 981 1668; x_wconf 84' lang='lat' dir='ltr'><strong>err</strong></span> <span class='ocrx_word' id='word_1_132' title='bbox 999 1624 1050 1668; x_wconf 88' lang='lat' dir='ltr'><strong>ve·</strong></span> 
     </span>
     <span class='ocr_line' id='line_1_18' title="bbox 44 1689 834 1769; baseline 0.008 -19"><span class='ocrx_word' id='word_1_133' title='bbox 44 1689 95 1750; x_wconf 84' lang='lat' dir='ltr'><strong>riori</strong></span> <span class='ocrx_word' id='word_1_134' title='bbox 106 1696 248 1756; x_wconf 72' lang='lat' dir='ltr'><strong>mnteutia</strong></span> <span class='ocrx_word' id='word_1_135' title='bbox 261 1695 407 1756; x_wconf 85' lang='lat' dir='ltr'><strong>beneficia</strong></span> <span class='ocrx_word' id='word_1_136' title='bbox 421 1695 464 1756; x_wconf 90' lang='lat' dir='ltr'><strong>sic</strong></span> <span class='ocrx_word' id='word_1_137' title='bbox 478 1693 616 1755; x_wconf 87' lang='lat' dir='ltr'><strong>vacantia</strong></span> <span class='ocrx_word' id='word_1_138' title='bbox 631 1695 769 1756; x_wconf 79' lang='lat' dir='ltr'><strong>conterre</strong></span> <span class='ocrx_word' id='word_1_139' title='bbox 783 1698 834 1769; x_wconf 88' lang='lat'><strong>(3).</strong></span> 
     </span>
    </p>
   </div>
   <div class='ocr_carea' id='block_1_3' title="bbox 46 1838 1052 1979">
    <p class='ocr_par' dir='ltr' id='par_1_3' title="bbox 46 1838 1052 1979">
     <span class='ocr_line' id='line_1_19' title="bbox 66 1838 1052 1909; baseline 0.009 -22"><span class='ocrx_word' id='word_1_140' title='bbox 66 1838 137 1904; x_wconf 70' lang='grc' dir='ltr'><strong>(1)Αά</strong></span> <span class='ocrx_word' id='word_1_141' title='bbox 147 1857 202 1907; x_wconf 79' lang='lat' dir='ltr'><strong>reg.</strong></span> <span class='ocrx_word' id='word_1_142' title='bbox 217 1844 234 1893; x_wconf 74' lang='lat'>2</span> <span class='ocrx_word' id='word_1_143' title='bbox 251 1842 357 1894; x_wconf 81' lang='lat' dir='ltr'><strong>cancel.</strong></span> <span class='ocrx_word' id='word_1_144' title='bbox 374 1843 385 1907; x_wconf 68' lang='grc' dir='ltr'>ξ</span> <span class='ocrx_word' id='word_1_145' title='bbox 400 1843 424 1901; x_wconf 85' lang='grc'><strong>3,</strong></span> <span class='ocrx_word' id='word_1_146' title='bbox 439 1857 466 1893; x_wconf 89' lang='lat' dir='ltr'><strong>n.</strong></span> <span class='ocrx_word' id='word_1_147' title='bbox 479 1843 534 1895; x_wconf 84' lang='lat'><strong>358.</strong></span> <span class='ocrx_word' id='word_1_148' title='bbox 548 1843 624 1908; x_wconf 73' lang='lat'>-(2)</span> <span class='ocrx_word' id='word_1_149' title='bbox 642 1843 708 1908; x_wconf 82' lang='lat' dir='ltr'><strong>Reg.</strong></span> <span class='ocrx_word' id='word_1_150' title='bbox 730 1843 761 1896; x_wconf 88' lang='lat'><strong>68</strong></span> <span class='ocrx_word' id='word_1_151' title='bbox 784 1843 892 1898; x_wconf 76' lang='lat' dir='ltr'><strong>cancel.</strong></span> <span class='ocrx_word' id='word_1_152' title='bbox 910 1869 938 1890; x_wconf 78' lang='lat'>—</span> <span class='ocrx_word' id='word_1_153' title='bbox 957 1843 992 1909; x_wconf 85' lang='lat'><strong>(3)</strong></span> <span class='ocrx_word' id='word_1_154' title='bbox 1007 1842 1052 1896; x_wconf 85' lang='lat' dir='ltr'><strong>ni-</strong></span> 
     </span>
     <span class='ocr_line' id='line_1_20' title="bbox 46 1911 476 1979; baseline 0.016 -20"><span class='ocrx_word' id='word_1_155' title='bbox 46 1911 99 1970; x_wconf 79' lang='lat' dir='ltr'><strong>genii</strong></span> <span class='ocrx_word' id='word_1_156' title='bbox 109 1913 140 1964; x_wconf 76' lang='lat' dir='ltr'><strong>cd</strong></span> <span class='ocrx_word' id='word_1_157' title='bbox 151 1927 206 1979; x_wconf 82' lang='lat' dir='ltr'><strong>reg.</strong></span> <span class='ocrx_word' id='word_1_158' title='bbox 220 1915 238 1965; x_wconf 73' lang='lat'><strong>2</strong></span> <span class='ocrx_word' id='word_1_159' title='bbox 253 1914 360 1966; x_wconf 87' lang='lat' dir='ltr'><strong>Cancel.</strong></span> <span class='ocrx_word' id='word_1_160' title='bbox 377 1927 404 1966; x_wconf 88' lang='lat' dir='ltr'><strong>n.</strong></span> <span class='ocrx_word' id='word_1_161' title='bbox 420 1913 476 1966; x_wconf 84' lang='grc'>363.</span> 
     </span>
    </p>
   </div>
   <div class='ocr_carea' id='block_1_4' title="bbox 45 2109 1055 3516">
    <p class='ocr_par' dir='ltr' id='par_1_4' title="bbox 45 2109 1055 3516">
     <span class='ocr_line' id='line_1_21' title="bbox 70 2109 1051 2192; baseline 0.005 -21"><span class='ocrx_word' id='word_1_162' title='bbox 70 2115 118 2174; x_wconf 77' lang='lat' dir='ltr'><strong>lut.</strong></span> <span class='ocrx_word' id='word_1_163' title='bbox 136 2120 166 2175; x_wconf 92' lang='lat' dir='ltr'><strong>ln</strong></span> <span class='ocrx_word' id='word_1_164' title='bbox 180 2117 288 2192; x_wconf 79' lang='lat' dir='ltr'><strong>regula</strong></span> <span class='ocrx_word' id='word_1_165' title='bbox 299 2121 327 2175; x_wconf 68' lang='lat'><strong>3!</strong></span> <span class='ocrx_word' id='word_1_166' title='bbox 340 2121 534 2176; x_wconf 87' lang='lat' dir='ltr'><strong>reservantur</strong></span> <span class='ocrx_word' id='word_1_167' title='bbox 547 2109 692 2176; x_wconf 87' lang='lat' dir='ltr'><strong>beneficia</strong></span> <span class='ocrx_word' id='word_1_168' title='bbox 703 2117 854 2192; x_wconf 78' lang='lat' dir='ltr'><strong>resignata</strong></span> <span class='ocrx_word' id='word_1_169' title='bbox 869 2116 899 2174; x_wconf 90' lang='lat' dir='ltr'><strong>in</strong></span> <span class='ocrx_word' id='word_1_170' title='bbox 914 2116 1051 2176; x_wconf 81' lang='lat' dir='ltr'><strong>fraudem</strong></span> 
     </span>
     <span class='ocr_line' id='line_1_22' title="bbox 47 2203 1053 2279; baseline 0.007 -22"><span class='ocrx_word' id='word_1_171' title='bbox 47 2203 237 2276; x_wconf 79' lang='lat' dir='ltr'><strong>reservationis,</strong></span> <span class='ocrx_word' id='word_1_172' title='bbox 263 2211 293 2264; x_wconf 88' lang='lat' dir='ltr'><strong>ct</strong></span> <span class='ocrx_word' id='word_1_173' title='bbox 312 2204 351 2262; x_wconf 89' lang='lat' dir='ltr'><strong>eb</strong></span> <span class='ocrx_word' id='word_1_174' title='bbox 372 2203 545 2278; x_wconf 88' lang='lat' dir='ltr'><strong>hujusmodi</strong></span> <span class='ocrx_word' id='word_1_175' title='bbox 563 2203 784 2279; x_wconf 83' lang='lat' dir='ltr'><strong>resignantihus</strong></span> <span class='ocrx_word' id='word_1_176' title='bbox 808 2203 947 2277; x_wconf 80' lang='lat' dir='ltr'><strong>dimissa3</strong></span> <span class='ocrx_word' id='word_1_177' title='bbox 972 2211 1006 2264; x_wconf 90' lang='lat' dir='ltr'><strong>ut</strong></span> <span class='ocrx_word' id='word_1_178' title='bbox 1028 2205 1053 2264; x_wconf 89' lang='lat' dir='ltr'><strong>si</strong></span> 
     </span>
     <span class='ocr_line' id='line_1_23' title="bbox 47 2287 1052 2368; baseline 0.01 -25"><span class='ocrx_word' id='word_1_179' title='bbox 47 2287 94 2359; x_wconf 83' lang='lat' dir='ltr'><strong>quis</strong></span> <span class='ocrx_word' id='word_1_180' title='bbox 104 2290 293 2352; x_wconf 83' lang='lat' dir='ltr'><strong>beneficiatus</strong></span> <span class='ocrx_word' id='word_1_181' title='bbox 306 2291 406 2351; x_wconf 88' lang='lat' dir='ltr'><strong>sciens</strong></span> <span class='ocrx_word' id='word_1_182' title='bbox 426 2309 459 2351; x_wconf 90' lang='lat' dir='ltr'><strong>se</strong></span> <span class='ocrx_word' id='word_1_183' title='bbox 479 2291 563 2358; x_wconf 87' lang='lat' dir='ltr'><strong>brevi</strong></span> <span class='ocrx_word' id='word_1_184' title='bbox 585 2311 603 2352; x_wconf 91' lang='lat' dir='ltr'><strong>a</strong></span> <span class='ocrx_word' id='word_1_185' title='bbox 626 2298 655 2353; x_wconf 90' lang='lat' dir='ltr'><strong>S.</strong></span> <span class='ocrx_word' id='word_1_186' title='bbox 678 2291 754 2352; x_wconf 86' lang='lat' dir='ltr'><strong>Sede</strong></span> <span class='ocrx_word' id='word_1_187' title='bbox 774 2298 947 2368; x_wconf 91' lang='lat' dir='ltr'><strong>promotum</strong></span> <span class='ocrx_word' id='word_1_188' title='bbox 964 2292 1000 2352; x_wconf 88' lang='lat' dir='ltr'><strong>iri</strong></span> <span class='ocrx_word' id='word_1_189' title='bbox 1014 2292 1052 2353; x_wconf 89' lang='lat' dir='ltr'><strong>ad</strong></span> 
     </span>
     <span class='ocr_line' id='line_1_24' title="bbox 45 2372 1052 2458; baseline 0.01 -28"><span class='ocrx_word' id='word_1_190' title='bbox 45 2372 196 2442; x_wconf 83' lang='lat' dir='ltr'><strong>beneficium</strong></span> <span class='ocrx_word' id='word_1_191' title='bbox 211 2382 311 2458; x_wconf 89' lang='lat' dir='ltr'><strong>majus</strong></span> <span class='ocrx_word' id='word_1_192' title='bbox 328 2397 397 2440; x_wconf 92' lang='lat' dir='ltr'><strong>cum</strong></span> <span class='ocrx_word' id='word_1_193' title='bbox 418 2397 455 2440; x_wconf 86' lang='lat' dir='ltr'><strong>eo</strong></span> <span class='ocrx_word' id='word_1_194' title='bbox 480 2377 718 2457; x_wconf 87' lang='lat' dir='ltr'><strong>incompatibile,</strong></span> <span class='ocrx_word' id='word_1_195' title='bbox 728 2381 808 2457; x_wconf 91' lang='lat' dir='ltr'><strong>quod</strong></span> <span class='ocrx_word' id='word_1_196' title='bbox 824 2387 894 2440; x_wconf 91' lang='lat' dir='ltr'><strong>actu</strong></span> <span class='ocrx_word' id='word_1_197' title='bbox 908 2381 1052 2456; x_wconf 90' lang='lat' dir='ltr'><strong>possidet,</strong></span> 
     </span>
     <span class='ocr_line' id='line_1_25' title="bbox 47 2460 1054 2545; baseline 0.01 -27"><span class='ocrx_word' id='word_1_198' title='bbox 47 2460 98 2523; x_wconf 82' lang='lat' dir='ltr'><strong>luia</strong></span> <span class='ocrx_word' id='word_1_199' title='bbox 114 2476 179 2530; x_wconf 88' lang='lat' dir='ltr'><strong>aute</strong></span> <span class='ocrx_word' id='word_1_200' title='bbox 201 2469 250 2530; x_wconf 92' lang='lat' dir='ltr'><strong>sui</strong></span> <span class='ocrx_word' id='word_1_201' title='bbox 265 2469 485 2544; x_wconf 90' lang='lat' dir='ltr'><strong>promotionem</strong></span> <span class='ocrx_word' id='word_1_202' title='bbox 500 2471 666 2544; x_wconf 87' lang='lat' dir='ltr'><strong>renunciet,</strong></span> <span class='ocrx_word' id='word_1_203' title='bbox 683 2487 721 2530; x_wconf 91' lang='lat' dir='ltr'><strong>ne</strong></span> <span class='ocrx_word' id='word_1_204' title='bbox 744 2487 799 2545; x_wconf 87' lang='lat' dir='ltr'><strong>per</strong></span> <span class='ocrx_word' id='word_1_205' title='bbox 819 2468 915 2544; x_wconf 83' lang='lat' dir='ltr'><strong>ipsam</strong></span> <span class='ocrx_word' id='word_1_206' title='bbox 936 2485 1054 2545; x_wconf 83' lang='lat' dir='ltr'><strong>promo</strong></span> 
     </span>
     <span class='ocr_line' id='line_1_26' title="bbox 48 2549 1051 2634; baseline 0.004 -22"><span class='ocrx_word' id='word_1_207' title='bbox 48 2549 133 2616; x_wconf 82' lang='lat' dir='ltr'><strong>tionem</strong></span> <span class='ocrx_word' id='word_1_208' title='bbox 143 2558 194 2618; x_wconf 89' lang='lat' dir='ltr'><strong>ilat</strong></span> <span class='ocrx_word' id='word_1_209' title='bbox 206 2559 279 2618; x_wconf 87' lang='lat' dir='ltr'><strong>inde</strong></span> <span class='ocrx_word' id='word_1_210' title='bbox 292 2566 477 2618; x_wconf 89' lang='lat' dir='ltr'><strong>reservatum</strong></span> <span class='ocrx_word' id='word_1_211' title='bbox 490 2575 543 2634; x_wconf 85' lang='lat' dir='ltr'><strong>per</strong></span> <span class='ocrx_word' id='word_1_212' title='bbox 557 2559 669 2619; x_wconf 80' lang='lat' dir='ltr'><strong>ricello</strong></span> <span class='ocrx_word' id='word_1_213' title='bbox 682 2558 713 2618; x_wconf 93' lang='lat' dir='ltr'><strong>in</strong></span> <span class='ocrx_word' id='word_1_214' title='bbox 728 2574 819 2617; x_wconf 88' lang='lat' dir='ltr'><strong>sensu</strong></span> <span class='ocrx_word' id='word_1_215' title='bbox 831 2557 928 2618; x_wconf 76' lang='lat' dir='ltr'><strong>citatae</strong></span> <span class='ocrx_word' id='word_1_216' title='bbox 940 2558 1051 2632; x_wconf 80' lang='lat' dir='ltr'><strong>regulae</strong></span> 
     </span>
     <span class='ocr_line' id='line_1_27' title="bbox 48 2639 1053 2724; baseline -0.006 -14"><span class='ocrx_word' id='word_1_217' title='bbox 48 2639 125 2710; x_wconf 77' lang='lat' dir='ltr'><strong>llimae</strong></span> <span class='ocrx_word' id='word_1_218' title='bbox 144 2651 194 2718; x_wconf 77' lang='lat' dir='ltr'><strong>(l).</strong></span> <span class='ocrx_word' id='word_1_219' title='bbox 220 2651 255 2724; x_wconf 87' lang='lat' dir='ltr'><strong>ln</strong></span> <span class='ocrx_word' id='word_1_220' title='bbox 278 2649 382 2722; x_wconf 84' lang='lat' dir='ltr'><strong>regula</strong></span> <span class='ocrx_word' id='word_1_221' title='bbox 401 2653 429 2706; x_wconf 77' lang='lat' dir='ltr'><strong>l·</strong></span> <span class='ocrx_word' id='word_1_222' title='bbox 451 2654 642 2708; x_wconf 90' lang='lat' dir='ltr'><strong>reservantur</strong></span> <span class='ocrx_word' id='word_1_223' title='bbox 662 2648 792 2722; x_wconf 82' lang='lat' dir='ltr'><strong>majores</strong></span> <span class='ocrx_word' id='word_1_224' title='bbox 807 2645 964 2722; x_wconf 84' lang='lat' dir='ltr'><strong>dignitates</strong></span> <span class='ocrx_word' id='word_1_225' title='bbox 984 2651 1053 2720; x_wconf 92' lang='lat' dir='ltr'><strong>post</strong></span> 
     </span>
     <span class='ocr_line' id='line_1_28' title="bbox 48 2731 1054 2810; baseline 0.008 -24"><span class='ocrx_word' id='word_1_226' title='bbox 48 2731 219 2799; x_wconf 70' lang='lat' dir='ltr'><strong>panderem</strong></span> <span class='ocrx_word' id='word_1_227' title='bbox 242 2735 272 2794; x_wconf 92' lang='lat' dir='ltr'><strong>in</strong></span> <span class='ocrx_word' id='word_1_228' title='bbox 293 2734 427 2794; x_wconf 88' lang='lat' dir='ltr'><strong>ecclesiis</strong></span> <span class='ocrx_word' id='word_1_229' title='bbox 451 2735 671 2795; x_wconf 86' lang='lat' dir='ltr'><strong>cathedralibus</strong></span> <span class='ocrx_word' id='word_1_230' title='bbox 692 2739 750 2808; x_wconf 72' lang='lat' dir='ltr'><strong>(i),</strong></span> <span class='ocrx_word' id='word_1_231' title='bbox 776 2735 848 2794; x_wconf 89' lang='lat' dir='ltr'><strong>item</strong></span> <span class='ocrx_word' id='word_1_232' title='bbox 874 2733 1054 2810; x_wconf 82' lang='lat' dir='ltr'><strong>principales</strong></span> 
     </span>
     <span class='ocr_line' id='line_1_29' title="bbox 49 2815 1053 2899; baseline 0.004 -21"><span class='ocrx_word' id='word_1_233' title='bbox 49 2815 178 2892; x_wconf 78' lang='lat' dir='ltr'><strong>dignitates</strong></span> <span class='ocrx_word' id='word_1_234' title='bbox 193 2824 224 2882; x_wconf 93' lang='lat' dir='ltr'><strong>in</strong></span> <span class='ocrx_word' id='word_1_235' title='bbox 239 2823 374 2886; x_wconf 89' lang='lat' dir='ltr'><strong>ecclesiis</strong></span> <span class='ocrx_word' id='word_1_236' title='bbox 392 2824 555 2899; x_wconf 76' lang='lat' dir='ltr'><strong>ct··llegiatis</strong></span> <span class='ocrx_word' id='word_1_237' title='bbox 578 2827 636 2897; x_wconf 85' lang='lat'>(3);</span> <span class='ocrx_word' id='word_1_238' title='bbox 659 2824 729 2884; x_wconf 90' lang='lat' dir='ltr'><strong>item</strong></span> <span class='ocrx_word' id='word_1_239' title='bbox 750 2823 898 2884; x_wconf 81' lang='lat' dir='ltr'><strong>beneficia</strong></span> <span class='ocrx_word' id='word_1_240' title='bbox 916 2822 1053 2884; x_wconf 84' lang='lat' dir='ltr'><strong>vacantia</strong></span> 
     </span>
     <span class='ocr_line' id='line_1_30' title="bbox 49 2909 1055 2987; baseline 0.006 -21"><span class='ocrx_word' id='word_1_241' title='bbox 49 2918 86 2976; x_wconf 78' lang='lat' dir='ltr'><strong>per</strong></span> <span class='ocrx_word' id='word_1_242' title='bbox 97 2909 202 2970; x_wconf 88' lang='lat' dir='ltr'><strong>obitum</strong></span> <span class='ocrx_word' id='word_1_243' title='bbox 215 2910 403 2972; x_wconf 81' lang='lat' dir='ltr'><strong>familiarium</strong></span> <span class='ocrx_word' id='word_1_244' title='bbox 417 2915 513 2986; x_wconf 80' lang='lat' dir='ltr'><strong>Papae,</strong></span> <span class='ocrx_word' id='word_1_245' title='bbox 528 2917 559 2971; x_wconf 90' lang='lat' dir='ltr'><strong>et</strong></span> <span class='ocrx_word' id='word_1_246' title='bbox 573 2911 772 2972; x_wconf 78' lang='lat' dir='ltr'><strong>cardinalium</strong></span> <span class='ocrx_word' id='word_1_247' title='bbox 791 2915 843 2985; x_wconf 78' lang='lat' dir='ltr'><strong>(l).</strong></span> <span class='ocrx_word' id='word_1_248' title='bbox 861 2917 894 2972; x_wconf 92' lang='lat' dir='ltr'><strong>lu</strong></span> <span class='ocrx_word' id='word_1_249' title='bbox 909 2913 1014 2987; x_wconf 86' lang='lat' dir='ltr'><strong>regula</strong></span> <span class='ocrx_word' id='word_1_250' title='bbox 1026 2917 1055 2972; x_wconf 77' lang='lat'><strong>5·</strong></span> 
     </span>
     <span class='ocr_line' id='line_1_31' title="bbox 49 3000 1055 3073; baseline 0.006 -19"><span class='ocrx_word' id='word_1_251' title='bbox 49 3005 213 3059; x_wconf 83' lang='lat' dir='ltr'><strong>reservantur</strong></span> <span class='ocrx_word' id='word_1_252' title='bbox 227 3000 374 3060; x_wconf 83' lang='lat' dir='ltr'><strong>beneficia</strong></span> <span class='ocrx_word' id='word_1_253' title='bbox 388 3001 595 3072; x_wconf 82' lang='lat' dir='ltr'><strong>collectorum,</strong></span> <span class='ocrx_word' id='word_1_254' title='bbox 618 3005 648 3060; x_wconf 90' lang='lat' dir='ltr'><strong>et</strong></span> <span class='ocrx_word' id='word_1_255' title='bbox 670 3000 727 3060; x_wconf 81' lang='lat' dir='ltr'><strong>sul)</strong></span> <span class='ocrx_word' id='word_1_256' title='bbox 741 3001 926 3073; x_wconf 90' lang='lat' dir='ltr'><strong>collatorum,</strong></span> <span class='ocrx_word' id='word_1_257' title='bbox 950 3017 1055 3061; x_wconf 90' lang='lat' dir='ltr'><strong>eorum</strong></span> 
     </span>
     <span class='ocr_line' id='line_1_32' title="bbox 50 3083 1054 3166; baseline 0.006 -24"><span class='ocrx_word' id='word_1_258' title='bbox 50 3083 146 3160; x_wconf 77' lang='lat' dir='ltr'><strong>scilicet,</strong></span> <span class='ocrx_word' id='word_1_259' title='bbox 154 3087 204 3163; x_wconf 88' lang='lat' dir='ltr'><strong>qui</strong></span> <span class='ocrx_word' id='word_1_260' title='bbox 213 3106 231 3147; x_wconf 87' lang='lat' dir='ltr'><strong>a</strong></span> <span class='ocrx_word' id='word_1_261' title='bbox 240 3104 356 3148; x_wconf 90' lang='lat' dir='ltr'><strong>summo</strong></span> <span class='ocrx_word' id='word_1_262' title='bbox 363 3087 506 3148; x_wconf 86' lang='lat' dir='ltr'><strong>Pontidce</strong></span> <span class='ocrx_word' id='word_1_263' title='bbox 517 3089 553 3147; x_wconf 88' lang='lat' dir='ltr'><strong>ad</strong></span> <span class='ocrx_word' id='word_1_264' title='bbox 564 3103 691 3147; x_wconf 84' lang='lat' dir='ltr'><strong>camerae</strong></span> <span class='ocrx_word' id='word_1_265' title='bbox 700 3090 877 3164; x_wconf 75' lang='lat' dir='ltr'><strong>apostolicae</strong></span> <span class='ocrx_word' id='word_1_266' title='bbox 887 3096 1054 3166; x_wconf 88' lang='lat' dir='ltr'><strong>proventus</strong></span> 
     </span>
     <span class='ocr_line' id='line_1_33' title="bbox 50 3169 1054 3253; baseline 0.004 -21"><span class='ocrx_word' id='word_1_267' title='bbox 50 3169 187 3245; x_wconf 71' lang='lat' dir='ltr'><strong>exigendos</strong></span> <span class='ocrx_word' id='word_1_268' title='bbox 201 3183 427 3253; x_wconf 86' lang='lat' dir='ltr'><strong>praeponuutur.</strong></span> <span class='ocrx_word' id='word_1_269' title='bbox 451 3182 485 3236; x_wconf 95' lang='lat' dir='ltr'><strong>ln</strong></span> <span class='ocrx_word' id='word_1_270' title='bbox 498 3179 602 3252; x_wconf 84' lang='lat' dir='ltr'><strong>regula</strong></span> <span class='ocrx_word' id='word_1_271' title='bbox 615 3181 645 3236; x_wconf 82' lang='grc'><strong>6·</strong></span> <span class='ocrx_word' id='word_1_272' title='bbox 660 3177 807 3238; x_wconf 86' lang='lat' dir='ltr'><strong>beneficia</strong></span> <span class='ocrx_word' id='word_1_273' title='bbox 820 3179 987 3251; x_wconf 87' lang='lat' dir='ltr'><strong>curialium,</strong></span> <span class='ocrx_word' id='word_1_274' title='bbox 1003 3176 1054 3252; x_wconf 90' lang='lat' dir='ltr'><strong>qui</strong></span> 
     </span>
     <span class='ocr_line' id='line_1_34' title="bbox 50 3253 1054 3343; baseline 0.006 -26"><span class='ocrx_word' id='word_1_275' title='bbox 50 3253 175 3328; x_wconf 73' lang='lat' dir='ltr'><strong>minnere</strong></span> <span class='ocrx_word' id='word_1_276' title='bbox 189 3264 348 3338; x_wconf 86' lang='lat' dir='ltr'><strong>decedunt,</strong></span> <span class='ocrx_word' id='word_1_277' title='bbox 362 3264 436 3330; x_wconf 89' lang='lat' dir='ltr'><strong>dum</strong></span> <span class='ocrx_word' id='word_1_278' title='bbox 450 3264 537 3325; x_wconf 86' lang='lat' dir='ltr'><strong>Curis</strong></span> <span class='ocrx_word' id='word_1_279' title='bbox 551 3267 738 3326; x_wconf 82' lang='lat' dir='ltr'><strong>transfertur.</strong></span> <span class='ocrx_word' id='word_1_280' title='bbox 756 3271 788 3326; x_wconf 91' lang='lat' dir='ltr'><strong>lu</strong></span> <span class='ocrx_word' id='word_1_281' title='bbox 805 3269 909 3343; x_wconf 86' lang='lat' dir='ltr'><strong>regula</strong></span> <span class='ocrx_word' id='word_1_282' title='bbox 923 3274 951 3326; x_wconf 75' lang='grc' dir='ltr'><strong>Ἰ·</strong></span> <span class='ocrx_word' id='word_1_283' title='bbox 966 3267 1054 3324; x_wconf 89' lang='lat' dir='ltr'><strong>benc·</strong></span> 
     </span>
     <span class='ocr_line' id='line_1_35' title="bbox 50 3341 1054 3429; baseline 0.006 -25"><span class='ocrx_word' id='word_1_284' title='bbox 50 3341 99 3404; x_wconf 83' lang='lat' dir='ltr'><strong>ficia</strong></span> <span class='ocrx_word' id='word_1_285' title='bbox 104 3351 356 3425; x_wconf 87' lang='lat' dir='ltr'><strong>cubiculariorum,</strong></span> <span class='ocrx_word' id='word_1_286' title='bbox 365 3359 395 3412; x_wconf 88' lang='lat' dir='ltr'><strong>et</strong></span> <span class='ocrx_word' id='word_1_287' title='bbox 403 3369 560 3412; x_wconf 85' lang='lat' dir='ltr'><strong>cursorum</strong></span> <span class='ocrx_word' id='word_1_288' title='bbox 568 3352 677 3413; x_wconf 89' lang='lat' dir='ltr'><strong>summi</strong></span> <span class='ocrx_word' id='word_1_289' title='bbox 689 3354 837 3416; x_wconf 86' lang='lat' dir='ltr'><strong>Pontificis</strong></span> <span class='ocrx_word' id='word_1_290' title='bbox 845 3360 896 3429; x_wconf 81' lang='lat'><strong>(5).</strong></span> <span class='ocrx_word' id='word_1_291' title='bbox 909 3353 1054 3426; x_wconf 77' lang='lat' dir='ltr'><strong>inregula</strong></span> 
     </span>
     <span class='ocr_line' id='line_1_36' title="bbox 51 3431 1054 3516; baseline 0.008 -22"><span class='ocrx_word' id='word_1_292' title='bbox 51 3431 206 3500; x_wconf 77' lang='lat' dir='ltr'><strong>thouercia</strong></span> <span class='ocrx_word' id='word_1_293' title='bbox 225 3445 254 3500; x_wconf 86' lang='lat' dir='ltr'><strong>S.</strong></span> <span class='ocrx_word' id='word_1_294' title='bbox 270 3439 391 3500; x_wconf 83' lang='lat' dir='ltr'><strong>loannis</strong></span> <span class='ocrx_word' id='word_1_295' title='bbox 413 3443 560 3514; x_wconf 83' lang='lat' dir='ltr'><strong>laterani,</strong></span> <span class='ocrx_word' id='word_1_296' title='bbox 576 3445 603 3501; x_wconf 90' lang='lat' dir='ltr'><strong>S.</strong></span> <span class='ocrx_word' id='word_1_297' title='bbox 620 3442 708 3516; x_wconf 82' lang='lat' dir='ltr'><strong>Petri,</strong></span> <span class='ocrx_word' id='word_1_298' title='bbox 724 3449 752 3503; x_wconf 92' lang='lat' dir='ltr'><strong>s.</strong></span> <span class='ocrx_word' id='word_1_299' title='bbox 769 3443 865 3502; x_wconf 84' lang='lat' dir='ltr'><strong>llariae</strong></span> <span class='ocrx_word' id='word_1_300' title='bbox 879 3437 1006 3516; x_wconf 79' lang='lat' dir='ltr'><strong>llaJ‘oris,</strong></span> <span class='ocrx_word' id='word_1_301' title='bbox 1024 3444 1054 3502; x_wconf 86' lang='lat' dir='ltr'><strong>et</strong></span> 
     </span>
    </p>
   </div>
   <div class='ocr_carea' id='block_1_5' title="bbox 52 3524 873 3626">
    <p class='ocr_par' dir='ltr' id='par_1_5' title="bbox 52 3524 873 3626">
     <span class='ocr_line' id='line_1_37' title="bbox 52 3524 873 3626; baseline -0.007 -30"><span class='ocrx_word' id='word_1_302' title='bbox 52 3524 102 3596; x_wconf 70' lang='lat' dir='ltr'>‘&#39;1¹1ae</span> <span class='ocrx_word' id='word_1_303' title='bbox 111 3534 214 3592; x_wconf 85' lang='lat' dir='ltr'><strong>vacant</strong></span> <span class='ocrx_word' id='word_1_304' title='bbox 226 3529 257 3592; x_wconf 90' lang='lat' dir='ltr'><strong>in</strong></span> <span class='ocrx_word' id='word_1_305' title='bbox 274 3527 366 3594; x_wconf 85' lang='lat' dir='ltr'><strong>titulis</strong></span> <span class='ocrx_word' id='word_1_306' title='bbox 377 3528 584 3609; x_wconf 75' lang='lat' dir='ltr'><strong>cardinalium,</strong></span> <span class='ocrx_word' id='word_1_307' title='bbox 598 3529 676 3626; x_wconf 80' lang='lat' dir='ltr'><strong>ipsis</strong></span> <span class='ocrx_word' id='word_1_308' title='bbox 691 3529 873 3623; x_wconf 78' lang='lat' dir='ltr'><strong>absentibus.</strong></span> 
     </span>
    </p>
   </div>
   <div class='ocr_carea' id='block_1_6' title="bbox 0 0 1215 4068">
    <p class='ocr_par' dir='ltr' id='par_1_6' title="bbox 0 0 1215 4068">
     <span class='ocr_line' id='line_1_38' title="bbox 0 0 1215 4068; baseline 0 0"><span class='ocrx_word' id='word_1_309' title='bbox 0 0 1215 4068; x_wconf 95' lang='lat' dir='ltr'><strong> </strong></span> 
     </span>
    </p>
   </div>
  </div>
 </body>
</html>
