2410 4068
471 191 628 248 „243-

60 313 101 390 ris,
110 314 155 391 J'ue
168 313 388 386 alimentorum,
403 317 433 372 et
444 313 494 389 ius
507 311 762 388 presentationis.
781 316 833 374 lus
851 312 975 373 honoris
989 329 1072 376 com·

60 403 196 479 prehendit
209 403 357 462 honorem
371 399 584 478 processionis,
601 400 690 476 sedis,
706 417 840 478 precum,
854 401 958 476 thuris,
984 420 1073 480 aquae

60 491 213 566 benedicte,
237 491 410 566 sepulturae,
432 495 489 552 etc.
519 495 622 550 llonor
649 491 851 568 processionis
878 491 937 552 hoc
965 491 1072 567 innuit,

60 581 123 656 quod
134 587 261 657 patrono
274 577 406 640 venienti
427 579 466 640 ad
490 580 651 640 ecelesiam
673 587 814 642 occurrat
826 580 904 640 illius
919 581 1028 656 clerus,
1042 587 1078 642 et

60 669 159 745 quodie
174 667 303 730 solemni
315 667 508 746 processione
520 669 548 730 ei
559 668 734 730 honoratior
744 669 912 746 assignetur
925 671 1013 730 loeus
1025 675 1070 742 (ll.

60 763 141 818 llouor
160 758 241 820 sedis
261 759 321 818 boe
338 755 445 829 innuit,
465 757 546 832 quod
564 764 654 822 ,extra
677 758 899 835 presbyterium
913 757 1010 820 eidem
1025 756 1071 820 di-

59 847 128 923 gnior
141 851 288 908 statuatur
309 843 406 906 sedes.
424 850 525 906 Honor
539 862 673 922 precum,
690 847 772 924 quod
795 847 825 906 in
846 848 982 908 collectis
997 865 1071 923 poo-

60 937 106 996 siut
122 935 247 1014 exprimi
260 935 383 996 uomina
401 941 598 1010 patronorum
612 935 833 1009 defunctorum,
847 952 909 996 non
922 935 1071 996 vivorum.

61 1028 142 1085 llonor
159 1024 266 1096 thuris,
287 1029 317 1083 et
332 1039 417 1098 aqum
430 1021 607 1096 benedictae,
625 1024 707 1100 quod
730 1023 861 1101 primum
874 1030 944 1100 post
957 1025 1073 1085 clerum
1100 1095 1104 1100 ‚

59 1122 167 1190 patrono
181 1115 327 1174 offeratur
340 1110 531 1189 thurificatio,
543 1118 573 1172 et
587 1113 731 1188 aspersio.
744 1118 778 1174 Et
792 1114 887 1172 honor
900 1113 1071 1188 sepulturae,

60 1205 123 1278 quod
136 1210 283 1280 patronus
304 1200 336 1260 in
356 1206 509 1260 reservata
527 1202 681 1277 sepultura
696 1199 833 1261 ecclesiae
853 1206 1022 1276 petronatae
1036 1201 1074 1261 sit

60 1291 246 1362 tumulandus,
262 1289 288 1348 si
306 1288 393 1347 aliam
411 1305 470 1348 non
490 1287 620 1364 elegerit.
647 1287 691 1361 lli,
710 1287 819 1364 aliique
839 1288 928 1348 etiam
943 1288 1073 1348 honores

60 1381 212 1440 tribuuntur
236 1384 364 1453 patrono
383 1393 422 1436 ex
443 1375 566 1452 justitia,
592 1376 774 1453 inquorum
797 1376 937 1437 exercitio
963 1393 1071 1436 consu-

59 1470 132 1530 lenda
144 1483 267 1543 semper
293 1473 339 1525 est
363 1465 545 1526 antecedens
566 1465 768 1540 observantia,
795 1472 826 1527 et
849 1465 997 1540 generalis
1023 1482 1071 1526 rc-

60 1558 140 1633 gionis
163 1545 365 1628 consuetudo,
387 1571 407 1614 e
426 1569 485 1630 qua
505 1553 632 1614 formam
654 1555 876 1632 quodammodo
898 1561 929 1616 et
944 1570 1072 1616 essere·

60 1647 165 1723 cipiunt.

86 1742 130 1796 lus
144 1733 354 1796 alimentorum
369 1731 400 1790 in
413 1731 472 1792 boe
486 1729 633 1806 consistit,
649 1733 731 1808 quod
745 1738 873 1810 petrono
887 1733 925 1792 ad
939 1725 1072 1810 inopiam

59 1826 167 1886 redacto
181 1823 310 1886 ecclesia
325 1819 464 1881 elimenta
484 1820 653 1899 suppeditet
672 1825 723 1895 (t).
747 1822 789 1882 ad
808 1823 867 1884 hoc
887 1823 1008 1900 quidem
1028 1829 1071 1882 te-

60 1920 131 1974 netur
159 1911 288 1974 ecclesia
310 1927 350 1970 cx
372 1908 517 1969 reditibus
538 1909 823 1984 superastantibus:
844 1927 914 1970 nem
937 1909 961 1969 si
989 1909 1072 1986 quis-

60 2019 106 2076 que
127 2008 267 2074 tenetur,
291 2005 320 2060 et
343 1997 474 2061 maxime
496 1997 621 2058 libertus
647 2015 719 2075 erge
747 1997 919 2072 dominum,
945 1999 1071 2060 donata-

60 2089 110 2149 n'us
128 2107 200 2166 erga
217 2089 381 2148 donantem
400 2084 577 2157 beneficium
596 2086 745 2147 beneficio
763 2090 939 2165 rependere,
961 2093 1073 2164 quanto

61 2179 144 2240 adhuc
165 2176 262 2254 magis
292 2175 439 2236 tenebitur
466 2173 595 2236 eeclesia
620 2174 792 2236 misericors
815 2193 983 2254 paupenuu
1007 2193 1072 2238 ma-

62 2271 98 2327 ter
114 2270 184 2341 (ΒΥ.)

88 2359 134 2416 lus
149 2355 279 2432 denique
300 2351 548 2432 praesentationis,
564 2353 646 2429 quod
661 2353 846 2428 praecipuum
857 2360 912 2426 est,
927 2353 1073 2429 significet

62 2444 215 2505 facultatem
229 2449 357 2520 patrono
372 2457 548 2502 concessam
570 2440 755 2516 nominandi,
779 2447 809 2502 et
832 2439 975 2502 ollerendi
989 2441 1072 2501 ordi·

62 2533 133 2593 nario
145 2531 281 2594 collatori
294 2537 453 2603 rectorem,
468 2529 516 2590 vel
530 2530 682 2602 clericum,
698 2528 749 2606 qui
763 2529 800 2590 sit
813 2529 893 2602 inde,
909 2529 935 2588 si
947 2528 1074 2590 idoneus

63 2624 224 2696 reperiatur,
246 2621 285 2680 ab
307 2620 417 2682 eodem
431 2617 587 2679 ordinario
601 2617 632 2678 in
652 2625 778 2700 vacante
791 2617 928 2690 ecclesia,
944 2617 1006 2677 sive
1020 2617 1072 2677 bs·
1185 2622 1196 2642 ⁶

63 2711 154 2772 reticio
167 2708 377 2772 instituendus.
393 2712 462 2768 llaec
476 2705 597 2782 quidem
610 2705 801 2782 presentatio
820 2711 852 2766 et
864 2703 1007 2766 institutio
1028 2710 1074 2765 est

64 2797 243 2859 semema:
264 2812 335 2856 nem
355 2794 382 2853 si
402 2795 567 2872 Episcopus
589 2794 760 2872 quempiam
777 2795 892 2870 absque
912 2800 1074 2872 praesenta·

63 2884 131 2948 tione
143 2889 173 2948 iu
189 2885 335 2946 beneficio
354 2883 607 2960 jurispatronatus
620 2883 797 2958 institueret,
810 2892 914 2960 posset
928 2892 1073 2961 patronus

63 2974 128 3034 intra
138 2983 256 3052 tempus
272 2974 310 3032 ed
322 2972 564 3048 praesentandum
585 2987 765 3032 concessum
780 2977 820 3046 (l)
834 2975 988 3050 querelam
1002 2990 1073 3050 pro-

64 3077 162 3136 ponere
179 3063 407 3137 institutumque
421 3060 597 3120 abenellcio
611 3062 756 3136 repellere
770 3066 826 3135 (5);
843 3070 872 3121 et
892 3061 917 3121 si
930 3069 1075 3138 patronus

64 3159 260 3224 presentatum
275 3149 403 3210 suumin
417 3149 564 3209 beneflcio
579 3149 754 3224 institueret,
772 3149 843 3210 nibil
856 3157 969 3228 ageret,
985 3157 1016 3211 et
1026 3151 1076 3226 ju·

65 3239 128 3314 giler
141 3240 317 3302 beneficium
335 3233 464 3300 ra'ceret.
482 3244 579 3311 Quare
600 3239 679 3304 lecta
693 3235 936 3316 praesentatione,
952 3239 1075 3315 episeo-

66 3337 113 3396 pus
124 3327 210 3390 debet
221 3333 435 3405 praesentatum
448 3328 589 3404 probare,
603 3329 651 3388 rel
669 3327 852 3404 simpliciter,
867 3330 916 3388 vel
934 3343 988 3402 per
1001 3343 1075 3386 exe·

67 3410 140 3473 minis
159 3416 408 3492 experimentum,
428 3423 458 3476 et
476 3415 594 3477 interim
612 3416 698 3492 J'uxta
713 3414 806 3476 curiae
821 3416 931 3492 stylum
945 3413 1076 3473 edietum

68 3511 230 3579 imponere,
246 3521 307 3581 quo
321 3520 427 3566 omues
439 3504 660 3581 pretendentes
672 3510 863 3579 moueantur,
876 3509 910 3562 ut
924 3502 1002 3561 intra
1016 3508 1076 3562 sta-
