2426 4070
67 347 114 406 tte.
131 347 291 412 ltivertium
312 349 557 430 ajurisconsulto
585 351 655 427 Gaio
676 351 719 412 sic
742 351 924 430 appellatum
943 353 1033 414 vela

44 434 180 498 diversitate
202 439 358 515 mentium,
386 443 434 502 vel
459 442 528 518 quie
548 441 579 500 in
601 439 734 501 diversas
755 448 856 518 partes
874 447 956 516 eunt,
983 458 1025 518 qu

42 522 177 587 distrahunt
195 529 434 603 matrimonium,
464 539 507 591 cst
533 530 662 608 tepitimc
694 532 840 607 separatio
867 533 986 606 meriti,
1008 539 1035 592 et

43 615 119 673 ecem
130 633 164 676 cc
171 618 258 692 juste
278 636 368 680 ceusu
387 637 406 680 e
413 619 515 697 judice
533 625 710 696 competente
722 621 811 695 secto.
826 619 970 681 Dividitur
982 638 1036 680 au·

47 705 87 760 teu
96 721 127 764 ex
135 706 200 782 jnre
214 709 361 769 canonico
384 709 415 770 in
438 709 598 770 divertium
612 709 709 786 quoad
726 709 890 783 vincutum,
904 709 978 770 etin
992 710 1037 770 di-

45 791 251 886 rortiumbquoed
273 799 394 859 thorum
412 806 439 859 et
461 797 681 860 habitationem.
712 799 787 858 lllud
810 798 918 860 dicitur
937 799 1037 860 divor·

44 877 95 940 tium
104 887 194 960 quoad
208 887 373 962 vinculum,
390 889 481 964 quod,
492 887 637 948 dissoluto
650 889 831 948 matrimonii
844 887 975 963 vincula,
986 889 1038 950 dat

43 973 187 1048 conjugibus
214 977 267 1052 jus
293 975 365 1036 novi
388 976 509 1038 ineundi
537 976 741 1050 matrimonii;
769 976 902 1052 illudque
929 977 1039 1038 dicitur

43 1062 116 1133 proed
130 1063 247 1126 thorum
261 1073 293 1126 et
305 1067 529 1140 habitationem,
543 1067 634 1142 quod,
666 1072 762 1126 stante
776 1065 954 1126 matrimonii
972 1066 1037 1126 vin-

42 1151 100 1226 culo,
112 1153 158 1214 dat
170 1156 349 1233 conjugibus
367 1158 415 1233 jus
429 1156 548 1216 vivendi
573 1173 719 1228 scorsum,
735 1157 783 1216 vel
803 1155 903 1232 quoad
917 1155 1039 1216 thorum

42 1243 139 1316 tantum,
156 1246 203 1304 vel
217 1245 320 1320 quoad
333 1245 462 1319 thorum,
478 1251 508 1304 et
523 1245 736 1304 habitationem
748 1244 845 1304 simul.

66 1333 115 1388 teo.
128 1336 209 1393 Nunc
229 1341 354 1410 agentes
366 1333 470 1410 [primo
485 1333 522 1393 de
539 1332 666 1393 divortio
682 1333 781 1409 quoad
795 1333 950 1393 vinculum
963 1349 1039 1410 opus

45 1423 81 1488 eet,
93 1427 121 1478 ut
130 1423 189 1498 jam
213 1425 337 1484 citatam
354 1422 534 1483 matrimonii
559 1421 735 1483 divisionem
748 1422 779 1481 in
800 1423 976 1499 legitimum,
991 1441 1046 1484 ra··

46 1509 95 1580 trin,
107 1515 132 1570 et
141 1519 383 1572 consummatum
395 1514 426 1573 in
439 1512 571 1572 medium
584 1512 760 1572 afferamus:
777 1529 847 1572 nam
859 1512 930 1572 lieet
943 1512 1039 1588 quod·

45 1609 143 1674 tumque
167 1602 394 1663 matrimonium
424 1609 522 1662 morte
553 1599 723 1662 alterutrius
747 1601 884 1676 conjugis
920 1601 1041 1662 omniuo

44 1685 161 1763 eolretur3
185 1692 289 1768 quoad
312 1692 407 1768 ipsam
422 1697 521 1750 tamen
535 1689 713 1750 solutionem
732 1689 796 1750 aliis
811 1691 909 1750 modis
923 1692 1040 1751 contin·

45 1782 136 1845 gentem
163 1782 333 1850 maximum
352 1786 398 1841 est
426 1779 585 1840 discrimen
607 1779 684 1840 inter
709 1779 931 1841 matrimonium
952 1781 1042 1857 legiti-

41 1875 111 1940 mum,
135 1876 244 1944 ratum,
274 1878 304 1930 at
332 1876 580 1931 consummatum.
610 1873 645 1928 Et
673 1869 793 1943 quidem
819 1869 1042 1932 matrimonium
1099 1892 1101 1896 ¹
1152 1945 1157 1954 1

45 1949 188 2032 legitimum,
211 1959 303 2036 quod,
322 1959 400 2019 inter
426 1959 562 2018 infideles
589 1958 783 2032 contrahitur,
805 1960 928 2020 solvitur
943 1961 1042 2036 quoad

45 2037 166 2105 luculum
179 2065 236 2123 per
251 2047 480 2108 conversionem
500 2045 589 2106 unius
603 2047 738 2123 conjugis
759 2047 796 2106 ad
809 2049 900 2108 fldem
918 2049 1041 2110 catholi-

46 2143 100 2205 am,
119 2133 142 2194 si
152 2155 232 2213 pars,
242 2127 317 2213 'quae
328 2144 463 2198 remanet
483 2137 514 2196 in
525 2136 706 2210 infidelitate,
722 2136 797 2197 nolit
810 2153 879 2196 cunr
894 2155 1042 2202 converso

46 2220 152 2299 latifice,
162 2233 192 2286 et
206 2227 274 2286 sine
289 2225 395 2302 injuria
409 2227 556 2288 creatoris
569 2225 711 2285 habitare.
737 2233 845 2300 Aperta
859 2227 997 2288 animast
1011 2229 1042 2287 in

46 2305 163 2374 haorelt.
180 2316 264 2376 Pauli
277 2316 423 2376 sententia
439 2334 445 2374 ε
464 2315 546 2386 Quod
559 2316 586 2374 et
597 2314 869 2390 infidettediccedtt
891 2316 1018 2376 diemdet
1032 2335 1042 2374 :

47 2411 89 2456 nee
108 2405 182 2464 enim
204 2405 343 2465 servituti
367 2405 511 2481 subjectus
530 2412 571 2464 cst
592 2406 698 2480 freter,
718 2411 771 2462 aut
788 2420 873 2463 seror
886 2405 919 2464 tre
937 2405 1043 2480 hujus-

46 2489 104 2548 modi
114 2512 123 2565 ;
133 2493 165 2553 io
176 2511 249 2571 pace
260 2501 362 2554 autern
374 2495 485 2554 vocavit
502 2511 556 2553 nos
570 2494 647 2553 Deus
662 2497 798 2640 (ttfflaec
820 2499 919 2552 tamen
934 2494 1043 2555 solutio

47 2583 248 2654 repperiretur
270 2583 370 2642 statim
389 2589 460 2658 post
477 2589 631 2658 receptum
649 2583 721 2658 bapt
733 2597 841 2655 smum,
856 2581 910 2642 sed
931 2589 1055 2656 tantum,

48 2674 177 2745 postquam
191 2671 321 2732 infidelis
335 2672 446 2732 afldeli
463 2672 667 2748 interpellatus
681 2671 878 2730 declaraverit
891 2688 1045 2749 expresse,
1086 2743 1089 2750 ,

48 2763 84 2813 tlt
96 2761 194 2822 saltem
216 2761 316 2835 tacite,
338 2779 372 2822 se
394 2763 474 2822 nolle
493 2761 683 2821 cumeodem
704 2759 828 2834 pacifica
845 2759 988 2836 habitare,
1018 2768 1049 2823 et

49 2840 119 2906 ttets
131 2867 243 2912 uorum
257 2867 326 2910 cum
346 2850 425 2911 fideli
439 2848 659 2934 matrimonium
673 2849 856 2910 contraxerit
868 2853 918 2922 (Ξ).
934 2851 1008 2912 Hine
1022 2852 1048 2912 si
1104 2851 1105 2856 ’

49 2947 76 2991 ex
92 2940 224 3014 opposito
245 2940 373 3002 infidelis
393 2948 515 3016 paratus
535 2940 573 3000 sit
587 2955 655 3000 cum
669 2955 815 3000 converso
829 2941 952 3016 pacifice
965 2943 1047 3003 habi·

49 3025 95 3083 tera
106 3027 166 3088 sine
175 3029 283 3106 injurie
299 3029 455 3102 creatoris,
469 3035 499 3088 et
512 3030 626 3089 nullum
640 3027 677 3088 sit
689 3028 760 3088 mali
774 3035 824 3089 aut
846 3030 1047 3107 perversionis

47 3114 201 3193 leuatum,
215 3135 277 3178 non
290 3119 414 3180 solvitur
426 3118 606 3179 matrimonii
620 3117 782 3200 vinculum,
797 3120 878 3195 quod
891 3121 932 3180 ita
944 3122 999 3180 fuit
1010 3121 1048 3180 ab

49 3204 135 3266 aeden
147 3215 180 3268 u.
191 3211 281 3269 Paulo
292 3209 463 3270 delinitum}
479 3209 513 3271 st
526 3209 591 3286 quie
601 3209 698 3282 freter
712 3207 796 3268 hebet
807 3225 933 3270 umorem
941 3209 1046 3285 iulide·

50 3287 102 3362 tm,
118 3303 143 3356 et
155 3298 213 3358 laec
223 3300 366 3359 concenttt
379 3299 511 3360 habitare
525 3315 594 3358 cum
606 3297 667 3371 itte,
680 3313 743 3358 noa
754 3298 884 3358 dimittet
895 3299 992 3358 ittam.
1009 3297 1047 3356 Et

51 3379 133 3456 lique
159 3389 267 3450 mulier
287 3389 382 3464 Jtdett'c
404 3390 488 3450 hebet
505 3389 606 3448 uirtute
623 3388 783 3462 infidelem,
799 3389 887 3447 ethic
905 3385 1048 3446 censentit

51 3468 164 3536 tctttorc
180 3495 247 3538 crem
259 3477 325 3548 etta,
335 3495 398 3538 non
412 3479 542 3538 dimittet
555 3478 655 3538 etrum
670 3481 721 3550 (3).
735 3481 826 3536 'lento
836 3476 936 3551 itaque
949 3473 1048 3534 minus

53 3561 159 3624 solvitur
169 3567 345 3629 metumouii
358 3567 526 3642 vinculum,
553 3568 578 3627 si
603 3573 729 3642 uterque
743 3565 855 3638 conjux
871 3563 998 3623 infidelis
1011 3561 1051 3621 ad

930 3686 945 3737 8
