2524 4080
581 209 740 268 ..⁴28-

150 329 241 390 flnem
256 329 316 390 litis
336 345 376 390 ex
392 335 479 406 parte
500 329 619 405 aeman,
637 335 668 390 et
683 326 875 404 comparendi
887 326 917 386 ‘m
932 325 1078 402 judicium
1091 329 1166 384 tem·

149 435 223 494 pore
234 423 344 478 statuto
356 435 395 478 ex
410 423 496 496 parte
508 415 562 494 rei,
577 423 639 478 tres
652 416 743 478 veluti
753 415 920 492 precipuos
933 413 1013 490 parit
1026 415 1165 474 effectus:

149 513 180 567 l·
190 504 303 567 inducit
316 505 549 584 praeventionem
565 506 667 566 lavore
680 505 790 582 judicis
808 503 925 564 citantis
939 503 1084 562 adversus
1096 501 1170 562 alios

145 595 262 672 judices
284 602 512 658 concurrentem
529 595 675 656 habentes
687 593 932 672 jurisdictionem,
959 591 1000 652 ita
1025 599 1058 652 ut
1081 596 1171 668 queat

148 683 197 744 ille
208 684 291 744 solus
303 684 342 744 de
354 701 443 744 causo
456 700 650 760 cognoscere,
671 690 701 744 et
714 682 891 744 sententiam
912 683 990 742 ferre
1005 685 1064 754 (l);
1080 685 1112 739 2⁰
1123 681 1169 740 in-

147 771 205 832 fert
214 771 273 832 litis
286 772 485 848 pendentium,
500 789 570 833 cum
582 772 613 831 in
625 771 763 848 citatione
777 789 813 832 ea
824 771 924 831 omnia
937 776 1006 830 sunt
1015 787 1169 845 expressa,

146 876 201 936 per
214 877 280 941 quae
294 877 364 920 reus
376 863 464 937 plene
479 867 578 940 potest
589 859 695 922 instrui
705 860 743 920 de
756 859 801 933 iis,
822 875 913 936 super
930 859 1036 936 quibus
1050 859 1080 917 in
1090 859 1170 941 judi-

145 947 226 1011 cium
241 948 427 1022 convenitur.
443 956 473 1010 et
492 949 560 1008 ideo
580 950 610 1010 in
636 965 669 1010 re
692 949 885 1010 contioversa
901 947 972 1008 nihil
988 953 1089 1023 potest
1106 963 1169 1006 am-

145 1035 223 1111 plius
244 1035 380 1098 innovari
406 1040 465 1110 (2);
501 1041 531 1098 3⁰
554 1037 741 1116 interrumpit
762 1037 1018 1115 praescriptionem
1051 1035 1171 1112 triginta

145 1141 302 1198 annorum,
319 1125 388 1202 quia
401 1141 455 1201 per
476 1125 646 1186 citationem
663 1144 732 1186 reus
753 1124 943 1186 constituitur
962 1124 993 1184 in
1006 1125 1085 1184 mala
1099 1125 1168 1200 tide,

145 1213 186 1274 ita
198 1221 232 1274 ut
244 1231 283 1274 ex
297 1231 333 1276 eo
345 1222 479 1292 tempore
494 1214 586 1291 possit
595 1215 683 1278 etiam
697 1215 815 1294 cogi‘ad
824 1215 1001 1275 solvendum
1014 1213 1167 1274 interesse.

144 1303 273 1364 Effectus
286 1309 385 1365 tamen
399 1303 569 1381 hujusmodi
583 1323 644 1364 non
660 1305 828 1366 tribuuntur
842 1303 974 1364 citationi
993 1303 1165 1380 illegitimm;

145 1407 216 1451 nam
228 1391 378 1467 illegitima
391 1391 490 1454 citatio
504 1410 602 1469 neque
614 1393 736 1454 citatum
750 1393 902 1453 constitnit
915 1393 945 1452 in
961 1409 1056 1466 mora,
1071 1410 1167 1469 neque

143 1479 218 1540 alios
239 1479 376 1556 producit
393 1481 528 1554 effectae,
545 1498 613 1542 cum
625 1483 711 1556 iuxta
724 1485 884 1542 Doctorum
903 1480 1059 1558 adagium:
1077 1481 1168 1542 Porio

146 1567 207 1626 sint
220 1584 282 1628 uon
296 1569 392 1639 citari
407 1576 433 1630 et
448 1585 509 1630 non
524 1567 648 1645 lepitimo
667 1571 754 1630 citari
767 1574 817 1644 (3).
835 1569 1028 1629 Nihilominus
1042 1570 1069 1628 si
1082 1569 1168 1629 null·
1258 1567 1259 1588 ³

144 1662 190 1716 ter
204 1655 310 1716 citatus
325 1665 432 1732 sponte
453 1658 483 1716 in
497 1657 643 1734 judicium
657 1659 769 1733 veniat;
790 1659 855 1734 ipsa
869 1657 969 1718 citatio
982 1657 1023 1717 ita
1035 1675 1091 1734 per
1105 1659 1167 1734 ejus

144 1745 388 1820 competitionem
403 1747 605 1821 confirmatur,
617 1765 654 1808 ac
664 1747 690 1808 si
700 1747 755 1808 rite
769 1748 845 1807 iacta
854 1746 972 1807 luisset:
989 1747 1060 1822 quia
1069 1747 1165 1807 citatio

143 1833 188 1906 fit,
208 1839 241 1892 ut
254 1833 361 1893 citatus
375 1834 568 1911 adjudicium
580 1835 690 1911 veniat,
705 1841 735 1896 et
757 1853 812 1912 per
825 1853 1013 1912 consequens
1027 1835 1078 1896 nbi
1098 1853 1166 1896 reus
1258 1855 1259 1924 ᾗ

143 1938 276 1998 praesens
300 1922 395 1996 adest,
424 1931 521 1984 cessat
541 1923 651 1984 citandi
675 1925 845 1986 necessitas.
877 1929 972 1996 Quare
990 1931 1061 1999 post
1083 1941 1166 1984 suam
1258 1939 1259 1950 ¹

143 2009 389 2086 comparitionem
408 2013 512 2088 nequit
524 2013 651 2088 amplius
663 2029 733 2074 reus
746 2014 784 2074 de
805 2013 937 2074 nullitate
951 2011 1101 2073 citationis
1114 2030 1164 2073 ex·

142 2097 259 2174 cipere;
274 2100 329 2158 aad
341 2105 459 2160 tenetur
473 2102 656 2177 respondere
669 2103 778 2176 libello,
793 2103 840 2162 vel
854 2101 1015 2162 terminum
1029 2102 1070 2162 ad
1083 2119 1164 2164 com-

142 2187 309 2262 parendum
321 2193 422 2264 petere
437 2192 447 2260 (
466 2192 486 2262 ).

173 2345 207 2411 (l)
220 2345 283 2412 ttep.
303 2347 339 2410 le,
354 2347 387 2399 de
401 2347 451 2399 lor.
466 2351 579 2416 compet.
595 2375 624 2388 -
636 2349 671 2416 (i)
685 2349 767 2418 clem.
783 2347 849 2404 dum
861 2349 907 2403 lite
920 2354 951 2402 ut
964 2351 1005 2402 lit.
1021 2351 1104 2416 pand.
1127 2350 1165 2402 nil
1258 2351 1259 2420 J

142 2419 232 2470 innov.
249 2445 280 2455 -
296 2415 332 2483 (³)
346 2415 429 2470 Glem.
444 2415 561 2471 Onusam
576 2417 645 2486 itin.
658 2422 691 2472 de
704 2419 781 2472 elect.
801 2447 832 2458 ·-
844 2421 882 2486 (l)
901 2421 1032 2473 (litatione
1046 2421 1164 2484 decreta,

141 2491 168 2540 et
181 2489 271 2541 oblata
285 2503 331 2540 reo
345 2489 422 2554 copia
438 2489 533 2555 libelli,
543 2489 627 2555 juder
648 2504 697 2556 per
719 2492 856 2542 decretum
877 2493 957 2544 debet
980 2507 1026 2544 reo
1046 2498 1165 2544 statuere
1258 2509 1259 2560 t

74 2615 76 2618 ,
139 2560 285 2611 terminum
298 2559 332 2611 ad
345 2561 534 2625 proponendas
549 2575 641 2614 omnes
653 2564 823 2628 exceptiones
834 2570 887 2614 tam
902 2565 952 2615 lori
963 2565 1163 2623 declinatorias,

140 2643 220 2695 mam
235 2631 382 2690 dilatorias,
393 2637 420 2682 et
434 2645 527 2685 omnes
545 2633 613 2685 alies
637 2647 820 2700 quascumque
840 2635 976 2686 habuerit.
993 2635 1164 2700 Pellegriuus
1258 2673 1259 2704 ,

139 2706 208 2768 pert.
222 2701 237 2751 i
253 2706 317 2753 sect.
334 2701 356 2765 t,
370 2702 487 2754 subsect.
503 2705 527 2763 5,
537 2717 566 2754 n.
580 2705 627 2766 223
641 2708 667 2757 et
681 2705 784 2758 Devoti.
797 2707 816 2756 l.
831 2707 854 2770 3,
869 2709 889 2757 t.
908 2705 945 2768 10,
960 2705 982 2772 ξ,
997 2708 1023 2769 9,
1036 2707 1103 2758 otiu
1118 2707 1161 2758 fin.
1258 2707 1259 2712 ’

139 2772 182 2823 tit.
196 2770 230 2824 do
244 2775 347 2840 except.
719 2781 720 2784 ’
