2524 4080
559 187 667 244 -ata
686 215 721 228 -

137 309 523 368 amnemamnem
537 308 675 376 inquibus
688 307 773 376 aliqui
787 307 915 360 Doctores
925 306 1149 374 traduntjudicia·

137 385 201 438 liter
213 381 411 453 procedendum
425 395 500 442 asem
514 381 563 433 sed
575 381 604 432 iu
616 381 694 446 praxi
707 379 870 432 mntrarium
882 379 1051 436 observatur,
1061 381 1085 430 et
1097 378 1149 430 sola

138 457 264 508 accurata
277 451 489 520 extrajudicialis
502 453 663 512 intormatio,
680 451 760 504 modo
772 455 845 504 certa
856 454 882 502 et
895 449 1048 501 indubitata
1059 451 1101 513 eit,
1113 449 1149 498 ti·

139 527 219 580 detur
234 524 366 578 sufficere.
386 524 517 577 Nostrum
531 537 625 576 revera
637 525 695 590 jam
708 523 819 576 citatum
832 521 975 575 concilium
998 519 1153 588 provinciale

139 599 232 650 monet
244 595 354 662 quidem
367 599 532 654 executores.
543 601 573 646 ιιι
586 595 729 660 diligenter
738 593 922 658 hujuscemodi
932 591 1105 657 Apostolicas
1117 591 1154 642 lit·

139 672 213 720 teras
227 680 277 732 per
290 679 320 720 ae
335 671 512 733 exaquantur,
526 666 616 718 omnia
629 680 679 731 per
689 678 719 717 sa
731 665 813 717 etiam
825 677 874 730 per
882 663 1052 728 personalem
1066 662 1107 714 rei
1119 662 1155 712 in-

141 738 306 804 spectionem
319 736 463 804 diligenter
476 741 639 800 scrutentur,
650 741 678 788 at
690 741 720 788 ut
737 737 889 788 abstineant
902 747 918 786 a
932 733 1123 786 substituenda
1133 731 1158 784 in

143 807 194 860 hoo
208 821 237 860 ra
250 808 353 860 vicaria
369 807 520 862 scribarum
533 821 627 872 operar
644 807 692 858 sed
709 807 809 860 nullibi
823 807 936 858 formam
946 805 1108 871 judicialem
1120 817 1157 856 ra·

143 878 235 948 quirit.
250 878 302 931 Cit.
313 879 363 932 loc.
374 879 503 931 Clausala
517 877 656 944 autemst
673 877 704 932 in
722 878 880 942 evidentem,
890 882 939 930 etc.
955 876 1057 944 pendet
1072 877 1108 928 ab
1121 888 1159 927 ar·

141 950 225 1002 bitrio
237 950 349 1016 judicis,
363 953 441 1017 cujus
458 954 500 1004 est
514 950 638 1016 judIcare
660 951 694 1002 da
715 951 833 1002 evidenti
850 950 973 1012 utilitato,
988 950 1016 999 et
1035 947 1160 999 Doctores

143 1022 254 1074 tradunt
266 1022 418 1074 evidentem
431 1035 491 1073 esse
504 1021 657 1086 utilitatem,
672 1023 696 1074 si
712 1035 761 1088 pro
782 1021 875 1074 decem
889 1021 986 1072 dantur
1000 1018 1160 1084 quindecim,

145 1093 189 1145 rel
203 1093 299 1145 saltem
307 1091 512 1159 quatuordecim
521 1106 571 1158 pro
581 1093 722 1146 duodecim
736 1093 889 1158 Ventriglia
902 1092 947 1144 eit.
957 1091 1007 1142 loc.
1020 1089 1033 1157 ἓ
1048 1091 1073 1150 3,
1088 1105 1115 1140 n.
1126 1089 1161 1152 tt,
1246 1135 1247 1138 ,

145 1164 274 1218 clausule
287 1164 471 1224 vernemetis
484 1163 612 1216 vocandis
624 1165 760 1228 importat,
775 1167 805 1215 ut
817 1167 955 1225 vocentur,
974 1167 1002 1213 et
1021 1161 1163 1213 audiantur

146 1250 249 1300 omnes,
263 1248 378 1302 quorum
392 1236 513 1298 interest,
534 1235 684 1301 cujusmodi
698 1238 739 1286 est
752 1235 849 1286 Raetor
873 1234 1003 1296 aeclesiae,
1019 1232 1162 1286 beneficia·

146 1314 201 1370 tus,
215 1307 425 1366 administrator,
439 1309 467 1358 et
482 1307 563 1357 etiam
582 1313 721 1371 patronus.
736 1306 788 1358 nisi
807 1306 868 1372 quis
882 1306 976 1359 horum
992 1303 1163 1370 supplicatio-

146 1393 208 1431 nem
222 1392 271 1444 pro
285 1379 446 1430 alienatione
463 1378 609 1430 obtinenda
622 1378 781 1444 porrexerit,
796 1379 860 1442 quia
874 1377 924 1428 hoo
937 1391 1003 1428 casu
1017 1391 1068 1444 per
1081 1389 1111 1428 se
1125 1388 1164 1426 es·
1248 1363 1249 1398 ι

146 1453 188 1503 set
200 1452 229 1502 in
242 1463 332 1501 cause.
347 1449 404 1501 Hoc
427 1449 596 1514 rescriptum,
609 1454 640 1501 ut
652 1455 758 1508 caetera,
780 1449 842 1500 vitio
857 1449 1032 1515 obreptionis,
1047 1447 1091 1498 vel
1106 1446 1164 1497 sub·

148 1521 277 1587 reptionis
295 1521 442 1572 obnoxium
463 1534 523 1572 asse
543 1524 639 1588 potest,
663 1525 690 1572 et
713 1524 907 1587 consequenter
934 1521 1041 1570 nullum
1064 1533 1099 1570 ex
1120 1518 1165 1568 hac

150 1605 232 1643 cansa
242 1590 318 1642 reddi
332 1611 338 1642 ε
352 1606 415 1643 nam
428 1591 551 1643 voluntas
565 1592 646 1656 Papae
658 1591 726 1642 alios
739 1591 859 1642 delectus
872 1591 1061 1652 solemnitatis,
1072 1593 1103 1640 ut
1113 1591 1164 1654 jam

150 1664 298 1724 innuimus,
312 1667 399 1724 sanat,
418 1677 472 1714 non
486 1677 604 1722 causam,
620 1676 682 1728 qum
697 1663 720 1714 si
733 1667 882 1728 apponatur
895 1663 976 1714 simul
990 1661 1163 1714 necessitatis.

150 1739 179 1786 et
190 1733 322 1795 utilitatis,
337 1734 413 1800 Papa
423 1735 457 1786 ad
466 1735 537 1786 hanc
550 1735 634 1786 solam
648 1736 810 1800 postremam
819 1735 858 1784 ita
872 1735 992 1798 respicit,
1005 1739 1045 1793 ut,
1061 1747 1094 1784 ea
1107 1733 1165 1784 snb·

151 1805 272 1867 sistente,
287 1804 445 1871 rescriptum
459 1805 557 1867 valeat,
574 1806 634 1858 licet
655 1812 752 1866 caetera
769 1818 822 1854 non
848 1804 1005 1856 subsistant.
1021 1803 1167 1868 Ventriglta

149 1875 195 1925 cit.
211 1874 260 1925 loc.
275 1888 301 1925 n.
319 1874 356 1926 33.
374 1903 398 1914 -
416 1876 452 1940 (i)
466 1875 526 1927 Bul.
543 1874 609 1928 Cant
621 1876 651 1928 in
668 1875 797 1939 omnibus,
813 1876 841 1926 in
860 1890 913 1942 qua
927 1876 1093 1938 decernitur,
1106 1873 1167 1926 atsi

150 1945 300 2012 Episcopus
313 1945 412 1997 dictam
422 1937 625 2014 suspensionem
642 1947 790 2005 violaverit,
806 1948 841 1999 ab
855 1947 1055 2012 irregularitate
1067 1945 1168 1998 liberari

150 2031 205 2070 non
219 2017 314 2082 possit,
332 2017 385 2068 nisi
407 2032 423 2069 a
443 2018 470 2070 S.
491 2017 569 2069 Sede.
591 2018 725 2070 Caeterum
746 2019 985 2070 excommunicatio
1004 2023 1168 2070 contractae

152 2087 251 2140 clerico
267 2090 372 2140 minore
385 2093 496 2154 propter
513 2090 599 2141 solum
621 2091 721 2141 fuctum
741 2090 911 2142 alienationis
929 2103 985 2141 non
1005 2095 1120 2156 apparet
1131 2102 1167 2139 ro·

151 2163 268 2216 servata,
284 2157 349 2210 dum
368 2173 494 2226 expresse
511 2166 665 2212 reservatur
680 2161 920 2214 excommunicatio
933 2165 1072 2213 contracta
1086 2163 1167 2221 alt-eo,
1248 2179 1249 2196 ι

151 2228 200 2294 qui
214 2228 284 2288 dolo,
298 2229 341 2282 vel
356 2229 451 2281 frende
464 2230 634 2284 alienationis
651 2233 789 2285 decretum
803 2232 922 2284 extorsit.

182 2297 235 2351 Hic
250 2299 317 2352 illud
335 2305 468 2364 preterea
485 2304 617 2366 notamus,
634 2305 706 2370 quod
721 2317 842 2355 summus
858 2303 982 2354 Pontifex
1002 2303 1168 2355 alienationes

151 2371 284 2424 bonorum
296 2373 539 2424 ecclesiasticorum
558 2375 638 2425 etiam
652 2375 798 2440 sacrilegas
816 2374 851 2426 ad
867 2373 1006 2438 religionis
1025 2373 1168 2426 necessitati

152 2444 373 2508 succurrendum,
388 2451 415 2496 et
431 2445 465 2496 ad
480 2445 599 2497 fidelium
612 2447 790 2498 conscientias
802 2445 930 2498 tutandas
944 2447 1108 2512 quandoque
1119 2445 1168 2496 ele·

152 2520 257 2566 menter
269 2518 382 2568 sanavit.
394 2517 438 2568 Sic
452 2517 518 2568 Pius
528 2516 590 2579 Vll,
599 2516 626 2566 in
642 2517 817 2572 conventione
832 2517 899 2568 inita
909 2531 970 2570 cum
984 2517 1136 2582 Napoleona
1147 2515 1168 2576 ι,

153 2585 256 2636 italiam
272 2587 440 2653 Reipublicae
454 2587 573 2658 Praeside
585 2587 713 2652 declarat,
727 2603 777 2650 eos,
788 2589 835 2656 qui
845 2588 914 2640 dona
924 2588 1100 2642 ecclesiastico
1112 2586 1169 2640 otte·

153 2659 222 2708 noia
232 2657 444 2723 acquisiverunt,
455 2656 604 2711 molestiam
615 2659 721 2712 nnllam
734 2659 872 2714 habituros
891 2673 975 2727 neque
991 2674 1010 2712 a
1023 2673 1061 2724 se,
1070 2671 1169 2725 nequeo

155 2725 466 2796 demonstrassemus
480 2730 668 2783 socomsort'lrna
683 2730 752 2797 suin·
771 2745 804 2784 co
823 2735 1013 2796 consequenter
1029 2732 1169 2798 proprietas

155 2800 308 2851 eorumdem
319 2799 459 2864 bononem,
469 2801 597 2863 reddum,
608 2804 633 2854 et
641 2802 711 2868 ,iura
721 2803 756 2854 iis
767 2801 927 2856 inherendo
940 2801 1123 2856 immolatitio
1132 2815 1169 2868 pe·

155 2883 202 2922 nes
222 2869 292 2936 ipsos
311 2876 399 2931 erunt.
416 2876 496 2938 atqua
518 2871 552 2924 ab
573 2871 639 2938 ipen
660 2887 770 2926 causant
783 2873 916 2926 habentes.
932 2874 1016 2926 Gonv.
1033 2875 1097 2926 enni
1110 2873 1170 2934 18113,

157 2944 208 2992 art.
226 2941 262 2999 16,
277 2945 308 2992 ut
323 2942 351 2993 in
369 2943 440 2994 Bull.
455 2957 519 2995 nov.
538 2946 601 2994 tom.
618 2943 654 3007 li,
671 2958 731 3010 pag.
756 2945 795 2995 61.
820 2945 878 2996 Ηοο
893 2945 983 3010 ipsum
998 2946 1076 3010 prins
1091 2945 1171 2997 decla·

155 3015 262 3062 neverat
275 3012 345 3062 idem
371 3013 496 3066 Pontifex
517 3017 545 3064 in
559 3015 613 3066 alia
632 3015 807 3068 conventione
824 3029 885 3066 cum
906 3015 1002 3066 eodem
1026 3017 1172 3082 Napolaone

157 3081 244 3149 primo
259 3081 427 3148 Reipublicae
439 3085 550 3136 Gallica
564 3086 673 3136 consule
687 3100 755 3137 anno
768 3085 836 3148 1801,
847 3091 895 3137 art.
912 3085 949 3149 13,
959 3091 989 3137 ut
999 3087 1027 3138 in
1038 3087 1107 3138 Bull.
1119 3098 1172 3137 nor.

159 3157 223 3206 tom.
242 3155 279 3212 lt,
296 3167 357 3219 pag.
376 3155 477 3216 1753ac
489 3155 597 3206 demum
609 3157 749 3208 confirmat
762 3157 787 3208 ln
801 3157 898 3208 litteris
912 3156 983 3208 datis
993 3159 1110 3210 Victoria
1118 3157 1173 3208 Em·

159 3224 278 3276 manueli
293 3224 426 3276 Sardiniae
439 3225 508 3291 Regi
525 3241 594 3278 anno
607 3227 675 3292 1816,
690 3228 720 3280 30
735 3228 856 3280 decemb.
871 3233 902 3278 ιιι
914 3228 943 3278 in
957 3228 1017 3280 aod.
1035 3229 1105 3282 Bull.
1117 3233 1173 3280 tom.

162 3297 200 3360 tt,
215 3309 276 3363 pag.
297 3296 357 3359 261;
372 3296 513 3362 inquibus
535 3297 676 3363 dispositio
689 3300 820 3366 praecitati
835 3299 940 3350 articuli
958 3299 987 3350 13
1003 3298 1176 3352 conventionis

161 3367 272 3486 Glallieae
286 3381 348 3488 οὲιιῖι
359 3367 445 3432 primo
459 3367 581 3434 ejusdem
591 3370 707 3423 nationis
718 3371 827 3423 consule
840 3371 875 3422 ad
884 3373 985 3422 statum
994 3371 1115 3438 ejusdem
1127 3367 1176 3422 Re·

163 3443 298 3500 gsexton
318 3437 326 3488 i
340 3475 346 3488 .
