2426 4070
484 179 585 238 ...111
609 207 641 222 ..-

80 293 203 370 delegatus
215 313 360 360 asumma
377 301 523 378 Principe.
541 302 598 362 Sed
611 301 766 377 delegatus
776 299 955 376 generaliter
969 306 1070 376 potest

77 384 215 457 specialiter
233 388 324 448 elium
343 391 531 450 sacerdotem
551 391 581 450 in
596 407 667 451 casu
682 390 852 466 particulari
866 389 954 449 insui
968 391 1069 452 locum

74 471 235 548 substituere,
262 477 331 552 quia
354 477 397 537 sie
422 477 576 553 delegatus
602 484 756 554 reputatur
781 477 866 554 quasi
888 477 1068 552 ordinarius,

73 576 124 620 mm
140 563 174 621 sit
191 563 229 622 ad
250 565 473 628 universitatem
496 583 655 628 causarum
676 566 839 642 delegatus.
861 571 929 628 llaec
947 567 1068 644 quidem

74 651 149 710 omnia
159 653 371 715 confirmantur
382 673 421 716 ex
436 655 587 716 communi
601 660 763 716 Doctorum
776 655 932 716 sententia.
949 653 956 661 '

92 852 118 918 (i)
129 855 166 907 Ad
176 855 226 908 boc
234 857 307 909 enim
317 860 518 911 necessariaest
532 857 677 924 praesentia
690 857 772 910 etiam
785 856 896 910 morulis
907 858 1027 924 parochi,
1038 861 1066 911 et

70 924 164 986 testium,
177 931 206 978 ut
216 930 289 994 quod
304 929 335 980 iit
347 930 452 996 possint
464 931 623 982 certiorare:
642 928 713 981 unde
735 942 788 980 nun
805 927 905 980 subiicit
918 930 1066 994 presentis

69 993 241 1064 physica‚quod
256 1000 433 1066 contingeret,
445 1001 468 1052 si
482 1001 845 1065 parochus‚ettestesessent
855 1013 957 1062 somno,
966 999 1065 1052 veltali

69 1063 215 1122 distractione
224 1069 325 1132 affecti,
340 1075 369 1122 ut
386 1085 440 1122 non
455 1071 636 1136 intelligerent
650 1071 715 1138 quid
728 1076 830 1137 agatur.
843 1070 948 1122 Revera
958 1071 985 1122 S.
997 1070 1066 1122 Con·

67 1140 164 1215 gregalia
177 1141 352 1208 interrogata,
360 1143 488 1194 anvaleat
498 1143 707 1205 matrimonium,
717 1141 741 1193 si
750 1141 871 1194 sueardus
884 1139 1015 1206 adsuerit,
1026 1141 1067 1194 rai·

66 1203 287 1275 bdtumenscrom,
299 1227 356 1278 quc
366 1213 525 1278 agebantur,
534 1213 611 1275 cidit,
621 1226 703 1280 nequa
713 1211 830 1274 audivit,
841 1212 991 1276 respondit:
1005 1211 1066 1265 Non

66 1279 142 1340 aulos,
155 1283 177 1334 si
189 1284 315 1344 sacerdos
332 1297 385 1338 non
401 1284 543 1348 intellexit,
560 1286 615 1337 nisi
628 1288 719 1338 tumen
738 1283 885 1349 affectasset
897 1295 951 1335 nors
963 1282 1065 1336 intelli·

63 1361 117 1410 θῦνε.
132 1353 192 1404 Haec
204 1360 345 1422 postrema
358 1355 480 1406 clausula
494 1356 548 1408 late
567 1357 718 1421 explicatur
739 1353 913 1406 aBenedicto
931 1353 1006 1416 XIV,
1019 1352 1066 1418 «gui

66 1421 181 1487 concludit,
195 1439 254 1476 eam
269 1427 456 1492 accipiendam
470 1440 531 1479 esse
546 1426 578 1478 du
591 1440 665 1486 casu,
682 1438 736 1492 quo
753 1426 889 1490 parochus
909 1425 1010 1478 invitus
1032 1425 1067 1476 ad

64 1493 202 1546 matrimonii
219 1501 388 1548 contractum
412 1496 559 1559 adhibitus,
578 1497 638 1548 ideo
655 1511 709 1549 non
733 1496 809 1556 vidit,
832 1511 920 1562 neque
936 1496 1066 1563 percepit,

64 1562 112 1624 quia
123 1565 180 1616 data
188 1581 274 1632 opera
287 1567 436 1619 necvidere
445 1569 633 1632 volumusque
644 1570 834 1634 perciperent
845 1570 868 1621 ai
880 1569 932 1619 sibi
943 1569 1066 1620 obstruat

63 1643 133 1699 aures,
145 1641 169 1688 et
178 1640 273 1690 oculos
288 1639 402 1690 claudat.
414 1639 456 1690 Ita
466 1639 600 1705 parochus
610 1638 746 1691 affectaret
762 1654 815 1691 non
830 1639 1022 1705 iutelligera,et
1032 1638 1067 1690 ad

63 1705 203 1760 eradendam
215 1711 407 1775 gravissimam
421 1709 639 1761 incertitudinem
654 1709 681 1760 S.
697 1711 872 1775 Congregutio
887 1710 1001 1774 censuit,
1011 1723 1067 1760 ma·

62 1775 194 1830 trimoniurn
203 1783 365 1842 subsistere,
377 1781 423 1832 ubi
434 1781 488 1831 alia
499 1781 627 1846 requisita
636 1782 789 1832 neccssaria
801 1785 969 1834 concurrant.
982 1781 1067 1832 Debet

61 1846 153 1901 ulterius
165 1853 303 1916 parochus
313 1866 328 1902 a
339 1852 559 1902 contrahentibus
574 1865 606 1902 ea
622 1851 768 1903 intentione
780 1853 913 1914 adhiberi,
928 1855 957 1902 ut
974 1865 1065 1902 coram

62 1927 85 1966 co
97 1923 260 1973 matrimonia
278 1923 387 1973 ineant:
406 1936 468 1973 nam
490 1923 513 1974 si
533 1921 586 1972 duo
600 1923 789 1975 contraherent
807 1923 1007 1974 matrimonium
1030 1920 1064 1973 de

61 1990 156 2050 parocho
168 1994 206 2044 nil
218 1993 380 2058 cogitantes,
391 1993 455 2044 dum
468 1994 536 2044 forte
546 1993 574 2044 in
585 1993 705 2046 convivio
712 1995 754 2046 vel
765 1995 981 2046 confabulatione
991 1994 1063 2053 sunt,

60 2070 100 2110 uun
112 2070 196 2128 posset
210 2065 268 2117 dici
291 2078 381 2116 coram
401 2066 519 2130 parocho
540 2065 719 2127 celebratum,
730 2066 794 2117 licet
810 2069 882 2118 esset
896 2077 1027 2130 pressans,
1038 2069 1066 2116 et

61 2126 188 2208 imitatem
205 2150 264 2188 non
277 2136 400 2198 haberet,
411 2137 474 2201 quia
485 2150 549 2188 casu
561 2136 588 2186 id
601 2136 742 2196 acciderat,
759 2141 785 2187 et
804 2150 869 2188 casu
885 2143 961 2200 gesta
974 2148 1063 2186 mora-

60 2198 126 2267 litate,
136 2211 160 2257 et
172 2207 352 2272 imputatione
366 2207 556 2258 destituuntur.
574 2207 734 2258 Benedictus
745 2207 819 2272 xlv,
835 2207 868 2260 de
879 2207 977 2272 Synud.
992 2206 1010 2256 l.
1025 2205 1062 2269 1³,

61 2284 77 2321 c.
89 2273 121 2333 ii,
138 2291 163 2327 n.
182 2279 194 2329 i
214 2284 242 2330 et
263 2292 338 2343 seqq.
359 2304 389 2315 -
409 2278 444 2342 (ab
463 2279 567 2330 Revera
590 2279 617 2330 S.
635 2279 811 2344 Congregatiu
839 2281 1012 2343 interrogata,
1029 2291 1064 2328 arr

60 2348 238 2400 natnmonium
253 2348 428 2411 stabeletate·
443 2348 554 2412 inuitus,
569 2351 593 2401 et
608 2349 757 2414 compulsus
770 2349 886 2414 pervim
896 2347 965 2400 adast
976 2359 1065 2398 sucar—
1120 2384 1122 2394 .

61 2410 102 2480 dos,
115 2417 174 2472 dum
186 2418 363 2474 contrabitur
375 2419 593 2482 snutrimcciam,
608 2420 758 2484 respondit:
769 2419 919 2472 subsistere.
937 2417 1065 2470 Similiter

60 2491 214 2550 pusteadixit,
230 2491 353 2542 validum
368 2503 427 2542 esse
441 2491 652 2554 matrimonium,
663 2489 773 2544 etiarnsi
785 2488 917 2555 parochus
933 2488 1020 2540 ctiam
1032 2487 1063 2540 ub

60 2565 147 2612 murum
158 2561 299 2616 adbibitus
312 2560 346 2612 sit
361 2559 398 2612 ad
407 2561 484 2612 illum
499 2564 599 2624 actum,
613 2567 644 2612 ut
658 2562 681 2612 si
701 2560 887 2611 fraudulenter
901 2565 1010 2610 vocatus
1030 2558 1066 2610 sit

59 2624 267 2684 suessionensium
281 2631 396 2690 infirmo,
411 2631 489 2682 modo
507 2632 578 2682 adsit
592 2645 754 2696 sponsorum
769 2631 881 2681 intentio
892 2631 969 2680 illum
983 2629 1061 2680 adhi-

59 2692 121 2750 bendi
133 2705 163 2755 ad
177 2704 398 2756 matrimonium:
418 2717 481 2754 nam
498 2704 611 2756 intentio
626 2703 782 2755 celebrandi
797 2701 960 2752 matrimonii
971 2715 1064 2752 coram

58 2773 151 2827 barecis
163 2775 319 2827 necessaria
336 2778 377 2826 est
393 2775 420 2824 in
431 2776 539 2839 sponsis
551 2793 557 2834 ;
574 2774 622 2826 sed
636 2787 690 2824 non
700 2779 741 2824 est
755 2773 910 2826 necessaria
933 2773 962 2824 in
984 2773 1066 2824 Paro·

59 2835 96 2889 ebo
106 2841 209 2898 intentio
224 2845 379 2897 assistendi.
398 2846 438 2896 ld.
459 2845 516 2896 eod.
530 2846 580 2896 loc.
596 2871 625 2881 —
647 2844 680 2908 (3)
690 2843 747 2895 Huc
758 2857 852 2896 verum
863 2847 904 2896 est
913 2843 1019 2896 etiamsi
1028 2844 1063 2896 ab

59 2907 178 2968 Ordinario
196 2917 371 2968 interdictum
382 2916 417 2968 sit
431 2915 548 2980 parocho
568 2915 649 2966 alicui
659 2916 829 2966 matrimonio
850 2917 987 2973 assistere,
1001 2915 1065 2981 quia

58 2981 105 3034 talis
122 2989 264 3050 prohibitio
284 3001 340 3038 non
365 2993 407 3039 est
429 2986 652 3052 impedimentum
676 2986 813 3038 dirimens.
830 2986 862 3038 ld
883 2987 942 3036 eod.
965 2987 1017 3038 loc.
1034 3012 1066 3022 -

57 3052 210 3116 tiilntrusus
229 3060 338 3118 dicitur,
356 3059 402 3125 qui
422 3058 582 3110 beneficium
603 3057 816 3109 ecclesiasticum
838 3057 941 3110 invadit
957 3059 1061 3124 absque

57 3130 194 3201 anctoritate
208 3131 292 3190 illius,
308 3130 343 3182 ad
357 3145 437 3195 quem
452 3131 485 3181 de
496 3133 559 3194 jnre
573 3131 677 3194 spectat
700 3129 816 3190 collatio,
832 3129 889 3180 sive
904 3129 930 3180 id
945 3129 1065 3194 propria,

57 3203 102 3247 sue
121 3201 229 3254 alterius
256 3202 416 3253 auctoritate
440 3201 530 3252 iaciat.
550 3200 629 3253 Unde
652 3200 750 3252 intrusi
771 3201 881 3252 luerunt
900 3200 1029 3252 declarati
1049 3211 1066 3248 a
1098 3232 1109 3256 ,

57 3260 95 3342 Pio
103 3283 167 3335 papa
178 3274 217 3325 VI
236 3286 330 3324 omnes
343 3271 383 3322 illi
393 3271 522 3336 Episcopi
536 3278 563 3323 et
573 3271 696 3334 Peroehi,
710 3271 756 3337 qui
775 3271 802 3322 in
818 3285 901 3336 reguo
916 3271 1066 3322 Galliarum

55 3345 218 3395 iuramentum
236 3345 351 3395 civicum
370 3343 525 3407 prolitentes
541 3347 703 3394 econventu
723 3343 855 3394 nationali
870 3343 898 3392 in
914 3341 1063 3405 episcopos,

56 3406 90 3455 sel
101 3415 224 3474 parochos
241 3415 328 3473 electi,
345 3417 372 3466 et
386 3413 503 3464 instituti
516 3413 633 3464 luerunt.
646 3413 712 3464 Cum
726 3413 770 3464 his
783 3416 920 3477 tamquam
938 3423 999 3460 cum
1015 3409 1060 3458 in·

57 3477 134 3542 imma.
149 3491 173 3536 et
185 3485 363 3538 schismaticis
376 3483 543 3550 prohibitum
560 3484 611 3534 luit
625 3485 653 3534 in
670 3481 768 3535 divinis
788 3481 998 3542 communicare,
1012 3491 1060 3530 ec·
1083 3492 1084 3495 ¹

58 3557 106 3602 osan
117 3555 203 3612 audire
216 3571 324 3612 sacrum
337 3556 417 3610 etism
429 3556 526 3608 diebus
540 3555 672 3619 laesisse
688 3555 749 3608 illis
762 3555 930 3606 sacramento
942 3550 1064 3619 recipere
