2492 4020
636 167 789 226 ...128-

192 309 270 368 rum,
288 297 322 354 ut
335 295 526 369 agnoscatur,
545 289 696 368 quomodo
708 285 890 366 dispensatio
904 287 943 348 sit
956 283 1157 362 concedenda,
1171 301 1200 346 an
1221 317 1222 370 3

192 381 332 446 informa
344 379 503 454 ordinaria,
519 397 556 442 an
569 380 601 439 in
615 381 712 440 forma
732 393 898 456 pauperum
913 381 964 452 (4).
1221 377 1222 400 ³

223 530 259 596 (l)
273 529 397 582 Diximus
415 541 447 580 ec
464 530 580 594 atraque
596 529 684 592 parte,
700 539 764 577 nam
781 524 846 576 licet
866 539 900 578 ex
924 525 1018 592 regula
1031 524 1099 578 olibi
1116 523 1202 578 tradita
1221 525 1222 592 ξ

191 605 273 668 quoto
289 599 375 666 gradu
395 600 522 650 remotior
542 595 875 666 distatastipite,eode1u¹
901 596 1092 649 contrahentes
1115 597 1201 648 distent
1221 601 1222 658 ζ

192 671 262 724 iuter
272 685 316 730 se·,
327 670 360 723 ad
370 669 543 722 obtinendum
555 675 643 720 tumen
654 668 791 719 aDatnria
802 668 1029 734 dispensationem
1038 669 1202 734 propinquior
1221 701 1222 704 η

192 742 273 795 etiarn
287 740 387 807 gradus
402 747 443 794 est
453 739 635 804 exponendus,
647 737 711 805 quie
724 753 757 790 ex
772 738 841 804 stylo
853 739 941 792 Curiae
954 740 1202 806 perdispensauteu

191 813 384 866 declarandum
398 814 448 874 est,
464 810 681 877 propinquiorem
696 811 810 876 gradum
831 823 885 862 nou
905 811 1024 873 obstare,
1038 825 1101 862 cunr
1118 811 1201 862 didici·
1221 807 1222 876 ξ

191 885 245 937 lius
254 884 435 950 dispensetur,
446 886 527 948 prout
541 881 719 948 propinquior
732 881 832 946 gradus
846 881 981 933 communi
998 883 1105 935 accedit
1118 881 1201 946 stipiti,
1221 877 1222 928 l

191 970 306 1022 cumque
323 955 444 1006 videatur
464 953 560 1004 fraude
577 966 666 1018 agere,
679 956 707 1004 et
720 952 878 1004 scandalum
893 953 1025 1019 praebere,
1040 954 1089 1020 qui
1103 953 1201 1018 propin·

190 1027 312 1094 quierem
326 1025 438 1094 gradum
453 1025 559 1076 omittit.
576 1023 634 1075 Hoc
646 1025 776 1092 probetur
792 1037 824 1075 ex
841 1027 976 1075 communi
992 1025 1137 1076 Doctorum
1150 1037 1201 1074 sen·
1221 1035 1222 1088 r

189 1099 284 1154 tentia.
295 1102 321 1148 et
335 1111 368 1148 ex
381 1096 438 1147 bul.
449 1091 641 1148 Sanctissimae
656 1093 683 1144 S.
696 1094 738 1144 Pii
751 1093 785 1153 V,
798 1107 972 1160 quamquam,
982 1097 1079 1158 utjam
1089 1096 1203 1156 uidimus,
1221 1093 1222 1128 l

190 1169 268 1222 aliter
284 1169 404 1220 obtinent
426 1167 455 1218 in
471 1165 719 1230 dispensationibus
738 1165 766 1216 S.
783 1165 994 1217 Poenitentioriae
1014 1181 1065 1232 pre
1084 1165 1140 1218 solo
1155 1167 1201 1216 loro

189 1241 304 1294 interno.
321 1240 391 1290 Hinc
403 1239 450 1304 qui
463 1244 528 1290 suut
542 1237 569 1287 in
581 1241 677 1302 quarto
691 1235 778 1301 gradu
788 1251 849 1289 cum
860 1237 946 1303 primo
958 1239 1040 1288 mixto
1052 1237 1150 1290 debent
1158 1236 1203 1301 pri·

188 1325 263 1364 mum
277 1313 391 1377 gradum
404 1322 548 1376 exponere,
570 1304 865 1373 quia'dispeusandum
884 1312 926 1359 eet
944 1309 971 1358 in
988 1313 1105 1374 utroque
1119 1307 1201 1372 grerlu,

188 1383 268 1436 aliter
287 1380 453 1447 dispensatio
468 1384 510 1431 est
523 1377 658 1438 invalida;
674 1380 718 1429 cit.
732 1378 789 1430 bul.
806 1377 834 1429 S.
850 1379 892 1429 Pii
906 1379 940 1430 V.
956 1379 1007 1441 Qui
1027 1393 1093 1432 vero
1110 1379 1202 1430 suntin
1221 1381 1222 1452 l

188 1455 282 1521 quinte
299 1453 384 1518 gradu
403 1465 464 1502 cum
484 1449 570 1514 primo
592 1449 667 1500 nulla
685 1449 807 1516 indigent
827 1450 1037 1516 dispensatione,
1055 1451 1119 1517 quia
1138 1455 1222 1516 ertrnl

188 1531 314 1592 quartum
329 1523 442 1587 gradum
457 1521 532 1572 nulle
548 1525 621 1571 extat
631 1521 748 1585 amplius
763 1520 917 1587 prohibitio,
932 1521 995 1573 licat
1009 1523 1036 1572 iu
1052 1521 1202 1588 quibusdam
1221 1517 1222 1544 ¹

188 1595 353 1648 direcesibus
366 1609 399 1644 ex
413 1591 606 1644 consuetudine
624 1591 778 1643 declaretur
798 1591 912 1656 gradum
933 1593 1101 1657 prohibitum
1120 1593 1201 1644 matri-
1221 1547 1222 1636 l

187 1667 276 1718 monio
289 1679 344 1717 non
357 1664 475 1716 obstare.
490 1663 534 1713 Illi
550 1667 640 1714 aulem
655 1665 701 1728 qui
716 1667 780 1715 sunt
792 1664 818 1714 in
834 1669 930 1728 quarto
944 1678 1005 1716 cum
1022 1665 1105 1716 tertio
1122 1665 1201 1722 mixto,

187 1739 231 1790 vel
245 1739 323 1790 tertio
338 1750 399 1787 cum
414 1733 532 1786 secundo
544 1732 644 1785 debent
656 1735 778 1786 obtinere
793 1733 820 1785 S.
836 1735 913 1787 Sedis
928 1735 1146 1794 declarationem,
1157 1741 1201 1785 ter·
1221 1749 1222 1790 l

188 1809 264 1868 tium,
279 1807 320 1858 vel
340 1805 489 1858 secuudum
507 1806 621 1870 'gradum
646 1807 816 1858 matrimonio
830 1820 884 1858 uon
899 1806 1019 1859 obstare.
1036 1806 1201 1859 Reideustuel
1221 1795 1222 1872 l

188 1880 234 1932 cit.
248 1893 309 1946 app.
320 1891 347 1929 n.
358 1877 410 1928 lto.
422 1877 496 1942 -·(·l)
506 1876 710 1940 &Conpcouo
724 1879 752 1928 in
766 1891 820 1929 una
834 1879 958 1931 Prntenst'
972 1879 986 1928 5
998 1880 1050 1942 jul.
1069 1879 1134 1930 l‘l‘t‘i.
1148 1879 1201 1928 liic·
1221 1875 1222 1940 l

187 1951 248 2002 ther
261 1952 295 2001 od
309 1963 376 2002 sess.
392 1949 432 2008 tl,
444 1948 478 2000 de
491 1949 539 1999 rel.
551 1951 630 1998 matr.
644 1961 671 1998 n.
689 1948 740 2000 tte.
754 1976 786 1986 -
798 1949 834 2014 (3)
844 1949 952 2000 Veritas
966 1963 1113 2002 causarum
1127 1948 1199 2015 inspi-
1221 1941 1222 2008 l

187 2022 282 2076 cienda
291 2026 332 2074 est
341 2021 456 2072 ma'xime
468 2029 589 2084 ternpore
598 2020 773 2072 executionis.
785 2021 932 2084 Propterea
943 2023 966 2073 ei
980 2035 1066 2074 causa
1080 2037 1141 2073 veru
1152 2021 1202 2072 erat
1221 2011 1222 2080 ἒ

187 2097 307 2159 ternpore
322 2091 536 2158 supplicationis,
551 2096 578 2142 et
592 2096 713 2156 ternpore
725 2092 891 2144 executionis
905 2093 1019 2152 deliciet,
1034 2102 1066 2145 ut
1081 2093 1105 2146 si
1123 2091 1201 2158 puella
1221 2097 1222 2136 r

186 2167 263 2232 prins
276 2163 404 2226 tudetem,
421 2169 515 2228 postea
525 2162 626 2227 dotem,
641 2162 683 2214 vel
698 2163 884 2216 haereditatem
901 2171 1091 2230 consequntur,
1106 2165 1199 2228 dispeu-
1221 2155 1222 2210 l

186 2236 254 2286 satio
268 2234 365 2300 exequi
378 2233 495 2299 amplius
514 2233 615 2299 nequit.
635 2233 713 2295 Quod
737 2235 761 2285 si
778 2238 840 2301 post
857 2237 1040 2287 executionem
1062 2236 1147 2288 dotem
1166 2230 1200 2280 rel

186 2305 371 2358 haereditatem
386 2305 514 2364 obtineat,
529 2305 571 2355 vel
582 2305 636 2356 alia
653 2319 831 2371 quaecumque
846 2319 928 2357 causo
940 2307 1057 2365 deliciet,
1072 2307 1106 2357 ad
1119 2302 1200 2355 mutri—
1221 2317 1222 2320 ¹

185 2379 306 2430 monium
319 2377 429 2444 procedi
445 2380 533 2442 potest
543 2393 549 2433 3
561 2389 623 2427 uam
638 2378 725 2441 gratia
738 2377 949 2442 dispensationis
956 2379 1012 2441 jam
1028 2378 1080 2428 suit
1094 2377 1201 2442 perfecte

186 2451 213 2501 et
229 2449 367 2516 completa,
382 2452 409 2499 et
422 2448 516 2512 nequit
529 2447 648 2512 amplius
665 2447 886 2514 impedimentum
909 2449 1070 2500 reviviscere
1094 2445 1200 2499 Reitleu·
1221 2459 1222 2484 ³

184 2522 254 2572 stuel
268 2519 318 2572 loc.
335 2521 378 2570 cit.
391 2533 417 2570 n.
432 2519 479 2570 tol
492 2523 520 2569 et
530 2519 585 2570 itu.
601 2517 667 2570 Haec
678 2532 743 2570 vera
756 2527 827 2583 sunt,
842 2533 902 2570 cum
913 2520 1080 2585 dispensatio
1092 2517 1200 2571 daturin

185 2590 272 2643 torma
288 2589 481 2648 commissoris,
496 2597 527 2640 ut
541 2590 704 2654 generaliter
718 2589 776 2640 tleri
791 2590 877 2652 solet,
898 2605 959 2641 uam
981 2591 1004 2642 si
1025 2591 1100 2659 Papa
1116 2591 1199 2641 imme·
1221 2617 1222 2620 =

186 2663 257 2714 dieta
269 2676 318 2728 per
337 2675 367 2714 se
383 2660 561 2724 dispensaret,
583 2662 648 2712 tuuc
666 2662 754 2712 solum
775 2665 882 2726 tempus
902 2661 980 2715 iacta
1000 2657 1199 2730 dispensationis

185 2735 255 2787 foret
268 2733 508 2800 inspiciendum.-
518 2733 554 2797 (l)
571 2732 613 2784 ld.
627 2733 678 2785 loc.
695 2732 741 2783 cit.
755 2733 768 2796 ἕ
782 2732 806 2794 t;
822 2747 871 2798 per
882 2737 930 2786 tot.

220 2923 282 2980 423.
298 2917 410 2979 Dicitur
423 2935 442 2976 a
455 2916 571 2977 Dutaria
591 2916 774 2994 dispensatio
793 2919 918 2980 concedi
931 2919 962 2979 in
981 2921 1076 2980 leuna
1090 2915 1200 2978 ordina·

144 3034 145 3038 *
184 3009 239 3084 ria,
254 3024 323 3069 cum
340 3006 465 3068 solvitur
483 3006 692 3082 adispeusatis
706 3008 793 3069 solita
808 3008 944 3084 pecuniae
959 3015 1039 3082 taxa,
1054 3009 1117 3068 sive
1131 3023 1198 3067 ronr-
1221 3007 1222 3010 ’

182 3097 296 3174 positio,
311 3097 373 3156 sive
393 3095 602 3172 componenda,
627 3102 660 3156 ut
685 3095 768 3156 varie
789 3103 997 3172 nuncupatur;
1019 3114 1085 3174 quae
1111 3096 1198 3155 direr-

184 3185 299 3246 simode
313 3184 440 3246 diversis
455 3189 574 3260 aptatur
594 3184 723 3244 casibus.
738 3184 848 3245 Dicitur
861 3185 969 3246 deinde
983 3187 1012 3245 iu
1028 3187 1122 3246 forma
1134 3199 1198 3260 pau-

183 3291 290 3353 perum
310 3274 447 3349 concedi,
470 3274 542 3334 dum
564 3273 661 3350 agitur
682 3275 720 3335 de
733 3275 925 3352 pauperibus,
940 3283 971 3336 et
992 3274 1198 3336 miserabilibus

183 3364 331 3442 personis,
347 3381 414 3441 quae
427 3381 466 3424 ex
481 3381 537 3423 suo
551 3363 653 3426 labore
667 3371 696 3427 et
709 3365 853 3425 industria
867 3371 983 3425 mutiam
995 3365 1107 3425 vivunt.
1122 3361 1197 3425 Simi-

183 3455 227 3514 les
241 3453 361 3530 quidem
375 3453 488 3528 sponsi,
511 3453 537 3512 si
550 3459 677 3530 uterque
699 3453 803 3515 similis
822 3453 1001 3514 conditionis
1021 3453 1067 3526 sit,
1084 3453 1194 3512 solvunt

183 3541 424 3622 componendam
450 3541 571 3604 omnino
597 3547 725 3604 tenuem.
759 3548 895 3605 Attamen
921 3544 978 3604 bac
1016 3535 1197 3620 dispensandi
