2560 4080
600 182 761 240 ...502-

161 305 192 361 et
206 303 299 364 Guriae
317 303 471 376 norma,si
492 304 581 380 plena
594 305 643 364 vel
656 305 763 365 saltem
781 303 944 382 semiplena
961 311 1084 381 exurgat
1101 321 1161 380 pro-

159 391 240 452 batio
254 391 291 451 de
302 390 421 466 delicto,
435 392 532 469 deque
546 401 668 454 auctore
683 392 794 467 delicti,
811 399 914 453 contra
928 393 1031 469 ipsum
1042 393 1164 470 proredi-

161 485 221 552 tur,
237 486 396 556 postquam
416 480 471 541 fuit
483 499 554 544 reus
567 483 762 556 constitutus;
778 482 864 543 aliter
877 500 1039 560 processus
1055 483 1168 542 eircum-

162 568 281 630 ducitur
306 587 403 646 usque
419 569 517 632 donec
541 573 669 647 maiores
691 572 857 634 habeantur
879 573 1088 648 probationes:
1110 587 1172 632 nam

157 673 308 718 summum
326 659 403 719 loret
421 661 504 720 nefas
520 677 575 737 per
589 660 696 721 indicia
709 678 788 720 vana
809 668 839 721 et
855 661 1071 722 insufficientia
1086 662 1172 720 hono·

159 762 225 806 rem
238 753 268 807 et
281 746 411 823 quietem
433 750 609 826 cujusquam
621 749 743 810 turbare
758 753 769 822 (
790 760 812 821 t.

190 879 226 946 (l)
244 880 314 934 Hinc
332 881 383 934 iste
409 895 553 948 processus
575 883 758 936 coniciendus
784 887 835 947 est,
858 888 1006 950 antequam
1031 897 1093 935 reus
1117 883 1173 934 cite·

161 955 215 1012 tur,
230 955 257 1004 et
277 953 345 1005 dues
364 953 432 1006 solet
458 953 558 1006 habere
585 961 701 1020 partes:
728 955 815 1019 prima
838 956 948 1020 respicit
969 955 1173 1007 informationem

161 1038 245 1090 super
255 1026 336 1088 lama,
350 1028 381 1076 ut
390 1029 493 1076 constet
512 1025 545 1077 de
558 1025 752 1076 diffamatione:
763 1025 881 1078 secunda
896 1026 1007 1091 respicit
1019 1026 1172 1078 informatio·

161 1109 224 1150 nem
245 1111 327 1162 super
348 1096 460 1148 crimine
483 1100 598 1164 patrato,
618 1101 649 1148 nt
668 1097 756 1163 judici
783 1098 878 1148 saltem
900 1098 1050 1162 semiplene
1075 1101 1175 1158 contest,
1260 1137 1261 1160 p

131 1185 135 1191 ·
161 1169 264 1220 crimen
278 1182 295 1220 a
307 1168 376 1218 Titio
391 1167 474 1219 luisse
494 1168 674 1220 commissum.
689 1169 743 1220 Sed
763 1168 911 1219 notandum
923 1169 994 1233 quod
1010 1169 1098 1234 prima
1118 1179 1175 1234 pars

158 1254 302 1306 processus
321 1239 483 1290 informativi
509 1243 594 1304 potest
616 1239 702 1289 omitti
716 1239 840 1304 pluribus
863 1240 1026 1302 incessibus,
1048 1245 1077 1290 ιιι
1095 1239 1117 1290 si
1130 1238 1175 1288 cri·

159 1327 221 1364 men
239 1313 274 1362 sit
287 1311 430 1372 notorium,
451 1309 495 1360 vel
509 1311 671 1368 contessum.
687 1311 952 1376 vetpronarum,ve1
967 1312 1136 1362 commissum
1153 1309 1177 1358 in

157 1382 270 1450 jndicio,
283 1388 310 1433 et
332 1382 360 1432 in
378 1382 440 1432 aliis
462 1381 579 1432 ensibus.
602 1409 632 1419 -
645 1382 681 1446 (i)
702 1381 848 1433 Genereles
875 1373 1100 1446 interrogationes
1113 1383 1176 1441 sunt,

157 1469 219 1520 quae
238 1453 272 1506 de
294 1453 411 1514 nomine,
425 1453 591 1517 cognomine,
602 1459 691 1510 aetate.
707 1455 805 1519 patria,
823 1453 958 1506 domicilio
980 1456 1008 1505 et
1023 1455 1177 1516 conditione,

158 1553 191 1566 -
205 1525 240 1590 (3)
261 1525 488 1589 Interrogationes
508 1524 584 1582 flunt,
611 1529 641 1575 ut
664 1524 766 1590 dicunt,
791 1539 874 1592 super
892 1539 1004 1592 corpore
1020 1525 1119 1588 delicti,
1134 1523 1179 1575 sci-

161 1597 246 1649 licet:
271 1609 307 1648 an
332 1600 412 1646 testes
426 1595 554 1646 delictum
563 1597 736 1647 commissum
753 1609 813 1647 esse
839 1596 942 1656 scient;
964 1597 1038 1648 unde
1064 1597 1129 1648 illud
1141 1609 1179 1646 co·

159 1668 326 1734 gnoverint;
349 1681 430 1732 quem
452 1673 588 1718 auctorem
610 1667 730 1729 habeat;
756 1682 805 1719 cur
831 1667 913 1732 hunc,
944 1672 972 1719 et
998 1683 1055 1721 non
1079 1668 1177 1728 alium;

159 1739 233 1806 quid.
248 1740 337 1804 quale,
348 1753 402 1804 quo
417 1742 546 1804 tempore,
558 1753 612 1805 quo
623 1739 680 1791 loco
697 1743 723 1790 et
732 1740 810 1791 modo
820 1740 903 1791 luerit
916 1741 1108 1801 commissum
1120 1733 1179 1806 quos

160 1815 289 1862 censeant
301 1810 402 1862 hebere
416 1811 538 1862 notitiam
553 1811 654 1869 delicti,
669 1813 721 1863 etc.
735 1836 766 1848 -·
778 1811 813 1876 (l)
827 1811 893 1876 Cep.
907 1810 948 1873 tl,
964 1810 1014 1875 ξι,
1029 1811 1178 1866 deaceusat,

160 1882 212 1936 Hic
226 1895 367 1946 processus
382 1882 505 1949 adjuvari
519 1885 606 1948 potest
618 1883 653 1934 ab
667 1882 803 1935 evidentia
821 1881 893 1943 tacti,
909 1882 943 1936 ab
971 1883 1077 1935 oculari
1095 1883 1177 1946 inspe-

162 1953 258 2015 ctione,
273 1956 300 2004 et
309 1953 343 2004 ab
358 1953 420 2006 aliis
434 1953 549 2006 indiciis.

193 2129 256 2186 est.
276 2125 390 2186 Primus
404 2131 509 2186 contra
522 2126 621 2201 ipsum
633 2124 857 2202 delinquentem
871 2125 984 2202 gradus
998 2132 1049 2186 est
1066 2126 1130 2202 ejus
1144 2122 1181 2182 ei·

158 2216 230 2276 tatio
243 2212 371 2274 verbalis
385 2214 423 2274 ad
437 2214 673 2290 comparendum
685 2209 889 2291 personaliter
900 2223 970 2274 ante
980 2215 1116 2290 judicem
1129 2217 1177 2285 (l),

160 2301 289 2364 diximus
306 2302 504 2380 personaliter
521 2322 527 2362 :
543 2320 613 2364 nam
634 2321 673 2364 ex
693 2303 797 2379 regula
817 2303 947 2378 generali
971 2319 1026 2362 reo
1049 2303 1078 2360 in
1098 2317 1183 2361 eausa

158 2390 303 2452 criminali
317 2409 377 2452 non
397 2391 467 2452 licet
486 2399 716 2469 procuratorem
729 2393 879 2453 adducere
893 2398 942 2466 (tt.
959 2391 1064 2452 (litatio
1079 2391 1183 2452 adhoc
1261 2445 1262 2452 ,

158 2480 323 2554 ordinatur,
337 2485 371 2539 ut
383 2497 453 2540 reus
465 2497 568 2540 coram
580 2479 681 2557 judice
693 2498 819 2541 eramen
833 2481 990 2555 sustineat,
1008 2482 1091 2558 quod
1104 2494 1182 2539 com·

157 2569 287 2630 muniter
306 2587 324 2628 a
341 2569 534 2645 Pragmaticis
555 2571 749 2630 comitatum
764 2572 946 2647 appellatur3
969 2574 1183 2647 potestantem

157 2657 351 2720 constitutum
368 2659 407 2718 ad
421 2660 523 2734 plures
537 2659 602 2719 dies
617 2660 785 2735 prorogari,
799 2658 824 2719 si
838 2659 1026 2733 necessasia,
1039 2657 1183 2718 ueletiam

160 2747 293 2807 secundo
314 2754 344 2807 et
366 2747 454 2808 tenio
473 2747 587 2822 iterari,
610 2755 643 2808 nt
663 2765 732 2808 reus
758 2747 928 2824 diligentius
949 2746 1136 2808 examinetur
1155 2751 1184 2804 et

157 2835 266 2896 veritas
279 2836 387 2898 melius
398 2843 579 2913 agnoscatur
593 2841 604 2908 (
623 2842 645 2912 ).

191 2969 224 3034 (ι)
237 2970 308 3024 Olim
323 2972 381 3024 fleri
394 2973 476 3023 etiarn
495 2975 602 3037 poteret
614 2972 705 3024 citatio
728 2971 809 3024 realis
823 2985 871 3039 per
886 2975 1026 3038 capturam
1040 2971 1091 3023 rei.
1109 2997 1140 3007 —
1150 2969 1182 3034 (l)

159 3042 223 3107 Cap.
243 3043 278 3104 15,
294 3042 327 3094 de
353 3047 467 3096 accusat.
484 3071 514 3080 —
537 3045 570 3106 (3)
585 3045 659 3094 Inter
679 3043 808 3095 Doctores
832 3045 1050 3102 controvertitur,
1077 3055 1112 3092 an
1129 3053 1178 3096 reo,

160 3114 206 3179 qui
220 3128 299 3165 suum
313 3118 354 3166 est
376 3115 497 3166 facturus
519 3117 702 3177 constitutum,
717 3115 837 3167 veritatis
859 3115 981 3166 dicenda
998 3115 1180 3180 juramentum

159 3185 334 3242 deserendum
348 3186 403 3236 siti
417 3188 467 3237 Pro
483 3187 642 3238 affirmative
655 3187 728 3249 lacit,
739 3187 809 3252 quod
825 3185 1060 3252 perjurisjurandi
1075 3183 1179 3246 religio-

159 3270 221 3307 nem
232 3257 335 3322 cogitur
344 3269 407 3307 reue
417 3256 449 3307 ed
462 3257 598 3308 latendum
608 3260 761 3319 veritatem
771 3271 820 3322 pro
831 3259 956 3321 negative
964 3255 1114 3320 vero.qncd
1126 3265 1180 3318 pre

158 3334 269 3379 vocatur
283 3329 317 3379 ad
328 3329 531 3392 perjurandum.
541 3331 592 3380 Sed
605 3328 766 3380 Benedictus
779 3328 849 3378 Xlll
865 3332 892 3379 in
902 3327 1019 3380 Concilio
1029 3328 1146 3378 Romano
1160 3328 1176 3372 ι.

160 3398 200 3455 23,
215 3401 393 3462 questionem
410 3400 448 3450 ita
461 3401 619 3464 composuit,
634 3403 665 3450 ut
674 3402 860 3462 juramentum
871 3399 1024 3464 hujusmodi
1041 3413 1056 3450 e
1069 3399 1124 3448 reis
1135 3407 1178 3460 per

158 3481 342 3533 quoscumque
351 3469 468 3532 jndices,
483 3471 578 3533 quovis
592 3476 733 3535 praetentu,
748 3484 838 3532 causa,
850 3477 877 3521 et
887 3471 974 3522 colore
987 3470 1056 3534 exigi
1066 3465 1177 3532 amplius

161 3547 215 3583 non
224 3543 324 3599 posset,
337 3539 389 3588 nisi
401 3545 532 3603 quatenns
542 3540 581 3590 rei
591 3541 786 3599 examinantur,
799 3548 826 3592 et
838 3547 921 3594 testes
931 3547 994 3592 sunt
1006 3541 1093 3606 quoad
1105 3539 1175 3589 alios.

53 3606 58 3613 “
159 3602 329 3670 Consequens
342 3608 405 3659 hinc
418 3613 468 3672 est,
482 3607 554 3672 quod
568 3623 631 3662 reus
651 3617 693 3664 est
710 3615 816 3664 tautum
831 3613 948 3678 benigne
974 3612 1132 3672 monendus,
1148 3609 1175 3658 ut
