2524 4080
144 342 235 408 poseat
246 349 308 392 esse
326 348 449 394 mesor
470 339 572 406 judicis
589 339 738 399 menteris,
754 339 867 404 excepte
880 351 965 392 causa
980 341 1127 406 sanguinis,
1138 345 1171 395 et

143 409 230 464 lsicm
240 423 363 462 assessor
372 411 474 478 judicis
484 411 668 464 ecclesiastici.
685 410 857 476 pellegrinus
870 409 921 462 loc.
935 410 980 465 cit.
995 415 1024 462 st
1037 411 1064 463 in
1076 419 1169 478 praet.

142 480 221 533 crim.
234 487 305 546 part.
321 481 345 542 t,
360 485 425 534 sect.
442 480 480 542 tt,
496 496 524 533 n.
540 481 579 534 tt.
592 481 692 533 Annal.
705 481 762 546 jur.
781 485 856 546 pont.
874 494 926 532 sar.
948 481 974 544 6,
990 495 1052 546 pag.
1069 483 1123 535 lta.
1139 511 1170 524 -

144 552 179 618 (5)
193 551 348 606 assessoris
367 551 484 604 officium
499 555 636 618 sapienter
650 551 759 618 exponit
774 551 954 617 Pellegrinns‚
979 557 1006 604 et
1020 553 1048 604 iu
1063 553 1116 606 hoc
1126 569 1171 608 ra-

141 622 248 688 ponit·
262 623 329 676 l·(it
342 623 463 690 invigilet
473 625 507 676 ad
519 626 660 676 veritatem
672 623 864 689 indagandam,
879 623 945 690 quid
955 624 1028 688 juris
1040 625 1086 688 sit,
1096 627 1169 691 judi-

143 713 155 742 ι
173 707 233 746 carn
246 695 371 748 instruat
385 695 456 748 Hinc
468 695 506 755 tt,
520 695 592 760 quod
606 699 750 761 pompeam
759 695 932 760 tndexilium
942 695 1064 762 elegerit,
1075 698 1170 763 etipse

142 783 154 812 ι
172 767 362 832 acceptaverit,
375 770 482 820 tenettm
500 767 533 820 da
552 767 687 832 injustitia
701 765 812 832 judicis,
836 767 889 818 nisi
906 768 1164 830 protestationcmin

141 855 152 883 ι
172 835 240 888 aclis
255 835 358 896 lecerit,
373 837 445 904 quod
459 838 516 903 ipse
529 852 583 889 non
597 838 739 897 consentit,
762 851 824 889 cnm
840 837 913 888 videt
931 837 1052 904 judicem
1068 839 1166 905 injuste

142 925 153 953 ι
171 919 259 972 egere
274 907 300 960 i·
314 907 351 960 Ut
372 907 504 970 admittet,
519 908 562 959 vel
578 909 682 974 rejiciat
698 907 815 971 libellos,
829 912 909 974 prout
931 910 1003 974 juris
1023 911 1112 974 merit,
1126 912 1165 963 in-

142 997 153 1025 ι
172 979 311 1044 spiciendo
326 991 362 1030 en
374 980 444 1032 bane
458 979 572 1032 conlecti
582 980 691 1044 luerint,
705 980 748 1032 val
763 979 797 1032 de
813 994 842 1031 ra
851 980 954 1032 illicita.
971 981 997 1032 3·
1008 981 1044 1034 Ul
1053 997 1168 1048 perpen·

142 1069 154 1098 ι
174 1049 220 1102 det
233 1050 390 1116 petitionem
404 1051 500 1116 pertis,
517 1065 552 1104 an
567 1050 606 1102 illi
624 1053 757 1118 competat
778 1051 858 1110 acuo,
873 1055 900 1102 et
912 1065 948 1109 an
959 1052 1031 1118 juris
1045 1053 1171 1106 ordinem

142 1140 154 1169 e
173 1121 343 1188 inpetitione
357 1122 514 1176 servaverit.
526 1123 551 1174 t·
565 1122 603 1174 Ut
615 1123 776 1186 consideret,
791 1125 819 1174 et
832 1122 903 1174 bene
920 1123 1046 1190 disponat
1060 1123 1171 1178 decreta

142 1210 154 1239 ι
172 1189 366 1260 interponenda
379 1193 408 1243 in
421 1193 511 1246 causis
525 1207 616 1246 coram
634 1207 665 1244 eo
676 1193 778 1258 judice,
793 1194 836 1244 cui
861 1193 975 1254 assistit,
988 1197 1168 1252 vertentibus.

142 1281 154 1310 ι
173 1264 198 1314 5·
213 1263 251 1316 Ut
263 1263 362 1326 videet,
377 1267 405 1316 et
418 1263 562 1328 diligenter
575 1263 727 1316 consideret
739 1264 835 1327 edicta,
854 1267 881 1315 et
897 1264 960 1324 alia,
976 1279 1038 1330 quae
1051 1265 1171 1331 uindice

141 1353 153 1383 ι
170 1334 383 1400 promulgentur,
394 1347 429 1386 sn
439 1335 558 1401 juridice
570 1335 673 1388 tuerint
684 1352 691 1397 r
702 1339 728 1386 et
741 1335 930 1398 sicontre,nel
943 1339 1042 1400 proter
1050 1339 1100 1402 jus
1108 1351 1171 1391 esse

142 1423 154 1453 ι
171 1406 334 1472 cognoverit,
348 1406 500 1472 prohibeat,
514 1419 550 1460 ns
564 1405 747 1472 publicantur.
764 1407 867 1460 »Part
886 1405 912 1472 t,
932 1411 1000 1469 sect.
1028 1407 1066 1469 lt,
1082 1422 1111 1463 n.
1127 1409 1167 1464 ld.

175 1603 237 1660 itt.
253 1599 419 1674 Promotor',
435 1599 498 1661 sive
516 1605 694 1676 procurator
711 1599 820 1662 fiscalis
837 1606 883 1662 est
908 1600 953 1660 nir
962 1601 1170 1680 jurisperitus,

139 1687 247 1762 tidelis,
262 1689 326 1749 zelo
339 1688 501 1764 religionis,
515 1695 545 1749 et
559 1688 665 1750 animae
683 1688 853 1750 fortitudine
865 1688 1057 1765 conspicuus,
1074 1708 1165 1766 quem

139 1777 305 1857 Episcopus
319 1776 349 1836 in
364 1793 419 1836 sua
431 1778 515 1838 curia
531 1779 621 1854 eligit,
637 1785 667 1838 et
681 1780 849 1855 juramento
871 1778 1040 1854 adstringit,
1054 1785 1089 1838 ut
1098 1781 1168 1856 jura

140 1864 280 1925 Ecclesia
295 1865 444 1942 defendat,
463 1872 527 1929 tum
543 1867 574 1926 in
588 1866 737 1927 bonorum
751 1866 1025 1928 ecclesiasticorum
1044 1880 1166 1927 conser-

142 1953 270 2027 vatione,
295 1969 385 2032 quam
402 1953 433 2014 in
457 1956 646 2031 procuranda
668 1971 789 2016 reorum
811 1953 965 2032 punitione
980 1959 1032 2030 (t).
1055 1956 1168 2018 Dicitur

138 2049 238 2104 autem
251 2043 382 2117 lisania,
398 2044 467 2120 quia
476 2047 545 2121 jura
558 2045 671 2106 fiscalia
685 2053 789 2119 curat3
803 2051 873 2106 sunt
886 2061 959 2104 vero
971 2045 1040 2122 iura
1052 2045 1167 2104 fiscalia

139 2149 185 2206 ea,
200 2131 350 2210 inquibus
364 2132 460 2209 agitur
474 2135 512 2193 de
526 2132 645 2210 publica
659 2133 796 2210 pecunia,
810 2133 858 2194 vel
875 2131 1006 2193 vindicta
1020 2133 1072 2206 (2).
1088 2133 1166 2194 iiiuc

139 2226 220 2297 petet
234 2221 338 2298 qualis,
355 2227 385 2281 et
404 2221 506 2298 quarm
527 2222 670 2284 momenti
684 2223 721 2282 sit
735 2224 799 2298 ejus
813 2223 946 2284 officium
961 2241 967 2284 :
984 2237 1046 2281 non
1067 2221 1166 2288 solum

140 2309 221 2372 enim
252 2317 404 2388 nmquam
431 2313 526 2372 solers
547 2317 724 2388 procurator
741 2311 772 2370 in
799 2327 890 2371 causa
909 2310 1049 2375 Ecclesia
1076 2309 1168 2372 dehet

140 2399 219 2459 bona
232 2415 349 2474 curare,
363 2399 577 2473 instrumentis,
592 2406 621 2464 et
633 2399 809 2476 hypothecis
823 2405 887 2463 tuta
901 2399 1038 2473 reddere,
1054 2399 1166 2475 deper-

139 2480 201 2550 dita
219 2488 382 2562 vindicare,
401 2494 431 2549 et
446 2490 527 2550 omni
540 2489 631 2550 modo
648 2487 816 2566 providere,
838 2503 876 2553 ne
897 2494 1033 2564 pereant3
1057 2489 1112 2548 sed
1129 2493 1165 2548 nt

138 2585 302 2654 augeantur
312 2596 320 2652 ;
330 2594 437 2638 verum
450 2577 539 2640 etiam
551 2584 704 2654 tamquam
714 2582 873 2639 accusator
884 2575 1051 2653 impavidus
1065 2577 1165 2637 crimi-

138 2676 212 2725 num
230 2681 299 2726 reos
312 2665 351 2726 ad
372 2665 502 2726 tribunal
521 2664 680 2739 adducere,
695 2665 732 2725 de
751 2663 867 2724 delictis
885 2663 1075 2739 convincere,
1091 2681 1168 2742 pro-

139 2769 197 2828 que
215 2770 322 2813 eorum
335 2753 583 2814 condemnatione
597 2755 707 2814 instare
724 2758 784 2828 (3);
801 2753 893 2814 immo
911 2753 942 2812 iu
962 2753 1167 2816 criminalibus

138 2841 202 2914 ejus
215 2842 347 2901 officium
360 2841 435 2901 adeo
450 2841 651 2902 necessarium
666 2847 720 2916 est,
736 2847 771 2903 ut
784 2839 920 2902 citandus
930 2839 968 2901 sit
979 2841 1010 2900 in
1023 2842 1166 2902 omnihus

137 2927 222 3002 actis,
233 2929 365 3005 quiduut
374 2935 480 2990 contra
492 2947 587 3005 reum,
597 2937 627 2990 et
639 2931 664 2990 si
672 2932 784 2991 feratur
793 2930 940 2994 sententia
951 2936 1163 3006 contessum,

136 3015 202 3092 ipso
216 3033 277 3076 nou
291 3017 393 3092 citato,
408 3018 553 3080 sententia
566 3020 604 3080 sit
617 3021 721 3093 nulle(
742 3025 763 3091 ).
838 3057 839 3064 κ

166 3173 203 3240 (Ι)
220 3174 390 3228 promotores
403 3175 509 3228 fiscales
528 3179 641 3242 possunt
653 3189 713 3228 esse
737 3176 837 3242 plures,
852 3180 879 3230 et
899 3177 1014 3242 possunt
1031 3178 1164 3234 revocari.

135 3273 166 3284 -
180 3246 216 3311 tl)
230 3243 399 3310 Pellegrinus
414 3246 458 3300 cit.
473 3253 543 3312 part
558 3248 584 3306 d,
599 3251 665 3309 sect,
682 3249 704 3311 1,
719 3262 746 3300 n.
762 3246 810 3308 li.
829 3248 909 3312 -,(3)
925 3247 966 3300 Ex
977 3249 1057 3315 praxi
1073 3251 1165 3303 tamen

134 3318 281 3372 multarum
302 3316 594 3378 curiarum,Prom0tor
618 3319 717 3374 fiscalis
735 3332 767 3370 ee
792 3322 895 3372 tantum
910 3320 1026 3384 peragit,
1050 3333 1115 3386 qua
1128 3318 1163 3372 ad

135 3387 278 3438 cuminum
291 3388 479 3440 coercitionem
500 3392 639 3455 spectant,
652 3393 679 3442 et
697 3389 799 3443 nilnem
812 3391 908 3452 saltem
921 3389 949 3443 in
962 3389 1014 3442 heo
1028 3394 1106 3456 parts
1119 3404 1163 3442 re=

135 3459 176 3508 ote
190 3469 270 3508 snum
279 3456 543 3521 impleretoffioiuml
552 3459 610 3514 Hoc
621 3460 869 3526 plena-dolendum,
883 3460 954 3528 quod
965 3459 1083 3524 officium
1093 3461 1163 3518 adeo

134 3533 183 3585 pro
197 3525 268 3578 hono
282 3527 409 3581 Ecclesia
419 3529 602 3582 necessarium
623 3527 784 3596 negligetur,
809 3535 867 3585 siue
890 3532 917 3585 id
931 3530 978 3584 flat
1000 3545 1034 3584 ex
1053 3531 1162 3590 ddecus

135 3596 311 3660 adpetentis
325 3596 471 3661 honorarii,
483 3598 540 3658 sive
551 3599 615 3664 quia
628 3614 682 3654 non
695 3607 808 3668 palatim
816 3603 1007 3670 peccantium.
1023 3603 1110 3658 Porro
1123 3618 1161 3661 sa
