2410 4068
596 175 756 233 ..224-

153 295 302 356 deteriora
319 296 504 371 temporibus
517 313 591 358 usus
605 297 738 378 incaluit,
757 304 791 358 ut
804 298 966 376 pensiones
985 313 1040 375 pro
1060 296 1171 358 clericis
1200 305 1201 376 l

153 383 305 460 divitibus,
319 391 350 444 et
363 385 452 445 etiam
468 403 524 462 pro
542 385 625 447 laicis
639 404 720 464 saepe
734 403 804 448 cum
818 385 911 446 nimio
924 386 1169 460 beneficiatorum,

153 471 406 549 ecclesiarumque
428 474 602 550 praejudicio
624 476 888 549 constituerentur,
907 475 958 535 cui
973 477 1053 536 malo
1072 476 1169 535 sumum
1200 497 1201 554 q

153 561 317 624 Pontifices
330 569 360 622 et
373 562 503 624 concilio
516 563 636 640 optimis
649 565 857 626 sanctionibus
867 571 1067 626 occurrerunt
1079 567 1127 636 (1).

183 733 219 799 (1)
234 731 375 802 Salvaggio
387 735 454 786 Inst.
470 735 536 788 Can.
550 736 570 788 1.
581 735 606 796 t,
622 739 642 788 t.
655 737 694 788 22.

1200 863 1201 900 l

188 943 252 1000 1131.
271 943 341 999 llaec
358 938 463 1016 pensio
476 940 525 999 vel
544 939 706 1016 imponitur
721 955 860 1018 persone
883 938 986 1000 clerici
1004 939 1168 1012 beneficiati,
1200 931 1201 1018 l

153 1028 232 1089 etad
243 1045 310 1088 earn
321 1028 520 1104 prestandum
531 1030 601 1104 ejus
609 1045 775 1088 successor
790 1033 984 1088 non‘teuetur
995 1033 1039 1102 (ll
1049 1047 1056 1102 3
1068 1031 1113 1089 rel
1124 1029 1171 1105 ipsi

152 1117 298 1177 benefida
316 1116 489 1192 imponitur,
506 1123 535 1176 et
557 1119 595 1178 ad
617 1135 683 1178 eam
706 1118 908 1195 praestandam
931 1122 1051 1178 tenetur
1072 1118 1171 1178 nedum

154 1223 320 1280 successor,
333 1207 387 1265 sed
404 1205 493 1266 etiam
507 1223 563 1281 pro
581 1213 717 1282 tempore
730 1207 893 1267 vacationis
907 1207 1046 1266 beneficii
1056 1223 1171 1267 wono-

153 1312 222 1357 mus
241 1299 291 1368 (Ξ).
311 1295 435 1370 insuper
456 1295 560 1371 pensio
579 1297 627 1356 vel
652 1296 792 1356 statuitur
812 1296 851 1355 ad
873 1303 1001 1370 tempera,
1018 1313 1067 1356 ex.
1084 1313 1127 1372 gr.
1140 1294 1172 1354 ad

154 1384 245 1444 vitam
265 1383 455 1459 passionarii,
476 1401 537 1459 quo
560 1401 632 1444 casu
653 1391 698 1444 est
714 1385 814 1457 realia,
831 1391 861 1444 et
879 1384 1048 1460 personalis
1070 1383 1170 1455 mixta,

154 1473 253 1545 realis,
270 1479 417 1548 quatenus
430 1472 519 1531 debet
538 1473 706 1548 praestaria
727 1471 949 1533 successore'in
967 1471 1113 1532 beneflcio
1126 1470 1171 1546 ipsi

155 1559 345 1636 pensionan’o
369 1561 489 1634 viventi,
505 1569 535 1621 et
555 1561 732 1637 personalis,
748 1567 895 1638 quatenus
916 1560 1100 1637 extinguitur
1113 1575 1171 1619 cunr

155 1647 336 1726 passionarii
349 1665 494 1724 persona:
506 1649 554 1708 vel
563 1649 700 1710 statuitur
714 1649 743 1708 in
758 1655 947 1725 perpetuum,
960 1656 989 1708 et
1002 1655 1076 1708 tunc
1091 1647 1172 1708 induit

155 1742 293 1796 naturam
306 1735 466 1806 servitutis,
482 1753 541 1812 qua
556 1755 632 1798 onus
651 1738 682 1796 iu
697 1754 758 1798 uno
774 1736 921 1797 beneficio
938 1736 1123 1796 constituitur
1135 1737 1171 1794 fa·

155 1842 226 1886 vore
247 1824 377 1897 alterius,
398 1831 431 1884 ut
451 1825 481 1884 in
505 1843 597 1886 censu
617 1831 667 1900 (3).
685 1832 716 1886 lu
737 1834 819 1886 certa
837 1831 932 1901 parte,
951 1827 1001 1886 vel
1022 1825 1172 1910 quantitate

156 1913 262 1991 pensio
280 1912 486 1976 constituenda
505 1922 561 1989 est,
577 1933 625 1975 ex.
641 1932 686 1990 gr.
704 1915 735 1972 iu
749 1921 887 1987 eentum,
907 1913 936 1972 in
958 1913 1171 1990 quinquaginta,

157 2019 218 2062 nou
229 2017 302 2062 vero
316 2001 346 2059 iu
358 2011 462 2077 quota,
472 2020 521 2062 ex.
536 2019 582 2078 gr.
599 2003 630 2062 in
644 2003 775 2078 dimidia,
790 2003 820 2062 iu
837 2002 922 2062 tertia
937 2009 1022 2077 parte
1033 2003 1172 2062 fructuum

156 2091 225 2166 quia
240 2089 265 2148 si
278 2090 337 2149 hoc
350 2091 444 2164 lieret,
460 2091 558 2167 ipsum
571 2090 749 2152 heneficium
765 2091 964 2164 scinderetur,
980 2098 1011 2152 et
1026 2091 1090 2152 idea
1108 2107 1170 2166 pen·

157 2179 250 2239 aionis
278 2187 471 2240 evanesceret
493 2183 544 2251 (l).
569 2179 613 2240 llil
635 2187 734 2240 tamen
756 2179 912 2256 prohibet,
938 2181 1095 2256 quominus
1118 2181 1172 2239 haec

158 2276 240 2328 certa
254 2269 403 2344 quantitas
416 2269 447 2328 iu
461 2269 655 2328 determinata
668 2268 767 2343 tritici,
780 2265 849 2342 uini,
861 2267 956 2328 oleive
970 2285 1118 2342 mensura,
1132 2269 1172 2326 vel

157 2355 187 2416 in
208 2357 342 2433 pecuniae
361 2374 480 2417 summa
495 2364 651 2428 statuatur,
666 2357 758 2419 modo
779 2358 855 2416 adeo
875 2357 994 2417 modica
1014 2359 1064 2431 sit,
1078 2365 1110 2418 ut
1128 2371 1173 2434 per

157 2445 366 2506 beneficiatum
378 2447 499 2522 absquae
510 2445 743 2518 sustentationis,
759 2445 866 2505 debitae
879 2444 1095 2522 hospitalitatis,
1110 2463 1172 2521 pau-

158 2551 275 2611 perum,
299 2535 498 2610 Ecclesieque
526 2551 588 2594 suae
602 2534 789 2594 'detrimento
811 2535 898 2594 facile
920 2542 1011 2610 queat
1036 2532 1171 2594 sustineri.

158 2628 319 2701 Propterea
329 2641 383 2698 per
393 2623 595 2683 Tridentiuum
608 2629 752 2682 statutum
762 2622 827 2697 luit,
836 2641 876 2684 ue
887 2629 1012 2700 possent
1026 2623 1173 2698 pensiones

158 2706 271 2785 imponi
286 2707 424 2767 Ecclesiis
439 2706 668 2783 cathedralibus,
684 2723 752 2783 quae
769 2723 810 2766 ex
823 2707 968 2768 fructibus
985 2707 1074 2767 certis
1087 2708 1172 2766 salvos

159 2811 221 2855 non
235 2796 380 2855 haberent
399 2794 479 2854 mille
496 2796 632 2870 ducatos,
648 2802 679 2856 et
695 2795 928 2878 parochialibus,
944 2811 1011 2872 quae
1027 2814 1086 2856 uon
1100 2795 1172 2856 habe·

159 2892 227 2945 rent
241 2885 340 2944 salvos
352 2885 458 2943 saltem
473 2891 594 2944 centum
608 2889 659 2958 (5).
673 2889 717 2944 Ex
737 2878 830 2947 Curiae
851 2889 990 2946 Romane
1012 2883 1099 2962 praxi
1110 2899 1172 2960 pen·

160 2971 260 3031 aiones
273 2971 355 3031 nullo
366 2969 396 3030 iu
411 2989 481 3032 casu
494 2979 607 3049 queunt
621 2973 738 3034 tertiam
752 2980 803 3034 aut
817 2975 855 3034 ad
870 2969 1020 3036 summum
1034 2972 1173 3034 dimidiam

158 3061 311 3121 fructuum
330 3067 448 3138 partem
467 3062 626 3136 excedere,
647 3079 708 3123 uon
733 3063 911 3139 computatis
931 3061 1174 3124 distributionibus

160 3147 350 3226 quotidianis,
366 3167 433 3228 quae
451 3149 572 3211 nomine
586 3151 738 3214 fructuum
755 3151 786 3211 in
808 3153 867 3214 hoc
881 3168 954 3212 casu
970 3169 1032 3212 nun
1046 3150 1171 3220 renium

161 3235 246 3298 aliter
259 3239 420 3316 pensiones
433 3239 531 3302 forent
544 3239 748 3301 immoderatae
763 3245 774 3312 (
793 3246 815 3314 ).

196 3411 228 3475 (1)
242 3411 331 3476 fluns
342 3411 479 3478 pensionis
493 3414 647 3480 exemplum
661 3413 793 3468 habemus
806 3414 837 3466 in
847 3426 906 3480 cap.
920 3414 949 3466 tl
966 3414 1000 3467 de
1015 3415 1099 3482 praeb.
1108 3438 1135 3452 -
1144 3409 1174 3475 (i)

163 3481 288 3548 Pirhing.
305 3486 337 3533 ut
353 3484 419 3534 eccl.
440 3483 502 3536 ben.
522 3485 581 3536 sine
600 3485 664 3537 dim.
685 3485 753 3538 coni.
774 3500 800 3538 u.
821 3485 861 3537 20.
881 3485 953 3538 lllud
971 3491 1096 3539 notamus
1114 3479 1174 3550 quod

164 3551 259 3618 pensio
277 3553 423 3606 constituta
439 3567 458 3605 a
476 3555 552 3622 Papa
569 3561 698 3610 oensetur
714 3557 796 3610 realis
813 3561 840 3610 et
855 3557 982 3624 imposita
994 3557 1121 3612 beneflcio
1132 3549 1176 3606 uisi
