2492 4020
588 215 696 272 ..102
715 241 750 254 ..

54 321 56 326 ’
163 343 214 398 tua
234 343 332 398 temen
352 342 567 410 penestrinae
591 333 747 405 medicina,
766 335 846 396 utin
870 292 991 410 aptotis
1013 339 1114 410 potest
1132 353 1196 396 au·

162 425 233 485 ferri
247 428 297 497 (³).
314 428 343 482 ΞΟ
357 423 385 484 si
399 423 573 499 impotentia
586 423 623 483 sit
640 424 811 499 temporalis
824 424 914 484 etiam
930 424 1113 484 antecedens
1128 440 1194 486 nou

162 514 248 596 affert
257 512 501 588 impedimentum
510 513 660 584 dirimens,
669 513 736 588 quia
746 511 1011 588 adimplementum
1021 511 1112 572 debiti
1122 530 1194 572 oon·

148 601 268 677 'jugalis
287 617 347 660 non
371 601 491 674 tollitur,
507 601 560 660 scd
579 607 693 662 tantum
715 602 890 660 transfertur
911 601 941 660 in
964 599 1036 660 illud
1057 609 1194 677 tompus,

163 705 223 765 quo
237 691 351 763 conjux
364 690 474 764 poterit
485 689 557 748 illud
569 691 685 749 solvere
695 694 746 762 (t).
762 695 792 749 3ο
805 690 835 750 si
847 689 1022 766 impotentia
1034 689 1073 750 sit
1086 689 1198 751 subse·

163 795 268 854 quens,
284 778 342 838 hoo
356 785 402 838 est
416 778 527 838 oriatur
541 784 609 853 post
625 783 813 837 contractum
827 777 1058 851 matrimonium,
1073 777 1149 839 dum
1163 779 1197 839 in

162 873 232 927 actu
250 866 396 927 contracti
413 865 594 926 matrimonii
614 867 726 941 coniux
745 873 811 926 crat
829 865 946 940 habilis,
966 865 1196 928 matrimonium

163 969 224 1014 non
237 954 359 1029 dirimit,
374 954 489 1014 etiamsi
502 953 601 1030 ipsum
614 953 652 1014 sit
665 960 780 1013 tantum
793 960 902 1027 ratum,
918 961 948 1014 et
963 953 1139 1031 impotentia
1153 957 1197 1018 eit

163 1051 328 1120 perpetua:
347 1059 417 1102 nem
439 1042 661 1104 matrimonium
677 1041 776 1104 valide
795 1042 850 1102 luit
868 1049 1067 1119 contractum,
1085 1049 1118 1104 et
1135 1061 1198 1121 per

163 1133 423 1210 supervenientem
437 1133 643 1208 impotentiam
653 1147 714 1191 non
727 1131 872 1206 solvitur(
892 1137 913 1205 ).

199 1221 376 1298 impotentia
394 1221 425 1280 in
446 1237 537 1302 sensu
554 1220 658 1297 primae
675 1221 785 1296 regulae
799 1220 889 1280 debet
905 1235 973 1282 esse
987 1225 1080 1296 certa,
1094 1220 1127 1281 id
1146 1229 1198 1284 est

163 1308 350 1369 evidentibus
375 1309 477 1385 signis,
500 1309 548 1369 vel
572 1308 710 1386 legitimis
732 1309 919 1369 documentis
942 1309 1091 1386 probata,
1116 1311 1197 1372 eliae

163 1398 301 1457 standum
315 1408 360 1456 est
380 1413 437 1474 pro
460 1397 641 1458 matrimonii
654 1397 818 1458 validitate.
837 1397 937 1457 sedin
957 1399 1027 1472 hoc,
1043 1405 1078 1458 ut
1096 1399 1197 1476 pluri·

162 1501 256 1561 mum,
277 1486 414 1560 haeretur,
431 1485 501 1562 quia
514 1484 638 1546 dubium
656 1491 711 1558 est,
727 1503 765 1546 an
783 1485 957 1564 impotentia
975 1487 1013 1546 sit
1031 1494 1195 1564 perpetua,

43 1597 45 1604 ¹
162 1575 209 1634 vel
220 1575 402 1650 temporalis,
418 1592 456 1636 an
470 1573 657 1651 praecesserit
669 1573 901 1650 matrimonium,
914 1576 962 1636 vel
971 1583 1077 1653 postea
1090 1593 1198 1654 super·

162 1662 286 1724 venerit.
298 1664 341 1724 Ad
355 1664 420 1724 haec
431 1670 531 1724 tamen
546 1663 637 1724 dubia
646 1665 790 1730 solvenda
804 1664 891 1725 ualde
903 1672 1029 1740 prosunt
1042 1682 1198 1742 praesum·

162 1751 298 1828 ptiones:
314 1753 343 1812 in
358 1752 449 1812 dubio
465 1751 554 1826 enim,
573 1769 610 1811 en
627 1753 801 1830 impotentia
815 1754 1011 1828 precesserit,
1026 1756 1075 1814 vel
1089 1771 1199 1831 super·

163 1839 287 1914 venerit,
303 1843 494 1918 praesumitur
507 1841 708 1918 praecessisse,
720 1841 745 1902 si
757 1843 795 1902 sit
809 1841 949 1902 naturalis
961 1849 991 1903 et
1005 1841 1174 1905 intrinseca
1189 1865 1196 1906 :

163 1929 314 2006 quiaque
334 1937 473 1990 enatura
493 1937 573 2004 sunt,
587 1947 707 2007 semper
735 1931 865 1992 adfuisse
882 1937 1058 2003 censentur,
1074 1929 1101 1990 si
1118 1947 1196 1996 vero

163 2019 201 2080 sit
214 2017 405 2078 accidentalis
418 2025 449 2079 et
462 2019 646 2091 extrinseca,
662 2026 734 2079 tunc
747 2019 934 2096 praesumitur
958 2019 1196 2096 supervenisse,

162 2107 292 2168 maxime
307 2123 377 2166 cum
393 2107 566 2167 reclamatio
581 2113 686 2167 contra
699 2125 766 2168 eam
784 2115 852 2184 post
871 2109 999 2167 multum
1011 2109 1165 2183 temporis
1179 2127 1199 2169 a

163 2201 318 2255 contracto
337 2193 527 2254 matrimonio
546 2187 723 2272 proponitur
742 2199 791 2266 (6).
811 2200 843 2255 ln
863 2195 920 2256 alio
935 2212 1007 2255 vero
1024 2194 1131 2268 dubio,
1157 2215 1198 2257 an

163 2282 200 2342 sit
218 2290 372 2359 perpetua,
388 2284 436 2343 vel
457 2284 639 2359 temporalis,
659 2283 822 2345 recurritur
840 2284 878 2344 ad
903 2283 1047 2344 triennale
1068 2286 1197 2360 experi-

162 2377 306 2445 mentum,
322 2372 380 2432 hoc
389 2379 449 2445 est,
463 2372 641 2448 conjugibus
654 2371 814 2432 triennium
828 2371 1014 2446 conceditur,
1025 2389 1086 2448 quo
1100 2371 1199 2434 simrd

162 2459 273 2534 vivant,
292 2467 322 2521 et
342 2463 504 2538 conjugum
523 2460 630 2521 ciliciis
651 2459 812 2536 fungantur
831 2466 891 2535 (l);
914 2468 945 2521 et
965 2478 1003 2522 eo
1020 2461 1141 2538 elapso,
1161 2480 1199 2525 ec

161 2548 351 2612 matrimonio
369 2567 430 2610 non
448 2557 664 2624 consummem,
679 2548 853 2626 impotentia
874 2549 1064 2628 praesumitur
1078 2567 1198 2629 perpe-

164 2644 214 2700 tua
227 2642 278 2711 (8).

197 2731 368 2804 Propterea,
382 2723 547 2788 observatis
567 2724 788 2786 conditionibus
809 2743 826 2787 a
846 2727 915 2804 jure
936 2726 1151 2804 prescriptis(
1174 2735 1197 2806 ),

161 2817 309 2876 sententia
322 2813 463 2876 nullitatis
480 2814 660 2875 matrimonii
678 2816 838 2891 profertur,
855 2817 1000 2894 coniuges
1018 2816 1123 2877 statim
1145 2835 1198 2880 se·

161 2909 314 2982 parantur,
342 2902 482 2964 defensor
504 2903 762 2966 matrimoniorum
789 2905 920 2980 appellat
937 2906 976 2964 ad
999 2904 1199 2982 superiorem

158 2991 300 3068 jndicem,
314 2991 337 3051 si
353 2991 499 3052 sententia
511 2991 732 3052 matrimonium
745 2992 897 3066 dissolvat,
914 2999 944 3053 et
956 2992 990 3053 dt
1004 3009 1101 3054 novus
1115 3011 1199 3070 pro·

161 3097 263 3142 cessus
277 3080 315 3140 ed
325 3081 452 3140 formam
466 3080 684 3162 constitutionis
692 3080 842 3142 Benedicti
856 3085 915 3142 llll
928 3083 999 3154 (10).
1010 3081 1040 3142 Si
1051 3087 1199 3147 secunda

160 3168 308 3230 sententia
320 3167 359 3228 sit
372 3168 475 3244 primae
486 3169 658 3243 conformis,
669 3176 700 3230 ct
712 3174 839 3245 utraque
849 3170 1017 3232 nullitatem
1030 3171 1196 3250 decernat,

160 3259 231 3318 novi
249 3257 370 3318 ineundi
392 3256 574 3318 matrimonii
592 3259 718 3318 facultas
736 3258 911 3320 conceditur
930 3259 973 3320 illi
986 3261 1119 3337 conjugi,
1139 3266 1198 3340 qui

157 3345 308 3424 impotens
328 3363 389 3405 non
406 3354 462 3419 est,
477 3347 526 3406 vel
545 3347 663 3422 utrique
681 3347 851 3423 contagiet
874 3347 1049 3424 impotentia
1064 3349 1104 3407 sit
1119 3355 1196 3410 tan-

160 3445 224 3496 tum
233 3434 406 3511 respective,
420 3435 534 3496 scilicet
544 3435 622 3496 inter
632 3437 787 3513 conjuges,
799 3444 828 3497 et
837 3453 899 3498 non
912 3437 1011 3513 quoad
1025 3435 1103 3496 elios
1112 3443 1142 3509 (l
1153 3444 1195 3510 Ι).

160 3525 218 3584 sed
238 3523 311 3584 illud
334 3524 513 3598 notandum,
530 3524 611 3599 quod
626 3524 831 3602 hujuscemodi
844 3524 998 3587 sententie
1017 3540 1196 3601 numquam

159 3619 314 3678 transeunt
326 3612 356 3676 in
366 3631 431 3678 rem
441 3613 604 3692 iudicatam
613 3618 672 3690 (tt)
684 3632 691 3675 :
704 3613 786 3677 uode
795 3615 822 3676 si
835 3614 957 3692 conjux,
970 3612 1194 3691 qujuutcatus
