<?xml version="1.0" encoding="UTF-8"?>
<!DOCTYPE html PUBLIC "-//W3C//DTD XHTML 1.0 Transitional//EN"
    "http://www.w3.org/TR/xhtml1/DTD/xhtml1-transitional.dtd">
<html xmlns="http://www.w3.org/1999/xhtml" xml:lang="en" lang="en">
 <head>
  <title>
</title>
<meta http-equiv="Content-Type" content="text/html;charset=utf-8" />
  <meta name='ocr-system' content='tesseract 3.04.00' />
  <meta name='ocr-capabilities' content='ocr_page ocr_carea ocr_par ocr_line ocrx_word'/>
</head>
<body>
  <div class='ocr_page' id='page_1' title='image "./summainstitutio01ferrgoog_0532.png"; bbox 0 0 2560 4080; ppageno 0'>
   <div class='ocr_carea' id='block_1_1' title="bbox 548 165 707 222">
    <p class='ocr_par' dir='ltr' id='par_1_1' title="bbox 548 165 707 222">
     <span class='ocr_line' id='line_1_1' title="bbox 548 165 707 222; baseline -0.006 0"><span class='ocrx_word' id='word_1_1' title='bbox 548 195 579 210; x_wconf 85' lang='lat'>·-</span> <span class='ocrx_word' id='word_1_2' title='bbox 590 165 649 222; x_wconf 75' lang='lat' dir='ltr'>etl</span> <span class='ocrx_word' id='word_1_3' title='bbox 671 193 707 206; x_wconf 90' lang='lat'>·-</span> 
     </span>
    </p>
   </div>
   <div class='ocr_carea' id='block_1_2' title="bbox 105 289 1130 506">
    <p class='ocr_par' dir='ltr' id='par_1_2' title="bbox 105 289 1130 506">
     <span class='ocr_line' id='line_1_2' title="bbox 107 289 1130 360; baseline -0.002 -11"><span class='ocrx_word' id='word_1_4' title='bbox 107 295 244 348; x_wconf 74' lang='lat' dir='ltr'>reemmto</span> <span class='ocrx_word' id='word_1_5' title='bbox 254 291 449 360; x_wconf 82' lang='lat' dir='ltr'>pertibnsjnne</span> <span class='ocrx_word' id='word_1_6' title='bbox 459 301 551 343; x_wconf 86' lang='lat' dir='ltr'>coram</span> <span class='ocrx_word' id='word_1_7' title='bbox 564 289 776 356; x_wconf 73' lang='lat' dir='ltr'><strong>congregatione</strong></span> <span class='ocrx_word' id='word_1_8' title='bbox 789 290 890 356; x_wconf 72' lang='lat' dir='ltr'>egendi</span> <span class='ocrx_word' id='word_1_9' title='bbox 904 290 939 343; x_wconf 90' lang='lat' dir='ltr'>ad</span> <span class='ocrx_word' id='word_1_10' title='bbox 946 289 1030 344; x_wconf 71' lang='lat' dir='ltr'>dedali</span> <span class='ocrx_word' id='word_1_11' title='bbox 1040 293 1130 348; x_wconf 60' lang='lat' dir='ltr'>&#39;rotor-</span> 
     </span>
     <span class='ocr_line' id='line_1_3' title="bbox 105 360 1129 432; baseline -0.013 -13"><span class='ocrx_word' id='word_1_12' title='bbox 105 367 266 426; x_wconf 86' lang='lat' dir='ltr'>mationem;</span> <span class='ocrx_word' id='word_1_13' title='bbox 281 365 304 418; x_wconf 91' lang='lat' dir='ltr'>si</span> <span class='ocrx_word' id='word_1_14' title='bbox 317 377 381 417; x_wconf 82' lang='lat' dir='ltr'>vero</span> <span class='ocrx_word' id='word_1_15' title='bbox 394 376 450 416; x_wconf 88' lang='lat' dir='ltr'>una</span> <span class='ocrx_word' id='word_1_16' title='bbox 459 376 492 414; x_wconf 84' lang='lat' dir='ltr'>ex</span> <span class='ocrx_word' id='word_1_17' title='bbox 505 361 630 428; x_wconf 86' lang='lat' dir='ltr'>partibus</span> <span class='ocrx_word' id='word_1_18' title='bbox 644 360 680 413; x_wconf 89' lang='lat' dir='ltr'>sit</span> <span class='ocrx_word' id='word_1_19' title='bbox 693 363 846 426; x_wconf 84' lang='lat' dir='ltr'>contumax,</span> <span class='ocrx_word' id='word_1_20' title='bbox 862 362 976 416; x_wconf 89' lang='lat' dir='ltr'>dubium</span> <span class='ocrx_word' id='word_1_21' title='bbox 990 377 1069 432; x_wconf 66' lang='lat' dir='ltr'>aeque</span> <span class='ocrx_word' id='word_1_22' title='bbox 1083 365 1129 422; x_wconf 59' lang='lat' dir='ltr'>gg..</span> 
     </span>
     <span class='ocr_line' id='line_1_4' title="bbox 105 435 522 506; baseline -0.019 -14"><span class='ocrx_word' id='word_1_23' title='bbox 105 442 206 506; x_wconf 85' lang='lat' dir='ltr'>matur,</span> <span class='ocrx_word' id='word_1_24' title='bbox 220 438 360 504; x_wconf 78' lang='lat' dir='ltr'>eidemque</span> <span class='ocrx_word' id='word_1_25' title='bbox 375 435 522 488; x_wconf 89' lang='lat' dir='ltr'>intimatur.</span> 
     </span>
    </p>
   </div>
   <div class='ocr_carea' id='block_1_3' title="bbox 100 619 1132 2484">
    <p class='ocr_par' dir='ltr' id='par_1_3' title="bbox 100 619 1132 2484">
     <span class='ocr_line' id='line_1_5' title="bbox 140 619 1129 703; baseline -0.004 -15"><span class='ocrx_word' id='word_1_26' title='bbox 140 629 204 703; x_wconf 75' lang='lat'><strong>920.</strong></span> <span class='ocrx_word' id='word_1_27' title='bbox 218 629 311 686; x_wconf 90' lang='lat' dir='ltr'>causa</span> <span class='ocrx_word' id='word_1_28' title='bbox 322 623 430 685; x_wconf 87' lang='lat' dir='ltr'>deinde</span> <span class='ocrx_word' id='word_1_29' title='bbox 440 621 481 682; x_wconf 89' lang='lat' dir='ltr'>ita</span> <span class='ocrx_word' id='word_1_30' title='bbox 494 625 648 696; x_wconf 88' lang='lat' dir='ltr'>tractatur,</span> <span class='ocrx_word' id='word_1_31' title='bbox 662 619 813 695; x_wconf 92' lang='lat' dir='ltr'>nimirum,</span> <span class='ocrx_word' id='word_1_32' title='bbox 826 621 1010 682; x_wconf 87' lang='lat' dir='ltr'>concordato</span> <span class='ocrx_word' id='word_1_33' title='bbox 1026 622 1129 700; x_wconf 91' lang='lat' dir='ltr'>dubio,</span> 
     </span>
     <span class='ocr_line' id='line_1_6' title="bbox 103 705 1131 788; baseline -0.004 -8"><span class='ocrx_word' id='word_1_34' title='bbox 103 714 282 780; x_wconf 81' lang='lat' dir='ltr'>secretarius</span> <span class='ocrx_word' id='word_1_35' title='bbox 294 719 323 776; x_wconf 86' lang='lat' dir='ltr'>S.</span> <span class='ocrx_word' id='word_1_36' title='bbox 340 705 583 788; x_wconf 75' lang='lat' dir='ltr'>congregationis</span> <span class='ocrx_word' id='word_1_37' title='bbox 597 709 678 771; x_wconf 90' lang='lat' dir='ltr'>diem</span> <span class='ocrx_word' id='word_1_38' title='bbox 691 709 829 787; x_wconf 80' lang='lat' dir='ltr'>praefinit,</span> <span class='ocrx_word' id='word_1_39' title='bbox 843 729 903 788; x_wconf 84' lang='lat' dir='ltr'>quo</span> <span class='ocrx_word' id='word_1_40' title='bbox 919 729 1010 772; x_wconf 83' lang='lat' dir='ltr'>eausa</span> <span class='ocrx_word' id='word_1_41' title='bbox 1026 729 1131 776; x_wconf 88' lang='lat' dir='ltr'>coram</span> 
     </span>
     <span class='ocr_line' id='line_1_7' title="bbox 103 800 1132 882; baseline -0.004 -14"><span class='ocrx_word' id='word_1_42' title='bbox 103 804 339 882; x_wconf 76' lang='lat' dir='ltr'>congregatione</span> <span class='ocrx_word' id='word_1_43' title='bbox 352 808 548 879; x_wconf 80' lang='lat' dir='ltr'>proponatur,</span> <span class='ocrx_word' id='word_1_44' title='bbox 564 800 679 861; x_wconf 86' lang='lat' dir='ltr'>etintra</span> <span class='ocrx_word' id='word_1_45' title='bbox 688 818 743 862; x_wconf 84' lang='lat' dir='ltr'>xxx</span> <span class='ocrx_word' id='word_1_46' title='bbox 755 800 897 862; x_wconf 82' lang='lat' dir='ltr'>diesante</span> <span class='ocrx_word' id='word_1_47' title='bbox 911 802 990 862; x_wconf 90' lang='lat' dir='ltr'>diem</span> <span class='ocrx_word' id='word_1_48' title='bbox 1004 803 1132 864; x_wconf 88' lang='lat' dir='ltr'>destina·</span> 
     </span>
     <span class='ocr_line' id='line_1_8' title="bbox 103 891 1130 970; baseline -0.004 -14"><span class='ocrx_word' id='word_1_49' title='bbox 103 901 143 956; x_wconf 84' lang='lat' dir='ltr'>tae</span> <span class='ocrx_word' id='word_1_50' title='bbox 158 891 401 970; x_wconf 88' lang='lat' dir='ltr'>congregationis</span> <span class='ocrx_word' id='word_1_51' title='bbox 414 898 513 967; x_wconf 87' lang='lat' dir='ltr'>partes</span> <span class='ocrx_word' id='word_1_52' title='bbox 528 891 744 951; x_wconf 80' lang='lat' dir='ltr'>contendentes</span> <span class='ocrx_word' id='word_1_53' title='bbox 758 907 861 952; x_wconf 87' lang='lat' dir='ltr'>coram</span> <span class='ocrx_word' id='word_1_54' title='bbox 879 891 986 951; x_wconf 89' lang='lat' dir='ltr'>eodem</span> <span class='ocrx_word' id='word_1_55' title='bbox 1000 899 1130 955; x_wconf 86' lang='lat' dir='ltr'>secreto-</span> 
     </span>
     <span class='ocr_line' id='line_1_9' title="bbox 103 978 1131 1058; baseline -0.003 -13"><span class='ocrx_word' id='word_1_56' title='bbox 103 984 162 1058; x_wconf 91' lang='lat' dir='ltr'>rio,</span> <span class='ocrx_word' id='word_1_57' title='bbox 175 984 224 1043; x_wconf 87' lang='lat' dir='ltr'>vel</span> <span class='ocrx_word' id='word_1_58' title='bbox 237 982 267 1042; x_wconf 90' lang='lat' dir='ltr'>in</span> <span class='ocrx_word' id='word_1_59' title='bbox 282 983 346 1058; x_wconf 84' lang='lat' dir='ltr'>ejus</span> <span class='ocrx_word' id='word_1_60' title='bbox 360 979 506 1040; x_wconf 89' lang='lat' dir='ltr'>auditorio</span> <span class='ocrx_word' id='word_1_61' title='bbox 523 985 660 1040; x_wconf 88' lang='lat' dir='ltr'>tenentur</span> <span class='ocrx_word' id='word_1_62' title='bbox 678 979 820 1040; x_wconf 81' lang='lat' dir='ltr'>exhibere</span> <span class='ocrx_word' id='word_1_63' title='bbox 835 978 934 1040; x_wconf 90' lang='lat' dir='ltr'>omnia</span> <span class='ocrx_word' id='word_1_64' title='bbox 949 979 1131 1042; x_wconf 87' lang='lat' dir='ltr'>documenta</span> 
     </span>
     <span class='ocr_line' id='line_1_10' title="bbox 103 1067 1131 1144; baseline -0.002 -11"><span class='ocrx_word' id='word_1_65' title='bbox 103 1073 135 1133; x_wconf 85' lang='lat' dir='ltr'>in</span> <span class='ocrx_word' id='word_1_66' title='bbox 156 1073 253 1134; x_wconf 85' lang='lat' dir='ltr'>forma</span> <span class='ocrx_word' id='word_1_67' title='bbox 275 1069 456 1142; x_wconf 88' lang='lat' dir='ltr'>authentica,</span> <span class='ocrx_word' id='word_1_68' title='bbox 477 1069 649 1144; x_wconf 87' lang='lat' dir='ltr'>earumque</span> <span class='ocrx_word' id='word_1_69' title='bbox 662 1067 854 1144; x_wconf 80' lang='lat' dir='ltr'>allegationes</span> <span class='ocrx_word' id='word_1_70' title='bbox 878 1067 969 1129; x_wconf 90' lang='lat' dir='ltr'>latino</span> <span class='ocrx_word' id='word_1_71' title='bbox 991 1086 1131 1132; x_wconf 89' lang='lat' dir='ltr'>sermone</span> 
     </span>
     <span class='ocr_line' id='line_1_11' title="bbox 105 1156 1130 1236; baseline -0.007 -13"><span class='ocrx_word' id='word_1_72' title='bbox 105 1160 303 1236; x_wconf 85' lang='lat' dir='ltr'>conscriptas,</span> <span class='ocrx_word' id='word_1_73' title='bbox 318 1165 349 1219; x_wconf 92' lang='lat' dir='ltr'>et</span> <span class='ocrx_word' id='word_1_74' title='bbox 362 1159 400 1218; x_wconf 89' lang='lat' dir='ltr'>ab</span> <span class='ocrx_word' id='word_1_75' title='bbox 420 1157 581 1231; x_wconf 89' lang='lat' dir='ltr'>advocatis,</span> <span class='ocrx_word' id='word_1_76' title='bbox 606 1158 654 1217; x_wconf 91' lang='lat' dir='ltr'>vel</span> <span class='ocrx_word' id='word_1_77' title='bbox 674 1156 921 1233; x_wconf 80' lang='lat' dir='ltr'>procuratoribus</span> <span class='ocrx_word' id='word_1_78' title='bbox 944 1157 1077 1217; x_wconf 84' lang='lat' dir='ltr'>officium</span> <span class='ocrx_word' id='word_1_79' title='bbox 1099 1158 1130 1216; x_wconf 91' lang='lat' dir='ltr'>in</span> 
     </span>
     <span class='ocr_line' id='line_1_12' title="bbox 104 1246 1131 1322; baseline -0.003 -12"><span class='ocrx_word' id='word_1_80' title='bbox 104 1249 191 1312; x_wconf 87' lang='lat' dir='ltr'>curia</span> <span class='ocrx_word' id='word_1_81' title='bbox 204 1253 336 1309; x_wconf 88' lang='lat' dir='ltr'>Romana</span> <span class='ocrx_word' id='word_1_82' title='bbox 350 1247 559 1308; x_wconf 84' lang='lat' dir='ltr'>exercentibus</span> <span class='ocrx_word' id='word_1_83' title='bbox 573 1246 771 1322; x_wconf 73' lang='lat' dir='ltr'>subsignanos,</span> <span class='ocrx_word' id='word_1_84' title='bbox 786 1262 916 1322; x_wconf 88' lang='lat' dir='ltr'>quorum</span> <span class='ocrx_word' id='word_1_85' title='bbox 935 1246 1015 1306; x_wconf 91' lang='lat' dir='ltr'>idem</span> <span class='ocrx_word' id='word_1_86' title='bbox 1026 1262 1131 1307; x_wconf 88' lang='lat' dir='ltr'>secre-</span> 
     </span>
     <span class='ocr_line' id='line_1_13' title="bbox 102 1335 1129 1413; baseline -0.003 -14"><span class='ocrx_word' id='word_1_87' title='bbox 102 1339 197 1400; x_wconf 87' lang='lat' dir='ltr'>tarius</span> <span class='ocrx_word' id='word_1_88' title='bbox 220 1338 251 1398; x_wconf 93' lang='lat' dir='ltr'>in</span> <span class='ocrx_word' id='word_1_89' title='bbox 275 1337 412 1413; x_wconf 88' lang='lat' dir='ltr'>apposito</span> <span class='ocrx_word' id='word_1_90' title='bbox 436 1336 506 1396; x_wconf 83' lang='lat' dir='ltr'>folio</span> <span class='ocrx_word' id='word_1_91' title='bbox 529 1335 723 1396; x_wconf 90' lang='lat' dir='ltr'>summarium</span> <span class='ocrx_word' id='word_1_92' title='bbox 742 1337 889 1396; x_wconf 84' lang='lat' dir='ltr'>efformet.</span> <span class='ocrx_word' id='word_1_93' title='bbox 910 1336 957 1396; x_wconf 89' lang='lat' dir='ltr'>sio</span> <span class='ocrx_word' id='word_1_94' title='bbox 981 1335 1129 1411; x_wconf 88' lang='lat' dir='ltr'>producta</span> 
     </span>
     <span class='ocr_line' id='line_1_14' title="bbox 101 1422 1127 1503; baseline -0.005 -14"><span class='ocrx_word' id='word_1_95' title='bbox 101 1435 208 1489; x_wconf 90' lang='lat' dir='ltr'>mutuo</span> <span class='ocrx_word' id='word_1_96' title='bbox 223 1427 357 1503; x_wconf 91' lang='lat' dir='ltr'>partibus</span> <span class='ocrx_word' id='word_1_97' title='bbox 370 1425 639 1498; x_wconf 87' lang='lat' dir='ltr'>communicantur,</span> <span class='ocrx_word' id='word_1_98' title='bbox 651 1430 684 1485; x_wconf 92' lang='lat' dir='ltr'>ut</span> <span class='ocrx_word' id='word_1_99' title='bbox 698 1424 812 1500; x_wconf 79' lang='lat' dir='ltr'>possint</span> <span class='ocrx_word' id='word_1_100' title='bbox 826 1425 1024 1501; x_wconf 89' lang='lat' dir='ltr'>respondere,</span> <span class='ocrx_word' id='word_1_101' title='bbox 1038 1441 1074 1484; x_wconf 90' lang='lat' dir='ltr'>ac</span> <span class='ocrx_word' id='word_1_102' title='bbox 1087 1422 1127 1484; x_wconf 90' lang='lat' dir='ltr'>si-</span> 
     </span>
     <span class='ocr_line' id='line_1_15' title="bbox 101 1512 1128 1589; baseline -0.005 -11"><span class='ocrx_word' id='word_1_103' title='bbox 101 1515 212 1578; x_wconf 88' lang='lat' dir='ltr'>militer</span> <span class='ocrx_word' id='word_1_104' title='bbox 231 1513 488 1578; x_wconf 86' lang='lat' dir='ltr'>communicantur</span> <span class='ocrx_word' id='word_1_105' title='bbox 501 1514 725 1589; x_wconf 87' lang='lat' dir='ltr'>responsiones,</span> <span class='ocrx_word' id='word_1_106' title='bbox 740 1513 827 1573; x_wconf 90' lang='lat' dir='ltr'>itaut</span> <span class='ocrx_word' id='word_1_107' title='bbox 841 1513 948 1574; x_wconf 71' lang='lat' dir='ltr'>uulnus</span> <span class='ocrx_word' id='word_1_108' title='bbox 967 1512 1025 1573; x_wconf 89' lang='lat' dir='ltr'>sint</span> <span class='ocrx_word' id='word_1_109' title='bbox 1038 1513 1128 1574; x_wconf 91' lang='lat' dir='ltr'>robo-</span> 
     </span>
     <span class='ocr_line' id='line_1_16' title="bbox 101 1591 1130 1681; baseline -0.005 -14"><span class='ocrx_word' id='word_1_110' title='bbox 101 1606 145 1668; x_wconf 88' lang='lat' dir='ltr'>ris</span> <span class='ocrx_word' id='word_1_111' title='bbox 168 1591 333 1681; x_wconf 76' lang='lat' dir='ltr'>scripturae,</span> <span class='ocrx_word' id='word_1_112' title='bbox 353 1603 447 1664; x_wconf 88' lang='lat' dir='ltr'>inscia</span> <span class='ocrx_word' id='word_1_113' title='bbox 468 1613 566 1679; x_wconf 91' lang='lat' dir='ltr'>parte,</span> <span class='ocrx_word' id='word_1_114' title='bbox 590 1609 786 1680; x_wconf 77' lang='lat' dir='ltr'>praesentatae,</span> <span class='ocrx_word' id='word_1_115' title='bbox 806 1609 836 1663; x_wconf 90' lang='lat' dir='ltr'>et</span> <span class='ocrx_word' id='word_1_116' title='bbox 857 1602 1069 1679; x_wconf 88' lang='lat' dir='ltr'>responsiones</span> <span class='ocrx_word' id='word_1_117' title='bbox 1091 1603 1130 1663; x_wconf 91' lang='lat' dir='ltr'>ab</span> 
     </span>
     <span class='ocr_line' id='line_1_17' title="bbox 102 1691 1129 1770; baseline -0.002 -14"><span class='ocrx_word' id='word_1_118' title='bbox 102 1695 266 1769; x_wconf 86' lang='lat' dir='ltr'>advocatis,</span> <span class='ocrx_word' id='word_1_119' title='bbox 280 1695 328 1756; x_wconf 81' lang='lat' dir='ltr'>rel</span> <span class='ocrx_word' id='word_1_120' title='bbox 342 1693 587 1770; x_wconf 80' lang='lat' dir='ltr'>procuratoribus</span> <span class='ocrx_word' id='word_1_121' title='bbox 598 1709 658 1753; x_wconf 90' lang='lat' dir='ltr'>non</span> <span class='ocrx_word' id='word_1_122' title='bbox 673 1693 864 1768; x_wconf 85' lang='lat' dir='ltr'>subsignatae,</span> <span class='ocrx_word' id='word_1_123' title='bbox 879 1699 930 1752; x_wconf 91' lang='lat' dir='ltr'>aut</span> <span class='ocrx_word' id='word_1_124' title='bbox 943 1699 1013 1754; x_wconf 90' lang='lat' dir='ltr'>ante</span> <span class='ocrx_word' id='word_1_125' title='bbox 1025 1691 1129 1754; x_wconf 85' lang='lat' dir='ltr'>feriam</span> 
     </span>
     <span class='ocr_line' id='line_1_18' title="bbox 101 1781 1126 1862; baseline -0.004 -16"><span class='ocrx_word' id='word_1_126' title='bbox 101 1785 221 1846; x_wconf 90' lang='lat' dir='ltr'>tertiam</span> <span class='ocrx_word' id='word_1_127' title='bbox 233 1783 403 1862; x_wconf 82' lang='lat' dir='ltr'>proximam</span> <span class='ocrx_word' id='word_1_128' title='bbox 415 1789 484 1842; x_wconf 91' lang='lat' dir='ltr'>ante</span> <span class='ocrx_word' id='word_1_129' title='bbox 498 1782 764 1860; x_wconf 80' lang='lat' dir='ltr'>congregationem</span> <span class='ocrx_word' id='word_1_130' title='bbox 785 1799 847 1842; x_wconf 92' lang='lat' dir='ltr'>non</span> <span class='ocrx_word' id='word_1_131' title='bbox 868 1781 984 1842; x_wconf 84' lang='lat' dir='ltr'>oblatae.</span> <span class='ocrx_word' id='word_1_132' title='bbox 1002 1782 1052 1842; x_wconf 86' lang='lat' dir='ltr'>His</span> <span class='ocrx_word' id='word_1_133' title='bbox 1074 1783 1126 1842; x_wconf 87' lang='lat' dir='ltr'>ab·</span> 
     </span>
     <span class='ocr_line' id='line_1_19' title="bbox 102 1870 1130 1949; baseline -0.003 -16"><span class='ocrx_word' id='word_1_134' title='bbox 102 1873 218 1947; x_wconf 88' lang='lat' dir='ltr'>solutis,</span> <span class='ocrx_word' id='word_1_135' title='bbox 235 1889 302 1949; x_wconf 85' lang='lat' dir='ltr'>quae</span> <span class='ocrx_word' id='word_1_136' title='bbox 316 1872 355 1932; x_wconf 89' lang='lat' dir='ltr'>ad</span> <span class='ocrx_word' id='word_1_137' title='bbox 366 1870 585 1948; x_wconf 87' lang='lat' dir='ltr'>probationem,</span> <span class='ocrx_word' id='word_1_138' title='bbox 598 1877 628 1932; x_wconf 91' lang='lat' dir='ltr'>et</span> <span class='ocrx_word' id='word_1_139' title='bbox 639 1871 842 1931; x_wconf 82' lang='lat' dir='ltr'>defensionem</span> <span class='ocrx_word' id='word_1_140' title='bbox 855 1878 957 1946; x_wconf 90' lang='lat' dir='ltr'>partes</span> <span class='ocrx_word' id='word_1_141' title='bbox 970 1872 1001 1930; x_wconf 93' lang='lat' dir='ltr'>in</span> <span class='ocrx_word' id='word_1_142' title='bbox 1015 1873 1065 1948; x_wconf 83' lang='lat' dir='ltr'>jus</span> <span class='ocrx_word' id='word_1_143' title='bbox 1080 1871 1130 1931; x_wconf 90' lang='lat' dir='ltr'>ad·</span> 
     </span>
     <span class='ocr_line' id='line_1_20' title="bbox 103 1959 1128 2039; baseline -0.004 -15"><span class='ocrx_word' id='word_1_144' title='bbox 103 1967 214 2024; x_wconf 87' lang='lat' dir='ltr'>ducere</span> <span class='ocrx_word' id='word_1_145' title='bbox 225 1967 378 2039; x_wconf 89' lang='lat' dir='ltr'>putarunt,</span> <span class='ocrx_word' id='word_1_146' title='bbox 393 1978 453 2020; x_wconf 93' lang='lat' dir='ltr'>una</span> <span class='ocrx_word' id='word_1_147' title='bbox 467 1977 536 2020; x_wconf 89' lang='lat' dir='ltr'>oum</span> <span class='ocrx_word' id='word_1_148' title='bbox 550 1959 711 2020; x_wconf 90' lang='lat' dir='ltr'>summario</span> <span class='ocrx_word' id='word_1_149' title='bbox 732 1960 770 2020; x_wconf 91' lang='lat' dir='ltr'>de</span> <span class='ocrx_word' id='word_1_150' title='bbox 785 1961 938 2020; x_wconf 86' lang='lat' dir='ltr'>secretarii</span> <span class='ocrx_word' id='word_1_151' title='bbox 951 1961 1128 2020; x_wconf 91' lang='lat' dir='ltr'>auctoritate</span> 
     </span>
     <span class='ocr_line' id='line_1_21' title="bbox 103 2047 1130 2130; baseline -0.005 -18"><span class='ocrx_word' id='word_1_152' title='bbox 103 2050 184 2130; x_wconf 89' lang='lat' dir='ltr'>typis</span> <span class='ocrx_word' id='word_1_153' title='bbox 198 2051 327 2112; x_wconf 90' lang='lat' dir='ltr'>eduntur</span> <span class='ocrx_word' id='word_1_154' title='bbox 340 2051 392 2124; x_wconf 88' lang='lat' dir='ltr'>(t),</span> <span class='ocrx_word' id='word_1_155' title='bbox 408 2049 559 2110; x_wconf 91' lang='lat' dir='ltr'>ethorum</span> <span class='ocrx_word' id='word_1_156' title='bbox 572 2048 632 2109; x_wconf 90' lang='lat' dir='ltr'>duo</span> <span class='ocrx_word' id='word_1_157' title='bbox 654 2048 837 2124; x_wconf 85' lang='lat' dir='ltr'>exemplaria</span> <span class='ocrx_word' id='word_1_158' title='bbox 850 2047 1009 2126; x_wconf 87' lang='lat' dir='ltr'>unicuique</span> <span class='ocrx_word' id='word_1_159' title='bbox 1028 2047 1130 2108; x_wconf 88' lang='lat' dir='ltr'>Cardi-</span> 
     </span>
     <span class='ocr_line' id='line_1_22' title="bbox 101 2135 1126 2214; baseline -0.004 -14"><span class='ocrx_word' id='word_1_160' title='bbox 101 2140 214 2201; x_wconf 89' lang='lat' dir='ltr'>nalium</span> <span class='ocrx_word' id='word_1_161' title='bbox 234 2144 303 2199; x_wconf 89' lang='lat' dir='ltr'>ante</span> <span class='ocrx_word' id='word_1_162' title='bbox 327 2139 432 2200; x_wconf 88' lang='lat' dir='ltr'>decem</span> <span class='ocrx_word' id='word_1_163' title='bbox 457 2138 520 2198; x_wconf 89' lang='lat' dir='ltr'>dies</span> <span class='ocrx_word' id='word_1_164' title='bbox 543 2156 562 2197; x_wconf 90' lang='lat' dir='ltr'>a</span> <span class='ocrx_word' id='word_1_165' title='bbox 588 2137 825 2214; x_wconf 84' lang='lat' dir='ltr'>congregatione</span> <span class='ocrx_word' id='word_1_166' title='bbox 848 2137 1009 2211; x_wconf 89' lang='lat' dir='ltr'>habenda,</span> <span class='ocrx_word' id='word_1_167' title='bbox 1027 2135 1126 2197; x_wconf 89' lang='lat' dir='ltr'>distri·</span> 
     </span>
     <span class='ocr_line' id='line_1_23' title="bbox 100 2225 1129 2304; baseline -0.002 -14"><span class='ocrx_word' id='word_1_168' title='bbox 100 2230 244 2304; x_wconf 91' lang='lat' dir='ltr'>buuntur,</span> <span class='ocrx_word' id='word_1_169' title='bbox 259 2234 289 2290; x_wconf 92' lang='lat' dir='ltr'>et</span> <span class='ocrx_word' id='word_1_170' title='bbox 299 2229 372 2288; x_wconf 87' lang='lat' dir='ltr'>lenia</span> <span class='ocrx_word' id='word_1_171' title='bbox 394 2227 497 2304; x_wconf 90' lang='lat' dir='ltr'>quinta</span> <span class='ocrx_word' id='word_1_172' title='bbox 510 2245 546 2288; x_wconf 91' lang='lat' dir='ltr'>ac</span> <span class='ocrx_word' id='word_1_173' title='bbox 560 2234 647 2288; x_wconf 83' lang='lat' dir='ltr'>sexta</span> <span class='ocrx_word' id='word_1_174' title='bbox 657 2228 795 2303; x_wconf 86' lang='lat' dir='ltr'>proxima</span> <span class='ocrx_word' id='word_1_175' title='bbox 811 2232 881 2287; x_wconf 90' lang='lat' dir='ltr'>ante</span> <span class='ocrx_word' id='word_1_176' title='bbox 894 2231 1035 2288; x_wconf 88' lang='lat' dir='ltr'>statutam</span> <span class='ocrx_word' id='word_1_177' title='bbox 1047 2225 1129 2288; x_wconf 91' lang='lat' dir='ltr'>diem</span> 
     </span>
     <span class='ocr_line' id='line_1_24' title="bbox 102 2315 1129 2395; baseline -0.002 -17"><span class='ocrx_word' id='word_1_178' title='bbox 102 2334 160 2395; x_wconf 92' lang='lat' dir='ltr'>pro</span> <span class='ocrx_word' id='word_1_179' title='bbox 188 2316 423 2394; x_wconf 87' lang='lat' dir='ltr'>congregatione</span> <span class='ocrx_word' id='word_1_180' title='bbox 450 2317 597 2392; x_wconf 91' lang='lat' dir='ltr'>habenda,</span> <span class='ocrx_word' id='word_1_181' title='bbox 623 2333 640 2376; x_wconf 87' lang='lat' dir='ltr'>a</span> <span class='ocrx_word' id='word_1_182' title='bbox 665 2315 877 2392; x_wconf 87' lang='lat' dir='ltr'>cardinalibus,</span> <span class='ocrx_word' id='word_1_183' title='bbox 904 2322 934 2376; x_wconf 89' lang='lat' dir='ltr'>et</span> <span class='ocrx_word' id='word_1_184' title='bbox 956 2321 1129 2377; x_wconf 85' lang='lat' dir='ltr'>osecreta-</span> 
     </span>
     <span class='ocr_line' id='line_1_25' title="bbox 101 2397 1127 2484; baseline -0.005 -15"><span class='ocrx_word' id='word_1_185' title='bbox 101 2409 149 2469; x_wconf 89' lang='lat' dir='ltr'>rio</span> <span class='ocrx_word' id='word_1_186' title='bbox 171 2406 341 2484; x_wconf 87' lang='lat' dir='ltr'>singillatim</span> <span class='ocrx_word' id='word_1_187' title='bbox 363 2406 523 2467; x_wconf 89' lang='lat' dir='ltr'>audiuntur</span> <span class='ocrx_word' id='word_1_188' title='bbox 543 2406 680 2466; x_wconf 88' lang='lat' dir='ltr'>verbales</span> <span class='ocrx_word' id='word_1_189' title='bbox 701 2405 925 2466; x_wconf 79' lang='lat' dir='ltr'>informationes</span> <span class='ocrx_word' id='word_1_190' title='bbox 944 2421 1036 2482; x_wconf 90' lang='lat' dir='ltr'>super</span> <span class='ocrx_word' id='word_1_191' title='bbox 1057 2397 1127 2466; x_wconf 69' lang='lat' dir='ltr'>causs</span> 
     </span>
    </p>
   </div>
   <div class='ocr_carea' id='block_1_4' title="bbox 102 2495 1130 2656">
    <p class='ocr_par' dir='ltr' id='par_1_4' title="bbox 102 2495 1130 2656">
     <span class='ocr_line' id='line_1_26' title="bbox 102 2495 1128 2573; baseline -0.007 -14"><span class='ocrx_word' id='word_1_192' title='bbox 102 2514 148 2571; x_wconf 83' lang='lat' dir='ltr'>sa,</span> <span class='ocrx_word' id='word_1_193' title='bbox 164 2514 240 2572; x_wconf 88' lang='lat' dir='ltr'>quas</span> <span class='ocrx_word' id='word_1_194' title='bbox 260 2495 389 2573; x_wconf 91' lang='lat' dir='ltr'>partium</span> <span class='ocrx_word' id='word_1_195' title='bbox 410 2495 563 2568; x_wconf 88' lang='lat' dir='ltr'>advocati,</span> <span class='ocrx_word' id='word_1_196' title='bbox 589 2500 620 2555; x_wconf 90' lang='lat' dir='ltr'>et</span> <span class='ocrx_word' id='word_1_197' title='bbox 645 2500 854 2570; x_wconf 84' lang='lat' dir='ltr'>procuratores</span> <span class='ocrx_word' id='word_1_198' title='bbox 884 2496 989 2554; x_wconf 83' lang='lat' dir='ltr'>volunt</span> <span class='ocrx_word' id='word_1_199' title='bbox 1014 2509 1128 2571; x_wconf 89' lang='lat' dir='ltr'>propo-</span> 
     </span>
     <span class='ocr_line' id='line_1_27' title="bbox 102 2579 1130 2656; baseline -0.002 -14"><span class='ocrx_word' id='word_1_200' title='bbox 102 2599 176 2643; x_wconf 88' lang='lat' dir='ltr'>nere</span> <span class='ocrx_word' id='word_1_201' title='bbox 193 2587 244 2656; x_wconf 57' lang='grc' dir='ltr'>(ἢ).</span> <span class='ocrx_word' id='word_1_202' title='bbox 265 2586 413 2642; x_wconf 88' lang='lat' dir='ltr'>Praeterea</span> <span class='ocrx_word' id='word_1_203' title='bbox 430 2580 509 2640; x_wconf 90' lang='lat' dir='ltr'>circa</span> <span class='ocrx_word' id='word_1_204' title='bbox 531 2580 609 2640; x_wconf 91' lang='lat' dir='ltr'>hanc</span> <span class='ocrx_word' id='word_1_205' title='bbox 628 2596 726 2640; x_wconf 88' lang='lat' dir='ltr'>causae</span> <span class='ocrx_word' id='word_1_206' title='bbox 747 2579 955 2640; x_wconf 87' lang='lat' dir='ltr'>tractationem</span> <span class='ocrx_word' id='word_1_207' title='bbox 978 2579 1035 2639; x_wconf 92' lang='lat' dir='ltr'>tria</span> <span class='ocrx_word' id='word_1_208' title='bbox 1059 2583 1130 2640; x_wconf 92' lang='lat' dir='ltr'>sunt</span> 
     </span>
    </p>
   </div>
   <div class='ocr_carea' id='block_1_5' title="bbox 100 2667 1144 3638">
    <p class='ocr_par' dir='ltr' id='par_1_5' title="bbox 100 2667 1144 3638">
     <span class='ocr_line' id='line_1_28' title="bbox 102 2667 1129 2743; baseline -0.003 -13"><span class='ocrx_word' id='word_1_209' title='bbox 102 2671 236 2730; x_wconf 88' lang='lat' dir='ltr'>notanda</span> <span class='ocrx_word' id='word_1_210' title='bbox 256 2689 263 2730; x_wconf 93' lang='lat'><strong>:</strong></span> <span class='ocrx_word' id='word_1_211' title='bbox 285 2675 324 2726; x_wconf 76' lang='lat'>1¹¹²</span> <span class='ocrx_word' id='word_1_212' title='bbox 344 2670 375 2729; x_wconf 87' lang='lat' dir='ltr'>si</span> <span class='ocrx_word' id='word_1_213' title='bbox 401 2667 591 2730; x_wconf 84' lang='lat' dir='ltr'>examinandi</span> <span class='ocrx_word' id='word_1_214' title='bbox 605 2668 663 2728; x_wconf 90' lang='lat' dir='ltr'>sint</span> <span class='ocrx_word' id='word_1_215' title='bbox 683 2674 784 2742; x_wconf 88' lang='lat' dir='ltr'>testes,</span> <span class='ocrx_word' id='word_1_216' title='bbox 809 2673 861 2728; x_wconf 89' lang='lat' dir='ltr'>eut</span> <span class='ocrx_word' id='word_1_217' title='bbox 879 2667 947 2728; x_wconf 86' lang='lat' dir='ltr'>aliae</span> <span class='ocrx_word' id='word_1_218' title='bbox 974 2667 1129 2743; x_wconf 88' lang='lat' dir='ltr'>probatio-</span> 
     </span>
     <span class='ocr_line' id='line_1_29' title="bbox 103 2756 1127 2836; baseline -0.002 -16"><span class='ocrx_word' id='word_1_219' title='bbox 103 2777 158 2820; x_wconf 89' lang='lat' dir='ltr'>nes</span> <span class='ocrx_word' id='word_1_220' title='bbox 171 2759 322 2833; x_wconf 78' lang='lat' dir='ltr'>faciendae,</span> <span class='ocrx_word' id='word_1_221' title='bbox 336 2775 411 2836; x_wconf 90' lang='lat' dir='ltr'>quas</span> <span class='ocrx_word' id='word_1_222' title='bbox 425 2756 619 2836; x_wconf 85' lang='lat' dir='ltr'>congregatio</span> <span class='ocrx_word' id='word_1_223' title='bbox 633 2759 777 2834; x_wconf 87' lang='lat' dir='ltr'>perficere</span> <span class='ocrx_word' id='word_1_224' title='bbox 790 2775 845 2834; x_wconf 91' lang='lat' dir='ltr'>per</span> <span class='ocrx_word' id='word_1_225' title='bbox 856 2774 889 2818; x_wconf 87' lang='lat' dir='ltr'>sc</span> <span class='ocrx_word' id='word_1_226' title='bbox 901 2758 1015 2834; x_wconf 90' lang='lat' dir='ltr'>nequit,</span> <span class='ocrx_word' id='word_1_227' title='bbox 1026 2764 1127 2835; x_wconf 87' lang='lat' dir='ltr'>partes</span> 
     </span>
     <span class='ocr_line' id='line_1_30' title="bbox 100 2845 1129 2925; baseline -0.004 -15"><span class='ocrx_word' id='word_1_228' title='bbox 100 2849 309 2925; x_wconf 86' lang='lat' dir='ltr'>hujuscemodi</span> <span class='ocrx_word' id='word_1_229' title='bbox 323 2847 479 2908; x_wconf 86' lang='lat' dir='ltr'>committit</span> <span class='ocrx_word' id='word_1_230' title='bbox 492 2848 629 2907; x_wconf 90' lang='lat' dir='ltr'>locorum</span> <span class='ocrx_word' id='word_1_231' title='bbox 644 2846 820 2920; x_wconf 84' lang='lat' dir='ltr'>ordinariis,</span> <span class='ocrx_word' id='word_1_232' title='bbox 844 2845 895 2923; x_wconf 92' lang='lat' dir='ltr'>qui</span> <span class='ocrx_word' id='word_1_233' title='bbox 914 2863 1075 2922; x_wconf 88' lang='lat' dir='ltr'>processus</span> <span class='ocrx_word' id='word_1_234' title='bbox 1090 2863 1129 2906; x_wconf 83' lang='lat' dir='ltr'>ex</span> 
     </span>
     <span class='ocr_line' id='line_1_31' title="bbox 101 2934 1127 3013; baseline -0.004 -14"><span class='ocrx_word' id='word_1_235' title='bbox 101 2937 315 3000; x_wconf 86' lang='lat' dir='ltr'>commissione</span> <span class='ocrx_word' id='word_1_236' title='bbox 330 2939 501 2999; x_wconf 80' lang='lat' dir='ltr'>efformatos</span> <span class='ocrx_word' id='word_1_237' title='bbox 516 2936 555 2997; x_wconf 91' lang='lat' dir='ltr'>ad</span> <span class='ocrx_word' id='word_1_238' title='bbox 576 2935 672 3012; x_wconf 91' lang='lat' dir='ltr'>ipsam</span> <span class='ocrx_word' id='word_1_239' title='bbox 697 2941 726 2998; x_wconf 88' lang='lat' dir='ltr'>S.</span> <span class='ocrx_word' id='word_1_240' title='bbox 750 2934 1016 3013; x_wconf 87' lang='lat' dir='ltr'>congregationem</span> <span class='ocrx_word' id='word_1_241' title='bbox 1031 2941 1127 2996; x_wconf 89' lang='lat' dir='ltr'>trans·</span> 
     </span>
     <span class='ocr_line' id='line_1_32' title="bbox 101 3024 1130 3103; baseline -0.006 -11"><span class='ocrx_word' id='word_1_242' title='bbox 101 3025 224 3092; x_wconf 87' lang='lat' dir='ltr'>mittunt</span> <span class='ocrx_word' id='word_1_243' title='bbox 236 3031 290 3101; x_wconf 85' lang='lat'><strong>(3);</strong></span> <span class='ocrx_word' id='word_1_244' title='bbox 306 3031 346 3086; x_wconf 73' lang='lat'>2¹¹¹</span> <span class='ocrx_word' id='word_1_245' title='bbox 359 3026 389 3086; x_wconf 87' lang='lat' dir='ltr'>si</span> <span class='ocrx_word' id='word_1_246' title='bbox 402 3043 462 3086; x_wconf 91' lang='lat' dir='ltr'>una</span> <span class='ocrx_word' id='word_1_247' title='bbox 476 3041 515 3085; x_wconf 85' lang='lat' dir='ltr'>ex</span> <span class='ocrx_word' id='word_1_248' title='bbox 529 3024 663 3102; x_wconf 88' lang='lat' dir='ltr'>partibus</span> <span class='ocrx_word' id='word_1_249' title='bbox 677 3024 714 3085; x_wconf 88' lang='lat' dir='ltr'>sit</span> <span class='ocrx_word' id='word_1_250' title='bbox 732 3024 770 3086; x_wconf 89' lang='lat' dir='ltr'>ab</span> <span class='ocrx_word' id='word_1_251' title='bbox 782 3025 877 3101; x_wconf 90' lang='lat' dir='ltr'>initio,</span> <span class='ocrx_word' id='word_1_252' title='bbox 893 3031 944 3085; x_wconf 92' lang='lat' dir='ltr'>aut</span> <span class='ocrx_word' id='word_1_253' title='bbox 957 3025 1009 3087; x_wconf 87' lang='lat' dir='ltr'>flat</span> <span class='ocrx_word' id='word_1_254' title='bbox 1024 3031 1130 3103; x_wconf 89' lang='lat' dir='ltr'>postea</span> 
     </span>
     <span class='ocr_line' id='line_1_33' title="bbox 104 3114 1144 3189; baseline 0.001 -13"><span class='ocrx_word' id='word_1_255' title='bbox 104 3123 277 3188; x_wconf 81' lang='lat' dir='ltr'>contumax,</span> <span class='ocrx_word' id='word_1_256' title='bbox 290 3115 436 3176; x_wconf 86' lang='lat' dir='ltr'>sententia</span> <span class='ocrx_word' id='word_1_257' title='bbox 449 3131 540 3189; x_wconf 89' lang='lat' dir='ltr'>supra</span> <span class='ocrx_word' id='word_1_258' title='bbox 553 3114 643 3174; x_wconf 89' lang='lat' dir='ltr'>unica</span> <span class='ocrx_word' id='word_1_259' title='bbox 660 3114 750 3174; x_wconf 90' lang='lat' dir='ltr'>etiam</span> <span class='ocrx_word' id='word_1_260' title='bbox 765 3115 918 3176; x_wconf 87' lang='lat' dir='ltr'>secretarii</span> <span class='ocrx_word' id='word_1_261' title='bbox 931 3114 1074 3176; x_wconf 90' lang='lat' dir='ltr'>relatione</span> <span class='ocrx_word' id='word_1_262' title='bbox 1087 3130 1144 3177; x_wconf 53' lang='grc' dir='ltr'>ωε</span> 
     </span>
     <span class='ocr_line' id='line_1_34' title="bbox 103 3202 1128 3281; baseline 0 -17"><span class='ocrx_word' id='word_1_263' title='bbox 103 3221 165 3281; x_wconf 92' lang='lat' dir='ltr'>que</span> <span class='ocrx_word' id='word_1_264' title='bbox 177 3205 321 3277; x_wconf 86' lang='lat' dir='ltr'>redditur,</span> <span class='ocrx_word' id='word_1_265' title='bbox 336 3210 367 3264; x_wconf 89' lang='lat' dir='ltr'>et</span> <span class='ocrx_word' id='word_1_266' title='bbox 382 3204 542 3264; x_wconf 87' lang='lat' dir='ltr'>damnatus</span> <span class='ocrx_word' id='word_1_267' title='bbox 562 3219 624 3262; x_wconf 91' lang='lat' dir='ltr'>non</span> <span class='ocrx_word' id='word_1_268' title='bbox 641 3202 768 3278; x_wconf 90' lang='lat' dir='ltr'>auditur,</span> <span class='ocrx_word' id='word_1_269' title='bbox 784 3203 937 3280; x_wconf 85' lang='lat' dir='ltr'>nisiprius</span> <span class='ocrx_word' id='word_1_270' title='bbox 953 3203 1065 3280; x_wconf 85' lang='lat' dir='ltr'>peracti</span> <span class='ocrx_word' id='word_1_271' title='bbox 1079 3204 1128 3280; x_wconf 88' lang='lat' dir='ltr'>ju-</span> 
     </span>
     <span class='ocr_line' id='line_1_35' title="bbox 102 3291 1129 3370; baseline -0.003 -16"><span class='ocrx_word' id='word_1_272' title='bbox 102 3292 173 3354; x_wconf 88' lang='lat' dir='ltr'>dicii</span> <span class='ocrx_word' id='word_1_273' title='bbox 191 3310 340 3369; x_wconf 85' lang='lat' dir='ltr'>expensas</span> <span class='ocrx_word' id='word_1_274' title='bbox 354 3293 450 3352; x_wconf 87' lang='lat' dir='ltr'>solvat</span> <span class='ocrx_word' id='word_1_275' title='bbox 464 3297 521 3366; x_wconf 82' lang='lat' dir='ltr'>(l);</span> <span class='ocrx_word' id='word_1_276' title='bbox 546 3297 585 3352; x_wconf 57' lang='grc' dir='ltr'>θ’»</span> <span class='ocrx_word' id='word_1_277' title='bbox 607 3293 637 3353; x_wconf 89' lang='lat' dir='ltr'>si</span> <span class='ocrx_word' id='word_1_278' title='bbox 659 3310 757 3353; x_wconf 81' lang='lat' dir='ltr'>causer</span> <span class='ocrx_word' id='word_1_279' title='bbox 781 3293 891 3354; x_wconf 72' lang='lat' dir='ltr'>decbio</span> <span class='ocrx_word' id='word_1_280' title='bbox 907 3298 1036 3370; x_wconf 87' lang='lat' dir='ltr'>nequeat</span> <span class='ocrx_word' id='word_1_281' title='bbox 1049 3291 1129 3352; x_wconf 89' lang='lat' dir='ltr'>intra</span> 
     </span>
     <span class='ocr_line' id='line_1_36' title="bbox 103 3381 1127 3460; baseline -0.002 -18"><span class='ocrx_word' id='word_1_282' title='bbox 103 3382 284 3460; x_wconf 82' lang='lat' dir='ltr'>praefinitum</span> <span class='ocrx_word' id='word_1_283' title='bbox 297 3382 377 3442; x_wconf 91' lang='lat' dir='ltr'>diem</span> <span class='ocrx_word' id='word_1_284' title='bbox 393 3381 504 3458; x_wconf 83' lang='lat' dir='ltr'>parari,</span> <span class='ocrx_word' id='word_1_285' title='bbox 517 3383 565 3442; x_wconf 88' lang='lat' dir='ltr'>vel</span> <span class='ocrx_word' id='word_1_286' title='bbox 578 3382 656 3443; x_wconf 88' lang='lat' dir='ltr'>adsit</span> <span class='ocrx_word' id='word_1_287' title='bbox 673 3381 729 3442; x_wconf 89' lang='lat' dir='ltr'>alia</span> <span class='ocrx_word' id='word_1_288' title='bbox 746 3383 827 3459; x_wconf 86' lang='lat' dir='ltr'>justa</span> <span class='ocrx_word' id='word_1_289' title='bbox 841 3399 941 3456; x_wconf 87' lang='lat' dir='ltr'>causa,</span> <span class='ocrx_word' id='word_1_290' title='bbox 958 3386 1127 3457; x_wconf 86' lang='lat' dir='ltr'>congrega·</span> 
     </span>
     <span class='ocr_line' id='line_1_37' title="bbox 103 3469 1127 3548; baseline -0.004 -14"><span class='ocrx_word' id='word_1_291' title='bbox 103 3471 194 3534; x_wconf 70' lang='lat' dir='ltr'>conis</span> <span class='ocrx_word' id='word_1_292' title='bbox 207 3471 386 3535; x_wconf 85' lang='lat' dir='ltr'>secretarius</span> <span class='ocrx_word' id='word_1_293' title='bbox 400 3477 462 3531; x_wconf 89' lang='lat' dir='ltr'>tum</span> <span class='ocrx_word' id='word_1_294' title='bbox 475 3471 513 3530; x_wconf 90' lang='lat' dir='ltr'>ad</span> <span class='ocrx_word' id='word_1_295' title='bbox 527 3470 655 3548; x_wconf 91' lang='lat' dir='ltr'>partium</span> <span class='ocrx_word' id='word_1_296' title='bbox 675 3471 855 3545; x_wconf 84' lang='lat' dir='ltr'>instantiam,</span> <span class='ocrx_word' id='word_1_297' title='bbox 871 3477 934 3532; x_wconf 88' lang='lat' dir='ltr'>tum</span> <span class='ocrx_word' id='word_1_298' title='bbox 957 3487 997 3532; x_wconf 84' lang='lat' dir='ltr'>ex</span> <span class='ocrx_word' id='word_1_299' title='bbox 1015 3469 1127 3545; x_wconf 84' lang='lat' dir='ltr'>officio,</span> 
     </span>
     <span class='ocr_line' id='line_1_38' title="bbox 104 3558 1129 3638; baseline 0 -18"><span class='ocrx_word' id='word_1_300' title='bbox 104 3568 204 3637; x_wconf 88' lang='lat' dir='ltr'>potest</span> <span class='ocrx_word' id='word_1_301' title='bbox 216 3559 352 3638; x_wconf 85' lang='lat' dir='ltr'>ejusdem</span> <span class='ocrx_word' id='word_1_302' title='bbox 363 3559 594 3636; x_wconf 85' lang='lat' dir='ltr'>assignationem</span> <span class='ocrx_word' id='word_1_303' title='bbox 607 3559 637 3620; x_wconf 93' lang='lat' dir='ltr'>in</span> <span class='ocrx_word' id='word_1_304' title='bbox 651 3560 742 3622; x_wconf 87' lang='lat' dir='ltr'>alimn</span> <span class='ocrx_word' id='word_1_305' title='bbox 753 3559 832 3622; x_wconf 92' lang='lat' dir='ltr'>diem</span> <span class='ocrx_word' id='word_1_306' title='bbox 843 3561 1014 3636; x_wconf 81' lang='lat' dir='ltr'>transferre,</span> <span class='ocrx_word' id='word_1_307' title='bbox 1029 3558 1129 3623; x_wconf 81' lang='lat' dir='ltr'>etiem·</span> 
     </span>
    </p>
   </div>
   <div class='ocr_carea' id='block_1_6' title="bbox 0 0 1284 4080">
    <p class='ocr_par' dir='ltr' id='par_1_6' title="bbox 0 0 1284 4080">
     <span class='ocr_line' id='line_1_39' title="bbox 0 0 1284 4080; baseline 0 0"><span class='ocrx_word' id='word_1_308' title='bbox 0 0 1284 4080; x_wconf 95' lang='lat' dir='ltr'> </span> 
     </span>
    </p>
   </div>
  </div>
 </body>
</html>
