2494 4062
627 155 750 214 ...3-

132 357 136 364 ι
179 292 245 338 rem
256 276 401 354 peritiam,
415 277 461 336 vel
476 276 516 336 ob
529 277 675 352 maiorem
685 273 852 336 decentiam
866 273 931 336 viro
942 273 1139 384 cuicumque
1151 290 1215 352 pra

178 366 280 440 lentur,
294 365 396 441 quod
388 382 420 424 m
432 364 641 426 obstetricibus
654 363 797 440 contingit
811 367 840 437 (4
841 367 862 436 ).

209 532 244 598 (l)
258 532 328 584 Hine
342 545 397 583 nou
409 533 499 598 potest
511 530 689 583 solemniter
682 545 709 581 ιιι
724 529 848 581 domibus
864 530 1032 596 privatorum
1049 530 1215 596 quempian

177 604 323 670 baptizare,
343 604 462 670 exceptis
481 603 544 653 liliis
564 603 683 666 Regum,
709 601 750 653 vel
774 602 939 666 Principum.
967 602 1050 653 Clem.
1077 603 1162 654 unic.
1191 603 1215 652 d

177 675 275 740 baptis.
291 674 417 725 Glraldus
431 673 465 724 ad
480 673 570 724 eumd.
586 674 626 723 tit.
643 673 711 724 item
725 687 779 724 non
793 676 881 737 potest
894 673 1031 737 baptizare
1047 673 1212 724 solemnite

177 747 316 798 subditum
334 759 415 798 suum
436 745 465 796 in
479 745 568 799 aliena
582 745 718 810 parochia,
732 745 775 796 vel
797 745 916 796 alienum
933 746 961 794 in
983 745 1112 809 propria.
1141 744 1215 794 Trid

178 831 243 868 sess.
260 818 301 876 24,
317 831 341 868 c.
359 817 397 880 13,
412 817 446 868 de
462 817 521 876 rel.;
536 816 675 882 Excipitur
696 820 786 867 tamen
808 828 886 866 casus
901 816 1051 880 peregrina
1068 829 1137 880 quae
1153 815 1215 865 nul

177 888 227 938 libi
242 888 341 940 babeat
357 888 433 953 quasi
446 887 620 949 domicilium,
639 891 666 938 et
687 901 766 938 casus
786 899 938 952 puerpera,
952 900 1042 952 quaea
1060 899 1116 938 sua
1131 900 1215 952 paro·

178 959 240 1011 ahia
253 959 367 1010 multum
390 959 470 1018 absit,
485 972 601 1024 querum
616 959 706 1024 proles
720 961 809 1024 potest
827 958 957 1022 baptizari
972 971 988 1008 a
1006 957 1136 1008 Perocho
1153 958 1215 1020 loci,

177 1031 226 1081 ubi
238 1034 300 1081 nata
315 1031 351 1081 sit
366 1049 373 1080 t
387 1030 436 1082 sed
453 1030 588 1095 siparum
609 1030 726 1092 abesset,
746 1033 777 1080 ut
799 1042 848 1094 per
872 1029 949 1092 duas,
965 1033 1011 1080 aut
1035 1032 1095 1080 tres
1119 1029 1215 1088 horas,

177 1101 337 1166 nullumque
350 1104 422 1152 esset
443 1101 470 1152 in
493 1100 569 1168 prole
591 1101 751 1167 periculum,
774 1102 866 1164 posset
892 1101 927 1152 ad
950 1113 1028 1152 suam
1048 1101 1215 1166 parochiam

179 1173 330 1234 transferri,
345 1172 436 1238 ibique
449 1171 591 1237 baptizant.
606 1171 634 1222 S.
653 1172 694 1222 De
712 1171 818 1236 Ligorio
838 1171 858 1230 l.
878 1171 902 1236 u,
916 1185 942 1222 n.
969 1171 1021 1222 114.
1040 1171 1215 1223 Missionarii

179 1243 344 1308 inpartibus
366 1243 517 1294 infidelium
531 1246 645 1308 possunt
657 1243 808 1294 infidelium
831 1241 902 1294 filios
922 1242 994 1292 domi
1015 1243 1173 1307 baptizare,
1191 1243 1215 1294 si

178 1319 306 1380 parentes
320 1319 465 1366 renuerent
485 1327 531 1364 eos
546 1313 580 1364 ad
594 1313 736 1365 ecclesiam
758 1313 878 1374 delerre3
899 1313 980 1364 immo
995 1319 1022 1364 et
1034 1314 1074 1364 ibi
1092 1313 1215 1365 Ritualis

179 1385 354 1436 caeremonias
373 1384 530 1448 adimplere,
546 1385 569 1434 si
592 1385 769 1448 praudeant,
792 1388 918 1450 parentes
940 1387 1035 1449 postea
1056 1397 1214 1448 numquam

178 1457 367 1522 permissuros,
384 1459 413 1506 ut
430 1455 508 1506 modo
529 1454 620 1506 debito
642 1469 725 1519 super
743 1469 837 1506 eorum
850 1455 920 1506 tilios
937 1455 1067 1520 baptismi
1079 1469 1215 1506 caeremo·

178 1527 232 1578 nias
247 1527 431 1592 suppleantur.
447 1526 514 1577 lust.
530 1525 558 1575 S.
577 1525 659 1590 (long.
678 1525 706 1576 S.
720 1525 794 1578 offic.
810 1526 861 1576 sub
878 1527 926 1576 Pio
940 1525 988 1577 VI.
1000 1551 1031 1564 -
1043 1525 1082 1590 (2)
1098 1527 1162 1577 Gan.
1179 1527 1208 1577 21

179 1604 205 1650 ct
215 1598 255 1656 23,
270 1601 298 1648 et
310 1611 360 1663 per
375 1601 423 1648 tot.
437 1595 500 1647 dist.
517 1597 532 1647 4
547 1595 581 1648 de
595 1610 697 1648 conseo.
714 1625 744 1633 -
757 1597 793 1662 (3)
809 1597 903 1662 Neque
926 1597 986 1647 duae
1001 1611 1129 1663 personae
1143 1611 1208 1663 pos-

179 1673 243 1719 sunt
260 1681 320 1720 esse
333 1667 460 1726 ministri,
476 1667 560 1718 veluti
581 1669 604 1719 si
624 1681 679 1718 una
695 1681 794 1734 aquam
808 1669 941 1732 tunderet,
961 1672 988 1718 et
1002 1669 1057 1719 alia
1072 1669 1210 1732 proterret

179 1739 302 1790 formam.
318 1739 363 1790 Sic
376 1739 448 1790 enim
462 1739 591 1805 baptizeti
606 1744 668 1790 sunt
682 1739 732 1790 sub
747 1739 899 1790 conditione
911 1739 1107 1806 rebaptizandi.
1117 1740 1206 1792 Bene·

180 1809 268 1861 dictus
282 1811 347 1861 XIV
361 1809 394 1862 de
410 1810 507 1876 synod.
527 1811 545 1861 l.
561 1810 585 1871 7,
600 1825 623 1861 c.
639 1812 662 1873 6,
677 1825 704 1862 n.
720 1811 743 1862 8.
759 1838 789 1846 -
803 1811 837 1874 (4)
852 1810 1021 1862 obstetrices
1035 1825 1068 1862 ex
1087 1813 1151 1876 jure
1165 1812 1205 1862 ci-

179 1881 227 1933 vili
244 1882 279 1932 ad
293 1881 434 1946 proprium
456 1881 636 1932 exercendum
651 1881 769 1932 officium
785 1882 888 1947 absque
909 1881 1041 1940 examine,
1065 1887 1091 1933 et
1104 1883 1204 1964 proba-

179 1953 252 2020 tione
269 1967 323 2003 non
337 1953 421 2004 admit
423 1957 535 2016 tuntur‚·
548 1953 586 2003 ita
604 1953 675 2004 admi
677 1953 777 2004 ttondae
790 1967 845 2004 non
858 1956 922 2004 sunt
934 1966 967 2002 ex
978 1955 1040 2018 jure
1055 1955 1202 2005 canonico·
1196 1985 1203 1996 ·

163 2051 164 2055 .
179 2024 269 2090 pluris
279 2024 350 2075 enim
365 2028 407 2074 est
420 2023 494 2074 salus
508 2023 614 2082 animae,
627 2037 707 2088 quam
722 2024 850 2090 corporis
863 2023 927 2074 Ideo
942 2023 969 2074 S.
983 2023 1093 2075 Carolus
1106 2025 1202 2076 Burro-

180 2107 257 2146 meus
271 2094 398 2146 decrevit
405 2114 416 2142 ι
432 2109 466 2146 ne
478 2094 638 2146 obstetrices
652 2095 766 2146 officium
786 2096 923 2159 praestent,
939 2094 992 2144 nisi
1005 2096 1202 2160 pervicacium

182 2183 193 2214 ι
211 2165 390 2217 Foraneum...
401 2165 501 2230 scripto
512 2165 633 2232 probatas
644 2166 698 2216 sint
709 2165 854 2217 idoneaead
866 2166 1201 2232 Sacramentumbaptismi

182 2255 193 2284 ι
212 2237 430 2288 ministrandum.
450 2236 515 2298 Ques
540 2240 630 2286 autem
656 2237 771 2302 probata
794 2243 846 2301 est,
864 2250 926 2288 cum
944 2235 1099 2301 baptizabit,
1118 2243 1198 2302 curat,

116 2350 117 2354 ,
182 2327 194 2358 ι
212 2307 301 2374 quoad
313 2307 371 2359 lieri
388 2312 485 2374 potest,
498 2311 529 2358 ut
543 2308 604 2358 duas
629 2308 725 2360 saltem
746 2309 874 2360 mulieres
889 2321 921 2358 ac
942 2310 1028 2360 mater
1041 2310 1196 2372 presertim,

182 2379 236 2432 isi
250 2382 346 2444 potest,
360 2382 443 2430 testes
455 2383 605 2444 praesentes
627 2379 689 2443 sint,
707 2393 769 2444 quae
789 2379 817 2430 in
831 2378 992 2444 baptizando
1012 2379 1092 2430 verbe
1110 2379 1142 2432 ab
1166 2395 1197 2432 ea

182 2469 193 2498 ι
211 2450 325 2516 probata
338 2449 459 2500 audient.
475 2465 486 2494 ι
503 2450 627 2501 Decrevit
640 2450 764 2502 similiter
777 2449 940 2501 Benedictus
953 2449 1029 2513 xlv,
1041 2449 1068 2500 in
1077 2451 1194 2502 sualnst.

181 2521 225 2586 8,r
236 2524 267 2572 ut
281 2521 439 2574 obstetrices
454 2520 504 2572 boc
517 2535 616 2572 munus
630 2525 760 2587 praestare
771 2521 877 2572 omnino
888 2522 1002 2580 cessent,
1015 2534 1065 2572 nec
1079 2523 1131 2572 ulla
1144 2521 1195 2573 alia

182 2611 194 2641 ι
212 2591 353 2658 deligatur,
369 2591 423 2642 nisi
438 2593 515 2657 prius
528 2592 556 2642 in
568 2605 681 2643 examen
694 2592 748 2643 illm
767 2595 904 2652 vocantur,
926 2595 953 2644 et
973 2603 1021 2656 pro
1044 2591 1193 2646 conterendo

175 2655 195 2712 ‘a
211 2662 346 2730 baptismo
363 2664 430 2716 satis
444 2663 548 2716 idoneae
561 2663 741 2729 reperiantur.
757 2679 769 2710 ι

123 2879 130 2890 ,
215 2825 279 2884 als.
300 2823 472 2901 subjectum
494 2823 632 2899 baptismi
651 2828 696 2884 est
710 2819 912 2884 omnishomo
928 2823 1189 2900 nondumbaptiza·

181 2912 306 2974 tussire
320 2913 438 2973 adultus
458 2911 505 2985 sit,
528 2913 590 2972 sive
604 2912 710 2972 infans.
727 2913 850 2973 Adultus
872 2919 973 2974 tamen
996 2930 1072 2973 sanae
1091 2912 1188 2972 mentis

149 3024 151 3028 ·
181 3013 341 3078 antequam
355 3001 521 3077 baptizetur
533 3001 719 3062 exercendus
731 3008 776 3061 est
790 3001 821 3061 in
835 3004 992 3076 catechesi,
1005 3009 1039 3063 ut
1051 3004 1143 3062 saltem
1152 3003 1187 3062 ad

162 3091 164 3095 ’
178 3091 306 3156 salutem
320 3089 488 3150 necessarie
499 3089 676 3150 necessitate
690 3091 780 3151 medii
796 3091 940 3166 addiscat,
955 3091 1113 3169 cujusmodi
1126 3099 1186 3152 sunt

180 3178 331 3258 praecipua
351 3180 494 3254 mysteria
519 3177 676 3252 Trinitatis
701 3185 731 3240 et
750 3180 975 3255 lncarnationis,
995 3187 1024 3240 et
1047 3186 1075 3239 ut
1092 3181 1140 3240 rite
1152 3180 1184 3240 ad

180 3273 401 3330 recrementum
422 3268 627 3345 recipiendum
648 3267 833 3344 disponatur.
858 3269 982 3331 Adultus
1005 3287 1073 3330 vero
1090 3268 1182 3329 mentis

181 3359 307 3418 infirmae
319 3356 485 3434 baptizatur
499 3374 582 3417 more
596 3357 762 3430 infantium,
778 3357 803 3416 si
817 3357 945 3418 amentia
954 3358 1041 3418 brerit
1050 3365 1180 3434 perpetua,

105 3519 110 3530 .
181 3455 212 3509 et
229 3445 404 3524 baptizatur,
422 3453 566 3523 quantum
579 3446 643 3506 fieri
658 3451 766 3522 potest,
776 3463 861 3507 more
874 3447 1053 3522 adultomm,
1063 3439 1180 3506 sionen-

183 3532 221 3596 tia
231 3553 292 3600 nou
306 3537 394 3600 luerit
402 3543 557 3614 perpetua,
568 3535 660 3598 modo
673 3542 808 3612 tempore
817 3553 898 3598 sanae
907 3536 1015 3598 mentis
1025 3535 1179 3612 baptismum
