2426 4070
601 233 757 292 -ffl-

165 357 237 426 quod
251 367 305 410 non
319 358 361 410 est
372 355 583 416 observandum
596 355 619 409 si
634 360 732 423 agatur
746 357 779 410 de
793 357 850 412 solo
864 356 977 410 crimine
990 353 1122 408 adulterii
1134 369 1204 409 cum

165 430 225 484 ilde.
244 429 406 482 Benedictus
421 429 487 481 xlv
503 429 547 482 cit.
564 430 632 481 laet.
646 431 686 491 87,
706 445 734 482 ιι.
757 430 797 482 at.
817 457 850 470 -
869 430 905 494 (i)
923 429 984 482 Bul.
997 427 1097 482 Pastor
1111 428 1202 480 bonus

164 501 302 554 Benedicti
315 501 388 552 XIV.
404 529 435 540 -
452 502 488 566 ti)
507 501 540 554 ln
560 501 670 568 reliquis
684 515 748 554 vera
762 501 902 567 gradibus,
919 500 1003 552 veluti
1017 499 1046 550 in
1059 499 1155 552 tertio.
1171 505 1201 552 et

164 577 260 640 quarto
281 572 430 638 dispensat,
449 577 561 641 excepto
588 587 737 639 casuque
759 575 830 624 adsit
853 573 959 624 salsitas
981 572 1010 622 in
1033 571 1199 622 narratione

163 643 342 709 praecedentis
355 643 459 712 copulae
480 645 508 696 iu
523 645 720 712 supplicatione
742 645 814 696 lacta
836 643 963 704 Dateriae,
979 647 1011 694 ut
1029 643 1052 693 si
1066 643 1197 707 exposita

164 715 260 767 luisset
273 717 377 780 copule,
390 729 451 781 quae
463 729 518 768 non
531 717 713 768 intervenerat
724 735 731 778 ς
743 730 807 768 nam
819 715 848 766 in
864 729 930 767 casn
943 715 1041 766 iterum
1055 713 1090 764 ad
1108 713 1199 764 Data·

163 786 231 838 riam
246 786 438 840 recurrendum
451 791 499 840 est.
515 787 677 840 Benedictus
694 788 761 839 XIV
775 789 820 840 cit.
840 787 907 838 inst.
924 800 951 836 n.
973 786 988 837 9
1009 789 1043 836 at.
1057 784 1097 835 10.
1123 783 1198 834 Item

164 856 305 922 dispensat
317 858 345 910 in
358 857 483 910 omnibus
497 859 626 925 gradibus
644 859 780 912 affinitatis
794 873 827 912 ex
842 858 936 924 copula
951 857 1055 910 illicita.
1069 854 1194 908 Reiffen·

164 929 234 982 etuel
250 929 297 981 cit.
310 929 360 982 loc.
378 943 405 981 n.
418 930 472 982 tte.

197 1117 260 1174 420.
284 1114 363 1176 Licet
382 1114 503 1191 quilibet
517 1120 606 1191 queat
625 1132 678 1192 per
690 1132 734 1191 se,
749 1117 798 1178 vel
821 1133 876 1193 per
888 1115 1019 1176 amicum
1031 1112 1192 1190 porrigere

161 1202 292 1264 libellum
309 1203 532 1280 supplicationis
552 1209 581 1266 S.
603 1204 842 1279 Poenitentiariae,
857 1211 887 1265 et
900 1206 939 1265 ab
953 1222 989 1265 ea
1006 1202 1192 1279 rescriptum

161 1292 306 1366 obtinere,
334 1310 394 1368 quo
419 1293 610 1370 dispensandi
621 1294 746 1355 facultas
766 1293 855 1354 alicui
872 1293 1061 1355 confessario
1083 1307 1190 1365 asup-

161 1380 290 1456 pliceute
309 1381 446 1457 eligendo
465 1383 665 1444 committatur
680 1403 687 1443 :
700 1385 759 1443 hcc
773 1389 873 1443 tamen
888 1383 971 1460 pium
988 1380 1192 1442 ministerium

161 1470 199 1530 ad
226 1471 385 1546 parochos,
402 1477 431 1531 et
454 1473 653 1533 confessarios
680 1472 849 1549 specialiter
871 1479 998 1550 spectat,
1017 1470 1079 1547 qui,
1096 1470 1122 1529 si
1149 1469 1190 1528 ad

160 1559 412 1620 Paenitentiariam
433 1567 598 1633 recurrant,
625 1562 712 1622 facile
732 1569 762 1622 et
775 1561 866 1638 gratis
888 1560 927 1622 ad
951 1559 1190 1636 dispensandum

160 1649 350 1723 deputentur,
364 1649 417 1708 sed
428 1648 537 1710 debent
550 1651 581 1709 in
594 1651 694 1711 libello
709 1658 849 1712 accurate
861 1666 1030 1728 proponere
1046 1667 1054 1708 :
1069 1653 1101 1708 l⁰
1117 1663 1188 1722 spe-

162 1735 249 1810 eiem,
272 1744 302 1797 et
328 1754 485 1798 numerum
513 1739 807 1815 impedimentorum,
825 1746 855 1799 et
882 1739 1003 1815 quidem
1024 1737 1056 1796 in
1079 1735 1187 1795 eadem

160 1826 394 1904 supplicatione3
410 1831 441 1886 2⁰
453 1827 564 1903 justam
585 1827 778 1904 dispensandi
797 1845 930 1902 causam,
949 1833 983 1887 ut
996 1832 1067 1886 sunt
1079 1839 1187 1884 omnes

159 1914 357 1990 supracitata,
371 1923 499 1992 excepta
523 1916 626 1977 ultima
644 1923 723 1977 taxae
735 1918 926 1994 pecuniariae,
951 1932 1021 1976 eum
1032 1913 1186 1974 Poeniten·

159 2003 243 2064 tiaria
256 2004 347 2080 gratis
361 2005 520 2082 dispenset,
537 2012 567 2065 et
577 2016 679 2066 texam
693 2024 754 2066 non
771 2009 884 2082 exigat,
901 2011 933 2066 30
949 2023 987 2065 au
1001 2001 1185 2079 dispensatio

160 2098 277 2168 petatur
291 2093 330 2152 ad
352 2094 589 2154 contrahendum
612 2094 844 2169 matrimonium,
859 2096 907 2155 vel
920 2090 1110 2154 matrimonio
1121 2091 1186 2165 jam

160 2187 327 2254 contract03
343 2188 374 2242 l·
387 2199 424 2242 an
438 2182 661 2244 matrimonium
684 2191 871 2245 contractum
891 2183 939 2256 sit,
958 2181 1044 2241 iactis
1057 2181 1107 2239 vel
1124 2179 1185 2237 dis-

159 2269 291 2342 pensetis
309 2271 573 2348 publicationibus3
594 2278 626 2332 50
637 2289 675 2332 arr
690 2279 876 2334 contractum
891 2272 929 2332 sit
941 2272 1032 2344 bona,
1046 2270 1096 2328 vel
1106 2269 1185 2328 mala

159 2355 232 2429 nde,
248 2361 277 2416 60
291 2361 451 2436 quogradu
465 2360 737 2435 consanguinitatis,
752 2363 801 2421 vel
812 2359 962 2420 affinitatis
976 2364 1111 2418 oratores
1125 2356 1184 2416 sint

159 2447 311 2524 conjuncti
324 2453 381 2521 (l);
408 2455 439 2509 70
463 2449 690 2522 incarnatione
709 2450 911 2526 spiritualier
931 2449 969 2508 sit
995 2446 1108 2520 filiatio,
1133 2447 1184 2506 vel

159 2538 390 2610 compaternitas
413 2539 541 2614 simplex
555 2543 611 2611 (2);
630 2544 660 2598 80
673 2538 703 2598 iu
718 2539 852 2612 crimine,
868 2556 906 2600 au
922 2538 959 2599 sit
973 2553 1043 2597 oum
1055 2535 1104 2594 vel
1117 2533 1182 2594 sine

158 2625 386 2688 machinatione.
401 2629 544 2704 lienique,
558 2627 674 2688 reticita
688 2629 810 2690 nomine
832 2635 986 2691 oratorum
999 2628 1040 2696 (3)
1062 2630 1091 2684 et
1107 2623 1182 2682 dico-

163 2711 249 2786 cesis,
265 2717 393 2790 supplex
414 2716 531 2776 libellus
557 2716 653 2791 iiajcri
674 2717 894 2779 poenitentiario
917 2715 1079 2793 porrigitur
1096 2714 1182 2789 juxta

117 2807 120 2815 “
158 2797 300 2860 formulas
314 2803 352 2861 ab
363 2803 534 2864 auctoribus
547 2803 678 2878 traditas,
689 2803 720 2863 in
735 2805 843 2881 quibus
853 2807 939 2881 iuxta
953 2821 1042 2868 essue
1055 2802 1181 2882 qualite-

158 2892 219 2948 tem
232 2890 402 2952 necessaria
415 2896 627 2968 exponuntur(
648 2898 669 2966 ).
702 2955 707 2966 ,

189 3045 224 3111 (i)
238 3045 344 3099 Gradus
359 3050 449 3100 tamen
461 3049 638 3115 propinquior
646 3063 701 3101 non
711 3052 753 3102 est
763 3051 917 3104 necessario
931 3051 1114 3117 exponendus,
1124 3054 1178 3105 nisi

159 3117 195 3168 ait
207 3117 310 3182 primus
325 3137 331 3168 ι
346 3117 444 3170 sufficit
458 3120 529 3171 enim
551 3121 721 3172 remotiorem
735 3121 896 3186 exprimere,
911 3136 953 3174 err.
969 3137 1008 3188 gr.
1025 3123 1139 3183 tertium,
1154 3126 1177 3175 si

158 3192 277 3240 oratores
292 3189 346 3240 sint
361 3191 529 3254 insecundo,
545 3195 572 3243 et
589 3192 683 3251 tertio;
700 3193 744 3244 vel
757 3200 893 3260 quartum,
908 3195 1003 3262 sisini
1018 3195 1045 3245 in
1061 3195 1136 3246 tertio
1151 3199 1177 3247 at

159 3265 263 3326 quarto.
279 3259 335 3312 Nec
348 3265 390 3314 est
403 3263 556 3314 necessario
571 3263 728 3328 exponenda
742 3265 846 3328 copula,
860 3268 911 3318 nisi
926 3266 1020 3317 habita
1032 3265 1113 3317 luerit
1125 3269 1175 3317 sub

158 3343 208 3395 spe
221 3331 328 3384 facilius
341 3333 479 3384 obtinendi
493 3333 737 3400 dispensationem:
756 3340 813 3387 tum
826 3339 890 3403 quia
897 3338 1035 3401 expositio
1049 3339 1175 3403 simplicis

158 3401 262 3465 oopulae
276 3404 424 3469 requiritur
438 3410 541 3456 tantum
556 3406 583 3454 in
600 3405 718 3470 Deteria,
734 3419 795 3457 oum
816 3408 914 3472 copula
928 3409 1038 3472 publica
1051 3416 1104 3468 est;
1119 3415 1174 3459 tum

159 3473 223 3538 quia
245 3473 439 3527 declarationes
462 3475 489 3528 S.
513 3476 732 3542 congregationis
750 3478 872 3538 Consilii,
886 3489 948 3544 <praa
971 3483 1038 3531 liunt
1056 3494 1103 3545 pro
1118 3481 1173 3532 soro

161 3549 280 3605 externo,
294 3559 348 3598 non
362 3551 476 3612 possunt
490 3547 622 3612 applicari
636 3549 858 3614 poenitentiarius,
871 3563 933 3616 quae
942 3565 990 3618 pro
1003 3552 1060 3602 icro
1074 3557 1173 3603 tantum

159 3617 330 3673 commentia
343 3618 490 3696 dispensat.
504 3618 603 3688 Quane,
618 3619 642 3672 si
655 3624 717 3692 post
728 3621 865 3676 obtentam
878 3620 1102 3693 dispensationem
1113 3637 1130 3678 a
1144 3623 1172 3676 S.
