2432 4078
621 147 777 204 ...348-

210 269 273 329 d'tt.
292 270 524 338 Testamentum,
537 272 572 327 ut
591 266 679 328 tacite
692 263 849 328 deducitur
867 283 906 327 cx
925 267 988 343 ejus
1007 264 1160 339 defiuitione,

175 354 402 432 comprehcndit
422 355 551 431 legatum
570 355 651 432 qnod
665 353 817 429 definitur,
835 356 952 416 donatio
970 355 1161 432 pemmone-

173 447 275 521 sunoto
288 443 401 516 relicta,
423 451 450 504 et
468 443 505 504 ut>
528 443 639 504 herede
658 445 838 520 prestando.
855 450 994 521 Legatum
1008 445 1065 520 iure
1075 449 1162 502 nostro

173 532 318 594 hodierno
329 532 522 592 donationem
535 549 626 592 causa
635 532 738 592 mortis
753 533 968 611 complectitur,
981 532 1045 594 ticet
1058 531 1163 592 011111111-
1208 529 1209 564 ³

172 627 218 682 ter
232 621 315 694 illud,
327 621 441 681 ethanc
450 620 588 696 quaenam
599 621 738 682 adessent
751 623 933 683 differentiae.
947 622 999 696 Qui
1009 621 1080 682 enim
1091 635 1164 679 causa

172 709 278 772 mortis
291 708 392 782 donat,
407 709 448 770 ita
461 709 562 782 donat,
578 715 611 770 ut
623 714 739 770 tantum
753 718 822 787 post
835 717 963 772 mortem
976 724 1055 770 suam
1066 705 1164 768 donatio

171 799 311 860 effectum
322 799 473 872 sortietur,
487 805 519 857 ct
534 803 569 858 ut
581 797 702 858 donatio
715 806 836 859 maneat
847 816 902 876 per
914 799 980 876 ejus
992 799 1054 860 vitm
1066 809 1165 856 cunum

169 887 346 950 revocabilis
359 891 415 960 (t);
431 905 471 948 ex
484 903 544 964 quc
557 886 670 962 liquido
684 894 817 964 apparet,
831 904 898 948 cam
911 887 1015 963 legatis
1027 882 1164 946 assimilari.

170 978 253 1040 Unde
266 984 347 1040 recte
358 977 456 1038 aiebat
466 977 699 1054 jurisconsultus
712 982 863 1038 Romanus
877 996 884 1036 :
898 977 937 1036 ln
947 977 1047 1053 tepetis
1058 973 1118 1051 quid
1123 973 1163 1048 ju

169 1067 213 1128 ris
227 1074 279 1142 est,
294 1067 325 1128 id
339 1067 372 1126 in
384 1066 490 1126 mortis
509 1082 599 1126 cauca
614 1065 820 1126 deiectionibus
839 1066 893 1126 erit
913 1065 1112 1142 accipiendum.
1124 1065 1165 1122 Le·

169 1163 272 1232 gutum
285 1155 328 1216 uti
352 1161 562 1216 testamentum
582 1153 673 1214 dividi
690 1158 790 1230 potest
814 1151 844 1213 in
859 1154 993 1230 legatum
1014 1153 1048 1213 ed
1070 1165 1167 1214 causan

168 1244 336 1320 protanam,
350 1249 381 1304 et
394 1244 524 1320 legatum
538 1241 577 1302 ad
593 1258 715 1304 causam
726 1242 817 1319 piam,
829 1244 878 1303 vel
897 1242 1067 1320 simpliciter
1078 1241 1105 1299 in
1115 1254 1167 1316 pru·

167 1333 287 1408 tanum,
298 1332 432 1408 ceptum.
448 1331 607 1392 moranum
621 1337 717 1403 sonat,
736 1330 818 1406 quod
830 1331 918 1401 laico,
936 1332 988 1392 vel
1001 1329 1104 1392 clerico
1119 1335 1169 1387 tau·
1210 1325 1211 1334 ’

168 1438 258 1497 quam
275 1422 360 1493 laico,
374 1421 424 1480 vel
438 1435 575 1496 personae
588 1419 694 1480 morati
710 1436 749 1480 ex
762 1437 853 1480 causa
864 1421 990 1496 profana
1004 1415 1168 1494 relinquitur,

166 1509 248 1586 pium
256 1509 428 1585 vero,quod
437 1509 612 1584 relinquitur
621 1507 730 1568 clerico
740 1514 891 1586 tamquam
899 1508 1040 1570 Ecclesiae
1047 1506 1169 1575 ministro,

166 1600 215 1658 vel
228 1599 285 1674 ipsi
298 1597 448 1671 Ecclesiae,
464 1603 514 1657 aut
529 1613 628 1657 causae
641 1593 714 1673 pic,
731 1594 770 1656 dc
788 1613 848 1670 quo
864 1603 1022 1677 postremo
1035 1613 1073 1656 ex
1087 1597 1169 1654 nostro

166 1686 299 1746 instituto
314 1686 438 1762 agimus.
455 1689 518 1744 Hoc
536 1683 695 1760 inprimis,
710 1685 963 1760 quemadmodum
985 1689 1171 1745 testamentum

167 1775 261 1851 pium,
275 1781 321 1834 est
335 1773 561 1852 privilegiatum,
581 1773 659 1833 sicut
672 1789 778 1833 omnes
792 1771 953 1832 canonistae
973 1774 1083 1833 docent
1096 1790 1103 1829 ε
1118 1783 1172 1829 nan

165 1862 205 1922 ad
220 1863 353 1923 valorem
366 1862 455 1937 hujus
468 1861 557 1938 legati
571 1862 652 1922 nulla
672 1860 748 1938 juris
766 1861 937 1921 solemnitas
951 1860 1121 1938 requiritur3
1133 1853 1174 1915 sod

168 1951 287 2026 sufficit,
301 1951 327 2010 si
340 1951 378 2011 dc
392 1952 544 2011 voluntate
557 1950 706 2011 testatoris
716 1965 910 2027 quocumque
923 1950 1018 2010 modo
1033 1951 1147 2009 constat.

197 2097 234 2163 (1)
247 2097 317 2150 Hinc
331 2099 424 2164 patent
435 2095 595 2148 differentiae
613 2095 872 2148 interdonationem
890 2108 975 2148 causa
991 2095 1096 2158 mortis,
1109 2089 1175 2144 etde·
1212 2087 1213 2130 3

164 2171 305 2222 nationem
327 2167 494 2232 interrivos,
509 2181 571 2233 quas
593 2181 642 2233 por
664 2170 754 2219 actum
775 2166 926 2220 donationis
949 2166 1103 2232 perficitur,
1121 2160 1176 2214 etit

167 2239 354 2293 irrevocabilis
364 2239 443 2304 juxta
456 2251 505 2290 suo
520 2237 577 2290 ioco
591 2238 720 2304 exposita.

200 2432 264 2490 611.
284 2431 447 2504 Propterea
464 2423 597 2488 ualidum
613 2424 777 2485 aestimstur
797 2424 927 2500 legatum
941 2423 1047 2500 pium:
1062 2426 1092 2483 1ο
1110 2413 1178 2497 quuod

163 2515 275 2576 tactum
288 2513 343 2576 fuit
357 2531 459 2576 coram
473 2514 617 2591 parocho,
635 2521 665 2574 ct
678 2513 796 2574 duobus
808 2511 943 2587 testibus,
959 2513 1010 2573 vel
1024 2513 1125 2572 saltem
1137 2525 1178 2568 co·

163 2621 228 2664 ram
243 2604 360 2664 duobus
377 2601 501 2664 testibus
511 2607 551 2676 (1)
567 2620 574 2675 ;
589 2607 619 2662 t⁰
630 2602 711 2678 quod
724 2601 835 2663 tactum
850 2600 904 2662 suit
917 2599 1007 2660 nudis
1022 2592 1178 2672 seruisset

164 2691 254 2752 etiam
267 2699 383 2753 tantum
399 2698 484 2766 nutu,
499 2691 590 2751 modo
605 2689 787 2751 sufficienter
800 2689 947 2766 significet
965 2687 1118 2750 testatoris
1135 2702 1177 2743 vo·

164 2781 310 2841 lunmtem
324 2785 375 2855 (2),
386 2787 417 2842 3⁰
429 2781 511 2858 quod
520 2777 732 2840 factumfuitin
743 2785 920 2839 testamento
929 2779 1069 2855 profano,
1078 2771 1178 2838 etiamsi

162 2875 374 2930 testamentum
383 2870 422 2929 ob
437 2869 586 2931 deiectum
595 2867 897 2945 solemnitatumjuris
909 2866 1006 2928 civilis
1020 2868 1060 2929 sit
1070 2867 1178 2934 nullum,

163 2955 328 3017 dummodo
344 2973 379 3017 ea
397 2958 559 3033 contineat,
577 2974 644 3034 quae
661 2957 699 3016 de
717 2959 785 3033 jure
806 2963 920 3016 naturae
939 2963 969 3016 et
993 2957 1128 3033 gentium
1139 2968 1178 3012 ro

163 3045 321 3121 quiruntur
335 3049 390 3121 (3);
411 3048 442 3107 t⁰
456 3046 536 3124 quod
550 3047 663 3106 factmu
675 3045 729 3105 suit
743 3045 775 3104 in
790 3051 979 3118 testamento,
995 3045 1085 3119 cujus
1096 3045 1180 3102 haeres

162 3133 308 3209 noluerit,
331 3141 462 3196 autnon
480 3134 611 3211 potnerit
632 3133 834 3194 haereditatem
852 3132 949 3208 edirc;
972 3149 1045 3192 nam
1063 3134 1180 3208 legatum

162 3222 246 3299 pium
259 3221 349 3284 etiam
362 3225 477 3300 absque
491 3230 679 3298 testamento,
694 3228 726 3284 et
738 3223 776 3282 ab
790 3222 929 3284 intestato
942 3222 1103 3294 subsistit(
1121 3227 1140 3294 ).

193 3388 310 3455 (neap.
327 3389 356 3441 10
374 3393 401 3440 ot
417 3387 455 3448 11,
470 3387 504 3440 da
521 3391 627 3442 testem.
646 3417 673 3428 -
687 3389 723 3455 (t)
736 3390 800 3454 Cap.
815 3390 839 3453 t,
858 3389 916 3441 eod.
932 3393 959 3441 et
977 3387 1070 3442 Gloss.
1086 3387 1114 3439 111
1129 3397 1177 3450 cap

168 3459 204 3519 13,
217 3461 301 3514 verbo
313 3458 514 3523 dispositionem
523 3459 556 3510 de
578 3464 684 3512 testem.
699 3487 731 3500 -
744 3461 779 3526 (3)
793 3458 968 3512 Reideustuel
981 3459 1017 3511 de
1041 3463 1145 3514 testum
1157 3467 1178 3505 u·

165 3531 218 3582 161.
235 3558 262 3568 -
278 3531 312 3594 (1)
325 3531 408 3584 Gard.
425 3529 516 3594 Sosiis
528 3530 596 3584 Iust.
607 3533 663 3596 jur.
677 3532 746 3598 priv.
761 3531 783 3594 1.
798 3531 853 3584 113.
