<?xml version="1.0" encoding="UTF-8"?>
<!DOCTYPE html PUBLIC "-//W3C//DTD XHTML 1.0 Transitional//EN"
    "http://www.w3.org/TR/xhtml1/DTD/xhtml1-transitional.dtd">
<html xmlns="http://www.w3.org/1999/xhtml" xml:lang="en" lang="en">
 <head>
  <title>
</title>
<meta http-equiv="Content-Type" content="text/html;charset=utf-8" />
  <meta name='ocr-system' content='tesseract 3.04.00' />
  <meta name='ocr-capabilities' content='ocr_page ocr_carea ocr_par ocr_line ocrx_word'/>
</head>
<body>
  <div class='ocr_page' id='page_1' title='image "./summainstitutio01ferrgoog_0452.png"; bbox 0 0 2524 4080; ppageno 0'>
   <div class='ocr_carea' id='block_1_1' title="bbox 936 130 944 160">
    <p class='ocr_par' dir='ltr' id='par_1_1' title="bbox 936 130 944 160">
     <span class='ocr_line' id='line_1_1' title="bbox 936 130 944 160; baseline 0 0"><span class='ocrx_word' id='word_1_1' title='bbox 936 130 944 160; x_wconf 71' lang='lat' dir='ltr'>l</span> 
     </span>
    </p>
   </div>
   <div class='ocr_carea' id='block_1_2' title="bbox 557 171 720 229">
    <p class='ocr_par' dir='ltr' id='par_1_2' title="bbox 557 171 720 229">
     <span class='ocr_line' id='line_1_2' title="bbox 557 171 720 229; baseline 0 -15"><span class='ocrx_word' id='word_1_2' title='bbox 557 199 594 214; x_wconf 89' lang='grc'>-..</span> <span class='ocrx_word' id='word_1_3' title='bbox 611 171 720 229; x_wconf 53' lang='grc' dir='ltr'>4η,-</span> 
     </span>
    </p>
   </div>
   <div class='ocr_carea' id='block_1_3' title="bbox 128 288 1192 633">
    <p class='ocr_par' dir='ltr' id='par_1_3' title="bbox 128 288 1192 633">
     <span class='ocr_line' id='line_1_3' title="bbox 128 288 1192 372; baseline -0.002 -16"><span class='ocrx_word' id='word_1_4' title='bbox 128 307 210 368; x_wconf 76' lang='lat' dir='ltr'>rum</span> <span class='ocrx_word' id='word_1_5' title='bbox 225 308 287 354; x_wconf 92' lang='lat' dir='ltr'>uon</span> <span class='ocrx_word' id='word_1_6' title='bbox 300 291 371 354; x_wconf 83' lang='lat' dir='ltr'>ilem</span> <span class='ocrx_word' id='word_1_7' title='bbox 383 293 414 354; x_wconf 90' lang='lat' dir='ltr'>in</span> <span class='ocrx_word' id='word_1_8' title='bbox 429 289 564 370; x_wconf 87' lang='lat' dir='ltr'>capitulis</span> <span class='ocrx_word' id='word_1_9' title='bbox 574 297 615 368; x_wconf 72' lang='lat'>(2)</span> <span class='ocrx_word' id='word_1_10' title='bbox 626 311 634 368; x_wconf 81' lang='lat'>3</span> <span class='ocrx_word' id='word_1_11' title='bbox 644 297 673 354; x_wconf 69' lang='lat'>2¹</span> <span class='ocrx_word' id='word_1_12' title='bbox 686 294 826 356; x_wconf 83' lang='lat' dir='ltr'>articulos</span> <span class='ocrx_word' id='word_1_13' title='bbox 837 294 979 372; x_wconf 85' lang='lat' dir='ltr'>proponit</span> <span class='ocrx_word' id='word_1_14' title='bbox 989 301 1050 356; x_wconf 87' lang='lat' dir='ltr'>tem</span> <span class='ocrx_word' id='word_1_15' title='bbox 1059 301 1157 370; x_wconf 89' lang='lat' dir='ltr'>actor,</span> <span class='ocrx_word' id='word_1_16' title='bbox 1189 288 1192 298; x_wconf 75' lang='lat'><em>&#39;</em></span> 
     </span>
     <span class='ocr_line' id='line_1_4' title="bbox 128 383 1158 462; baseline 0.001 -19"><span class='ocrx_word' id='word_1_17' title='bbox 128 399 323 460; x_wconf 77' lang='lat' dir='ltr'>quamnam,</span> <span class='ocrx_word' id='word_1_18' title='bbox 337 383 391 444; x_wconf 86' lang='lat' dir='ltr'>sed</span> <span class='ocrx_word' id='word_1_19' title='bbox 411 383 542 458; x_wconf 86' lang='lat' dir='ltr'>capitula</span> <span class='ocrx_word' id='word_1_20' title='bbox 563 384 704 460; x_wconf 86' lang='lat' dir='ltr'>proponit</span> <span class='ocrx_word' id='word_1_21' title='bbox 722 390 838 444; x_wconf 84' lang='lat' dir='ltr'>tantum</span> <span class='ocrx_word' id='word_1_22' title='bbox 857 390 1014 462; x_wconf 78' lang='lat' dir='ltr'>Promotou</span> <span class='ocrx_word' id='word_1_23' title='bbox 1036 385 1158 458; x_wconf 82' lang='lat' dir='ltr'>fiscalis,</span> 
     </span>
     <span class='ocr_line' id='line_1_5' title="bbox 128 469 1159 633; baseline 0.001 -102"><span class='ocrx_word' id='word_1_24' title='bbox 128 489 197 620; x_wconf 50' lang='lat'>1323</span> <span class='ocrx_word' id='word_1_25' title='bbox 197 487 361 633; x_wconf 49' lang='lat' dir='ltr'>0Quoue</span> <span class='ocrx_word' id='word_1_26' title='bbox 374 469 543 548; x_wconf 84' lang='lat' dir='ltr'>inquisitus,</span> <span class='ocrx_word' id='word_1_27' title='bbox 558 471 609 548; x_wconf 89' lang='lat' dir='ltr'>qui</span> <span class='ocrx_word' id='word_1_28' title='bbox 628 477 744 532; x_wconf 88' lang='lat' dir='ltr'>tautum</span> <span class='ocrx_word' id='word_1_29' title='bbox 764 472 884 534; x_wconf 81' lang='lat' dir='ltr'>exhibet</span> <span class='ocrx_word' id='word_1_30' title='bbox 898 473 1042 534; x_wconf 80' lang='lat' dir='ltr'>articulos</span> <span class='ocrx_word' id='word_1_31' title='bbox 1055 474 1159 534; x_wconf 89' lang='lat' dir='ltr'>delen·</span> 
     </span>
    </p>
   </div>
   <div class='ocr_carea' id='block_1_4' title="bbox 91 719 1236 2198">
    <p class='ocr_par' dir='ltr' id='par_1_4' title="bbox 91 719 1236 2198">
     <span class='ocr_line' id='line_1_6' title="bbox 160 719 1155 792; baseline 0.003 -19"><span class='ocrx_word' id='word_1_32' title='bbox 160 721 198 788; x_wconf 85' lang='lat' dir='ltr'>(l)</span> <span class='ocrx_word' id='word_1_33' title='bbox 211 721 275 788; x_wconf 79' lang='lat' dir='ltr'>Cep.</span> <span class='ocrx_word' id='word_1_34' title='bbox 291 719 411 788; x_wconf 78' lang='lat' dir='ltr'>Qudliter</span> <span class='ocrx_word' id='word_1_35' title='bbox 423 724 449 776; x_wconf 76' lang='lat' dir='ltr'>et</span> <span class='ocrx_word' id='word_1_36' title='bbox 462 721 570 788; x_wconf 75' lang='lat' dir='ltr'>quande</span> <span class='ocrx_word' id='word_1_37' title='bbox 584 721 618 774; x_wconf 90' lang='lat' dir='ltr'>de</span> <span class='ocrx_word' id='word_1_38' title='bbox 632 725 751 774; x_wconf 83' lang='lat' dir='ltr'>accusat.</span> <span class='ocrx_word' id='word_1_39' title='bbox 764 747 796 762; x_wconf 87' lang='grc'>-</span> <span class='ocrx_word' id='word_1_40' title='bbox 809 723 847 788; x_wconf 75' lang='lat' dir='ltr'>(t)</span> <span class='ocrx_word' id='word_1_41' title='bbox 856 723 889 774; x_wconf 90' lang='lat' dir='ltr'>In</span> <span class='ocrx_word' id='word_1_42' title='bbox 902 723 1067 776; x_wconf 80' lang='lat' dir='ltr'>exhibitione</span> <span class='ocrx_word' id='word_1_43' title='bbox 1081 725 1155 792; x_wconf 85' lang='lat' dir='ltr'>cepi-</span> 
     </span>
     <span class='ocr_line' id='line_1_7' title="bbox 130 792 1159 862; baseline 0.001 -17"><span class='ocrx_word' id='word_1_44' title='bbox 130 793 252 845; x_wconf 88' lang='lat' dir='ltr'>tulorum</span> <span class='ocrx_word' id='word_1_45' title='bbox 272 806 328 844; x_wconf 90' lang='lat' dir='ltr'>non</span> <span class='ocrx_word' id='word_1_46' title='bbox 346 792 519 845; x_wconf 79' lang='lat' dir='ltr'>nominantur</span> <span class='ocrx_word' id='word_1_47' title='bbox 533 795 623 851; x_wconf 82' lang='lat' dir='ltr'>testes,</span> <span class='ocrx_word' id='word_1_48' title='bbox 639 794 703 858; x_wconf 85' lang='lat' dir='ltr'>quia</span> <span class='ocrx_word' id='word_1_49' title='bbox 726 795 798 846; x_wconf 83' lang='lat' dir='ltr'>facts</span> <span class='ocrx_word' id='word_1_50' title='bbox 816 794 904 846; x_wconf 89' lang='lat' dir='ltr'>adhuc</span> <span class='ocrx_word' id='word_1_51' title='bbox 926 809 980 846; x_wconf 89' lang='lat' dir='ltr'>non</span> <span class='ocrx_word' id='word_1_52' title='bbox 995 796 1159 862; x_wconf 89' lang='lat' dir='ltr'>supponitur</span> 
     </span>
     <span class='ocr_line' id='line_1_8' title="bbox 127 863 1159 931; baseline 0.001 -16"><span class='ocrx_word' id='word_1_53' title='bbox 127 875 275 931; x_wconf 81' lang='lat' dir='ltr'>processus</span> <span class='ocrx_word' id='word_1_54' title='bbox 288 863 436 930; x_wconf 75' lang='lat' dir='ltr'>criminalis</span> <span class='ocrx_word' id='word_1_55' title='bbox 448 863 616 928; x_wconf 79' lang='lat' dir='ltr'>legitimatic,</span> <span class='ocrx_word' id='word_1_56' title='bbox 633 864 691 916; x_wconf 89' lang='lat' dir='ltr'>sine</span> <span class='ocrx_word' id='word_1_57' title='bbox 710 879 763 930; x_wconf 89' lang='lat' dir='ltr'>qua</span> <span class='ocrx_word' id='word_1_58' title='bbox 772 879 822 916; x_wconf 88' lang='lat' dir='ltr'>nec</span> <span class='ocrx_word' id='word_1_59' title='bbox 830 865 962 930; x_wconf 84' lang='lat' dir='ltr'>judicium</span> <span class='ocrx_word' id='word_1_60' title='bbox 974 870 1025 927; x_wconf 88' lang='lat' dir='ltr'>est,</span> <span class='ocrx_word' id='word_1_61' title='bbox 1038 879 1089 917; x_wconf 89' lang='lat' dir='ltr'>nec</span> <span class='ocrx_word' id='word_1_62' title='bbox 1102 869 1159 930; x_wconf 84' lang='lat' dir='ltr'>pot·</span> 
     </span>
     <span class='ocr_line' id='line_1_9' title="bbox 130 933 1160 1000; baseline 0.001 -13"><span class='ocrx_word' id='word_1_63' title='bbox 130 934 319 987; x_wconf 85' lang='lat' dir='ltr'>estsentantie</span> <span class='ocrx_word' id='word_1_64' title='bbox 339 933 421 994; x_wconf 86' lang='lat' dir='ltr'>larri;</span> <span class='ocrx_word' id='word_1_65' title='bbox 436 934 502 999; x_wconf 84' lang='lat' dir='ltr'>quia</span> <span class='ocrx_word' id='word_1_66' title='bbox 522 944 666 998; x_wconf 80' lang='lat' dir='ltr'>processus</span> <span class='ocrx_word' id='word_1_67' title='bbox 680 935 841 1000; x_wconf 81' lang='lat' dir='ltr'>legitimatio</span> <span class='ocrx_word' id='word_1_68' title='bbox 862 941 936 988; x_wconf 86' lang='lat' dir='ltr'>tenet</span> <span class='ocrx_word' id='word_1_69' title='bbox 959 937 1047 987; x_wconf 89' lang='lat' dir='ltr'>locum</span> <span class='ocrx_word' id='word_1_70' title='bbox 1069 942 1160 988; x_wconf 85' lang='lat' dir='ltr'>conle-</span> 
     </span>
     <span class='ocr_line' id='line_1_10' title="bbox 131 1001 1183 1073; baseline 0.003 -17"><span class='ocrx_word' id='word_1_71' title='bbox 131 1005 257 1072; x_wconf 77' lang='lat' dir='ltr'>stelionis</span> <span class='ocrx_word' id='word_1_72' title='bbox 266 1006 330 1057; x_wconf 91' lang='lat' dir='ltr'>litis.</span> <span class='ocrx_word' id='word_1_73' title='bbox 341 1001 499 1057; x_wconf 82' lang='lat' dir='ltr'>constructo</span> <span class='ocrx_word' id='word_1_74' title='bbox 512 1004 584 1056; x_wconf 89' lang='lat' dir='ltr'>euim</span> <span class='ocrx_word' id='word_1_75' title='bbox 595 1007 640 1057; x_wconf 83' lang='lat' dir='ltr'>vio</span> <span class='ocrx_word' id='word_1_76' title='bbox 647 1007 829 1072; x_wconf 85' lang='lat' dir='ltr'>inquisitionis</span> <span class='ocrx_word' id='word_1_77' title='bbox 838 1021 967 1073; x_wconf 88' lang='lat' dir='ltr'>processu</span> <span class='ocrx_word' id='word_1_78' title='bbox 978 1008 1160 1070; x_wconf 77' lang='lat' dir='ltr'>informatius,</span> <span class='ocrx_word' id='word_1_79' title='bbox 1182 1062 1183 1065; x_wconf 58' lang='grc'>,</span> 
     </span>
     <span class='ocr_line' id='line_1_11' title="bbox 131 1076 1160 1143; baseline 0.002 -15"><span class='ocrx_word' id='word_1_80' title='bbox 131 1090 196 1128; x_wconf 87' lang='lat' dir='ltr'>reus</span> <span class='ocrx_word' id='word_1_81' title='bbox 209 1079 320 1128; x_wconf 82' lang='lat' dir='ltr'>vocatur</span> <span class='ocrx_word' id='word_1_82' title='bbox 330 1076 365 1128; x_wconf 89' lang='lat' dir='ltr'>ad</span> <span class='ocrx_word' id='word_1_83' title='bbox 375 1077 558 1135; x_wconf 86' lang='lat' dir='ltr'>constitutum,</span> <span class='ocrx_word' id='word_1_84' title='bbox 569 1079 610 1128; x_wconf 85' lang='lat' dir='ltr'>vel</span> <span class='ocrx_word' id='word_1_85' title='bbox 622 1078 658 1129; x_wconf 87' lang='lat' dir='ltr'>ad</span> <span class='ocrx_word' id='word_1_86' title='bbox 668 1079 837 1130; x_wconf 89' lang='lat' dir='ltr'>subeundum</span> <span class='ocrx_word' id='word_1_87' title='bbox 851 1093 972 1141; x_wconf 74' lang='lat' dir='ltr'>examen,</span> <span class='ocrx_word' id='word_1_88' title='bbox 982 1084 1008 1130; x_wconf 91' lang='lat' dir='ltr'>et</span> <span class='ocrx_word' id='word_1_89' title='bbox 1017 1092 1160 1143; x_wconf 83' lang='lat' dir='ltr'>processus</span> 
     </span>
     <span class='ocr_line' id='line_1_12' title="bbox 130 1146 1159 1215; baseline 0 -15"><span class='ocrx_word' id='word_1_90' title='bbox 130 1161 187 1200; x_wconf 88' lang='lat' dir='ltr'>non</span> <span class='ocrx_word' id='word_1_91' title='bbox 201 1147 300 1200; x_wconf 89' lang='lat' dir='ltr'>dicitur</span> <span class='ocrx_word' id='word_1_92' title='bbox 312 1148 485 1213; x_wconf 83' lang='lat' dir='ltr'>legitimatus,</span> <span class='ocrx_word' id='word_1_93' title='bbox 500 1146 553 1198; x_wconf 87' lang='lat' dir='ltr'>nisi</span> <span class='ocrx_word' id='word_1_94' title='bbox 567 1159 631 1200; x_wconf 81' lang='lat' dir='ltr'>rens</span> <span class='ocrx_word' id='word_1_95' title='bbox 651 1149 778 1210; x_wconf 88' lang='lat' dir='ltr'>declaret,</span> <span class='ocrx_word' id='word_1_96' title='bbox 794 1163 824 1202; x_wconf 90' lang='lat' dir='ltr'>se</span> <span class='ocrx_word' id='word_1_97' title='bbox 838 1149 940 1202; x_wconf 85' lang='lat' dir='ltr'>hahere</span> <span class='ocrx_word' id='word_1_98' title='bbox 953 1153 1037 1201; x_wconf 88' lang='lat' dir='ltr'>testas</span> <span class='ocrx_word' id='word_1_99' title='bbox 1051 1150 1079 1200; x_wconf 90' lang='lat' dir='ltr'>in</span> <span class='ocrx_word' id='word_1_100' title='bbox 1092 1163 1159 1215; x_wconf 85' lang='lat' dir='ltr'>pro·</span> 
     </span>
     <span class='ocr_line' id='line_1_13' title="bbox 132 1217 1157 1289; baseline 0.001 -18"><span class='ocrx_word' id='word_1_101' title='bbox 132 1231 213 1271; x_wconf 87' lang='lat' dir='ltr'>cessu</span> <span class='ocrx_word' id='word_1_102' title='bbox 232 1219 402 1271; x_wconf 79' lang='lat' dir='ltr'>informativo</span> <span class='ocrx_word' id='word_1_103' title='bbox 417 1217 583 1273; x_wconf 79' lang='lat' dir='ltr'>examinatos</span> <span class='ocrx_word' id='word_1_104' title='bbox 604 1233 653 1289; x_wconf 82' lang='lat' dir='ltr'>pre</span> <span class='ocrx_word' id='word_1_105' title='bbox 668 1221 718 1272; x_wconf 85' lang='lat' dir='ltr'>rite</span> <span class='ocrx_word' id='word_1_106' title='bbox 732 1219 902 1285; x_wconf 84' lang='lat' dir='ltr'>examinatis,</span> <span class='ocrx_word' id='word_1_107' title='bbox 914 1221 957 1272; x_wconf 87' lang='lat' dir='ltr'>vel</span> <span class='ocrx_word' id='word_1_108' title='bbox 971 1221 1038 1271; x_wconf 81' lang='lat' dir='ltr'>alies</span> <span class='ocrx_word' id='word_1_109' title='bbox 1059 1221 1104 1270; x_wconf 88' lang='lat' dir='ltr'>ilat</span> <span class='ocrx_word' id='word_1_110' title='bbox 1119 1225 1157 1272; x_wconf 86' lang='lat' dir='ltr'>te·</span> 
     </span>
     <span class='ocr_line' id='line_1_14' title="bbox 132 1291 1163 1358; baseline 0.003 -16"><span class='ocrx_word' id='word_1_111' title='bbox 132 1291 217 1342; x_wconf 89' lang='lat' dir='ltr'>stium</span> <span class='ocrx_word' id='word_1_112' title='bbox 228 1291 339 1358; x_wconf 88' lang='lat' dir='ltr'>repetio,</span> <span class='ocrx_word' id='word_1_113' title='bbox 349 1291 392 1342; x_wconf 80' lang='lat' dir='ltr'>vel</span> <span class='ocrx_word' id='word_1_114' title='bbox 403 1291 462 1356; x_wconf 92' lang='lat' dir='ltr'>ipse</span> <span class='ocrx_word' id='word_1_115' title='bbox 471 1293 517 1343; x_wconf 82' lang='lat' dir='ltr'>flet</span> <span class='ocrx_word' id='word_1_116' title='bbox 527 1295 678 1342; x_wconf 88' lang='lat' dir='ltr'>contumax.</span> <span class='ocrx_word' id='word_1_117' title='bbox 687 1291 857 1357; x_wconf 81' lang='lat' dir='ltr'>Pellegrinus</span> <span class='ocrx_word' id='word_1_118' title='bbox 866 1294 936 1356; x_wconf 84' lang='lat' dir='ltr'>pert.</span> <span class='ocrx_word' id='word_1_119' title='bbox 944 1292 968 1356; x_wconf 85' lang='lat'>4,</span> <span class='ocrx_word' id='word_1_120' title='bbox 978 1294 1042 1343; x_wconf 88' lang='lat' dir='ltr'>sect.</span> <span class='ocrx_word' id='word_1_121' title='bbox 1051 1293 1076 1352; x_wconf 83' lang='lat'>9,</span> <span class='ocrx_word' id='word_1_122' title='bbox 1086 1306 1113 1342; x_wconf 86' lang='lat' dir='ltr'>n.</span> <span class='ocrx_word' id='word_1_123' title='bbox 1124 1293 1163 1345; x_wconf 86' lang='grc'>56.</span> 
     </span>
     <span class='ocr_line' id='line_1_15' title="bbox 129 1361 1160 1428; baseline -0.001 -13"><span class='ocrx_word' id='word_1_124' title='bbox 129 1363 194 1415; x_wconf 82' lang='lat' dir='ltr'>Jem</span> <span class='ocrx_word' id='word_1_125' title='bbox 205 1373 268 1413; x_wconf 85' lang='lat' dir='ltr'>vero</span> <span class='ocrx_word' id='word_1_126' title='bbox 281 1361 431 1426; x_wconf 81' lang='lat' dir='ltr'>irregulare</span> <span class='ocrx_word' id='word_1_127' title='bbox 445 1363 513 1416; x_wconf 86' lang='lat' dir='ltr'>soret</span> <span class='ocrx_word' id='word_1_128' title='bbox 529 1362 668 1414; x_wconf 89' lang='lat' dir='ltr'>nominare</span> <span class='ocrx_word' id='word_1_129' title='bbox 682 1368 765 1415; x_wconf 89' lang='lat' dir='ltr'>testes</span> <span class='ocrx_word' id='word_1_130' title='bbox 780 1368 842 1414; x_wconf 87' lang='lat' dir='ltr'>ante</span> <span class='ocrx_word' id='word_1_131' title='bbox 860 1375 1003 1428; x_wconf 87' lang='lat' dir='ltr'>processus</span> <span class='ocrx_word' id='word_1_132' title='bbox 1018 1363 1160 1426; x_wconf 82' lang='lat' dir='ltr'>legitima-</span> 
     </span>
     <span class='ocr_line' id='line_1_16' title="bbox 130 1433 1162 1500; baseline 0 -16"><span class='ocrx_word' id='word_1_133' title='bbox 130 1433 242 1493; x_wconf 84' lang='lat' dir='ltr'>ticnem,</span> <span class='ocrx_word' id='word_1_134' title='bbox 257 1445 320 1484; x_wconf 89' lang='lat' dir='ltr'>cum</span> <span class='ocrx_word' id='word_1_135' title='bbox 333 1433 419 1498; x_wconf 89' lang='lat' dir='ltr'>possit</span> <span class='ocrx_word' id='word_1_136' title='bbox 439 1447 502 1486; x_wconf 88' lang='lat' dir='ltr'>reus</span> <span class='ocrx_word' id='word_1_137' title='bbox 526 1435 654 1486; x_wconf 89' lang='lat' dir='ltr'>delictum</span> <span class='ocrx_word' id='word_1_138' title='bbox 669 1433 797 1486; x_wconf 81' lang='lat' dir='ltr'>confiteri.</span> <span class='ocrx_word' id='word_1_139' title='bbox 813 1434 842 1484; x_wconf 85' lang='lat' dir='ltr'>Si</span> <span class='ocrx_word' id='word_1_140' title='bbox 855 1447 918 1486; x_wconf 89' lang='lat' dir='ltr'>vero</span> <span class='ocrx_word' id='word_1_141' title='bbox 932 1447 1076 1500; x_wconf 87' lang='lat' dir='ltr'>processus</span> <span class='ocrx_word' id='word_1_142' title='bbox 1092 1433 1162 1498; x_wconf 81' lang='lat' dir='ltr'>legi-</span> 
     </span>
     <span class='ocr_line' id='line_1_17' title="bbox 131 1503 1164 1574; baseline 0.001 -20"><span class='ocrx_word' id='word_1_143' title='bbox 131 1503 237 1554; x_wconf 86' lang='lat' dir='ltr'>tlmelio</span> <span class='ocrx_word' id='word_1_144' title='bbox 247 1505 305 1568; x_wconf 85' lang='lat' dir='ltr'>jam</span> <span class='ocrx_word' id='word_1_145' title='bbox 320 1504 391 1554; x_wconf 83' lang='lat' dir='ltr'>lecta</span> <span class='ocrx_word' id='word_1_146' title='bbox 404 1504 448 1562; x_wconf 84' lang='lat' dir='ltr'>eit,</span> <span class='ocrx_word' id='word_1_147' title='bbox 464 1510 491 1557; x_wconf 88' lang='lat' dir='ltr'>et</span> <span class='ocrx_word' id='word_1_148' title='bbox 504 1507 564 1570; x_wconf 88' lang='lat' dir='ltr'>post</span> <span class='ocrx_word' id='word_1_149' title='bbox 582 1505 671 1569; x_wconf 84' lang='lat' dir='ltr'>ipsam</span> <span class='ocrx_word' id='word_1_150' title='bbox 684 1506 805 1570; x_wconf 78' lang='lat' dir='ltr'>capitula</span> <span class='ocrx_word' id='word_1_151' title='bbox 818 1519 834 1556; x_wconf 87' lang='grc'><strong>0</strong></span> <span class='ocrx_word' id='word_1_152' title='bbox 848 1505 1006 1574; x_wconf 78' lang='lat' dir='ltr'>Promctore</span> <span class='ocrx_word' id='word_1_153' title='bbox 1018 1503 1104 1556; x_wconf 86' lang='lat' dir='ltr'>fiscali</span> <span class='ocrx_word' id='word_1_154' title='bbox 1117 1519 1164 1556; x_wconf 86' lang='lat' dir='ltr'>ex·</span> 
     </span>
     <span class='ocr_line' id='line_1_18' title="bbox 133 1574 1165 1642; baseline -0.003 -12"><span class='ocrx_word' id='word_1_155' title='bbox 133 1576 261 1634; x_wconf 86' lang='lat' dir='ltr'>beentur,</span> <span class='ocrx_word' id='word_1_156' title='bbox 275 1575 314 1626; x_wconf 89' lang='lat' dir='ltr'>nil</span> <span class='ocrx_word' id='word_1_157' title='bbox 326 1574 452 1639; x_wconf 86' lang='lat' dir='ltr'>prohibet</span> <span class='ocrx_word' id='word_1_158' title='bbox 471 1577 612 1628; x_wconf 88' lang='lat' dir='ltr'>nominare</span> <span class='ocrx_word' id='word_1_159' title='bbox 631 1579 714 1628; x_wconf 87' lang='lat' dir='ltr'>testes</span> <span class='ocrx_word' id='word_1_160' title='bbox 728 1597 735 1635; x_wconf 91' lang='grc'>·,</span> <span class='ocrx_word' id='word_1_161' title='bbox 751 1577 832 1630; x_wconf 90' lang='lat' dir='ltr'>immo</span> <span class='ocrx_word' id='word_1_162' title='bbox 853 1575 963 1642; x_wconf 82' lang='lat' dir='ltr'>expedit</span> <span class='ocrx_word' id='word_1_163' title='bbox 977 1575 1005 1626; x_wconf 91' lang='lat' dir='ltr'>id</span> <span class='ocrx_word' id='word_1_164' title='bbox 1024 1576 1165 1638; x_wconf 75' lang='grc' dir='ltr'><strong>100000,οῑ</strong></span> 
     </span>
     <span class='ocr_line' id='line_1_19' title="bbox 131 1645 1165 1714; baseline -0.002 -15"><span class='ocrx_word' id='word_1_165' title='bbox 131 1647 200 1699; x_wconf 86' lang='lat' dir='ltr'>dare</span> <span class='ocrx_word' id='word_1_166' title='bbox 212 1659 258 1698; x_wconf 89' lang='lat' dir='ltr'>reo</span> <span class='ocrx_word' id='word_1_167' title='bbox 272 1645 378 1711; x_wconf 76' lang='lat' dir='ltr'>copiam</span> <span class='ocrx_word' id='word_1_168' title='bbox 394 1647 579 1712; x_wconf 74' lang='lat' dir='ltr'>capitulorum</span> <span class='ocrx_word' id='word_1_169' title='bbox 598 1660 660 1698; x_wconf 90' lang='lat' dir='ltr'>cum</span> <span class='ocrx_word' id='word_1_170' title='bbox 682 1646 868 1712; x_wconf 79' lang='lat' dir='ltr'>designatione</span> <span class='ocrx_word' id='word_1_171' title='bbox 891 1645 1010 1704; x_wconf 83' lang='lat' dir='ltr'>testium,</span> <span class='ocrx_word' id='word_1_172' title='bbox 1025 1651 1055 1698; x_wconf 89' lang='lat' dir='ltr'>ut</span> <span class='ocrx_word' id='word_1_173' title='bbox 1078 1647 1165 1714; x_wconf 89' lang='lat' dir='ltr'>possit</span> 
     </span>
     <span class='ocr_line' id='line_1_20' title="bbox 133 1716 1236 1786; baseline -0.001 -15"><span class='ocrx_word' id='word_1_174' title='bbox 133 1731 166 1771; x_wconf 89' lang='lat' dir='ltr'>se</span> <span class='ocrx_word' id='word_1_175' title='bbox 182 1717 350 1770; x_wconf 78' lang='lat' dir='ltr'>defendendo</span> <span class='ocrx_word' id='word_1_176' title='bbox 365 1731 502 1784; x_wconf 88' lang='lat' dir='ltr'>opponere</span> <span class='ocrx_word' id='word_1_177' title='bbox 516 1717 648 1786; x_wconf 87' lang='lat' dir='ltr'>quidquid</span> <span class='ocrx_word' id='word_1_178' title='bbox 666 1731 716 1770; x_wconf 87' lang='lat' dir='ltr'>sua</span> <span class='ocrx_word' id='word_1_179' title='bbox 730 1719 861 1772; x_wconf 86' lang='lat' dir='ltr'>iuteresse</span> <span class='ocrx_word' id='word_1_180' title='bbox 879 1716 1024 1785; x_wconf 85' lang='lat' dir='ltr'>putaverit,</span> <span class='ocrx_word' id='word_1_181' title='bbox 1037 1721 1092 1770; x_wconf 83' lang='lat' dir='ltr'>tem</span> <span class='ocrx_word' id='word_1_182' title='bbox 1105 1733 1166 1770; x_wconf 90' lang='lat' dir='ltr'>cen·</span> <span class='ocrx_word' id='word_1_183' title='bbox 1232 1740 1236 1752; x_wconf 65' lang='lat'><strong><em>¹</em></strong></span> 
     </span>
     <span class='ocr_line' id='line_1_21' title="bbox 136 1789 1162 1858; baseline 0.001 -17"><span class='ocrx_word' id='word_1_184' title='bbox 136 1789 330 1856; x_wconf 60' lang='lat' dir='ltr'>trecopitula,</span> <span class='ocrx_word' id='word_1_185' title='bbox 356 1804 438 1855; x_wconf 83' lang='lat' dir='ltr'>quam</span> <span class='ocrx_word' id='word_1_186' title='bbox 460 1795 554 1843; x_wconf 86' lang='lat' dir='ltr'>contre</span> <span class='ocrx_word' id='word_1_187' title='bbox 573 1803 703 1858; x_wconf 89' lang='lat' dir='ltr'>personas</span> <span class='ocrx_word' id='word_1_188' title='bbox 726 1792 843 1842; x_wconf 91' lang='lat' dir='ltr'>testium.</span> <span class='ocrx_word' id='word_1_189' title='bbox 868 1817 899 1830; x_wconf 95' lang='lat'>-</span> <span class='ocrx_word' id='word_1_190' title='bbox 921 1791 956 1854; x_wconf 86' lang='grc'>(3)</span> <span class='ocrx_word' id='word_1_191' title='bbox 979 1791 1011 1840; x_wconf 92' lang='lat' dir='ltr'>Id</span> <span class='ocrx_word' id='word_1_192' title='bbox 1031 1789 1162 1855; x_wconf 81' lang='lat' dir='ltr'>procedit,</span> 
     </span>
     <span class='ocr_line' id='line_1_22' title="bbox 135 1861 1168 1927; baseline 0.002 -15"><span class='ocrx_word' id='word_1_193' title='bbox 135 1861 246 1927; x_wconf 84' lang='lat' dir='ltr'>quando</span> <span class='ocrx_word' id='word_1_194' title='bbox 263 1867 404 1914; x_wconf 80' lang='lat' dir='ltr'>accusator</span> <span class='ocrx_word' id='word_1_195' title='bbox 417 1865 458 1914; x_wconf 88' lang='lat' dir='ltr'>ast</span> <span class='ocrx_word' id='word_1_196' title='bbox 471 1863 612 1915; x_wconf 89' lang='lat' dir='ltr'>Promctor</span> <span class='ocrx_word' id='word_1_197' title='bbox 629 1862 730 1913; x_wconf 80' lang='lat' dir='ltr'>fiscalis</span> <span class='ocrx_word' id='word_1_198' title='bbox 743 1883 750 1912; x_wconf 78' lang='grc' dir='ltr'><strong>ι</strong></span> <span class='ocrx_word' id='word_1_199' title='bbox 765 1864 787 1913; x_wconf 92' lang='lat' dir='ltr'>si</span> <span class='ocrx_word' id='word_1_200' title='bbox 808 1862 881 1914; x_wconf 89' lang='lat' dir='ltr'>enim</span> <span class='ocrx_word' id='word_1_201' title='bbox 893 1863 963 1914; x_wconf 84' lang='lat' dir='ltr'>soret</span> <span class='ocrx_word' id='word_1_202' title='bbox 975 1862 1029 1912; x_wconf 86' lang='lat' dir='ltr'>alia</span> <span class='ocrx_word' id='word_1_203' title='bbox 1052 1876 1168 1927; x_wconf 87' lang='lat' dir='ltr'>persone</span> 
     </span>
     <span class='ocr_line' id='line_1_23' title="bbox 135 1931 1168 2000; baseline 0.003 -17"><span class='ocrx_word' id='word_1_204' title='bbox 135 1932 252 2000; x_wconf 84' lang='lat' dir='ltr'>privata,</span> <span class='ocrx_word' id='word_1_205' title='bbox 266 1931 329 1983; x_wconf 79' lang='lat' dir='ltr'>reris</span> <span class='ocrx_word' id='word_1_206' title='bbox 353 1938 446 1998; x_wconf 87' lang='lat' dir='ltr'>posset</span> <span class='ocrx_word' id='word_1_207' title='bbox 460 1934 579 2000; x_wconf 83' lang='lat' dir='ltr'>capitula</span> <span class='ocrx_word' id='word_1_208' title='bbox 597 1938 692 1993; x_wconf 85' lang='lat' dir='ltr'>contre</span> <span class='ocrx_word' id='word_1_209' title='bbox 703 1936 890 1986; x_wconf 79' lang='lat' dir='ltr'>accusatorem</span> <span class='ocrx_word' id='word_1_210' title='bbox 911 1946 1072 2000; x_wconf 86' lang='lat' dir='ltr'>proponere,</span> <span class='ocrx_word' id='word_1_211' title='bbox 1083 1939 1117 1986; x_wconf 90' lang='lat' dir='ltr'>ut</span> <span class='ocrx_word' id='word_1_212' title='bbox 1138 1949 1168 1986; x_wconf 94' lang='lat' dir='ltr'>se</span> 
     </span>
     <span class='ocr_line' id='line_1_24' title="bbox 91 2001 1167 2070; baseline 0.002 -16"><span class='ocrx_word' id='word_1_213' title='bbox 91 2053 98 2060; x_wconf 80' lang='grc'><strong><em>,</em></strong></span> <span class='ocrx_word' id='word_1_214' title='bbox 139 2001 297 2056; x_wconf 83' lang='lat' dir='ltr'>defenderet</span> <span class='ocrx_word' id='word_1_215' title='bbox 308 2017 325 2054; x_wconf 90' lang='lat' dir='ltr'>a</span> <span class='ocrx_word' id='word_1_216' title='bbox 336 2004 490 2069; x_wconf 85' lang='lat' dir='ltr'>calumnia,</span> <span class='ocrx_word' id='word_1_217' title='bbox 506 2017 568 2070; x_wconf 79' lang='lat' dir='ltr'>quae</span> <span class='ocrx_word' id='word_1_218' title='bbox 588 2003 677 2055; x_wconf 86' lang='lat' dir='ltr'>timeri</span> <span class='ocrx_word' id='word_1_219' title='bbox 690 2005 821 2068; x_wconf 72' lang='lat' dir='ltr'>potest‘in</span> <span class='ocrx_word' id='word_1_220' title='bbox 842 2018 960 2069; x_wconf 87' lang='lat' dir='ltr'>persona</span> <span class='ocrx_word' id='word_1_221' title='bbox 983 2005 1098 2070; x_wconf 86' lang='lat' dir='ltr'>privata,</span> <span class='ocrx_word' id='word_1_222' title='bbox 1113 2018 1167 2056; x_wconf 87' lang='lat' dir='ltr'>non</span> 
     </span>
     <span class='ocr_line' id='line_1_25' title="bbox 135 2073 1168 2141; baseline 0.002 -17"><span class='ocrx_word' id='word_1_223' title='bbox 135 2074 167 2125; x_wconf 90' lang='lat' dir='ltr'>in</span> <span class='ocrx_word' id='word_1_224' title='bbox 180 2073 300 2138; x_wconf 85' lang='lat' dir='ltr'>publica,</span> <span class='ocrx_word' id='word_1_225' title='bbox 313 2087 375 2139; x_wconf 76' lang='lat' dir='ltr'>quae</span> <span class='ocrx_word' id='word_1_226' title='bbox 385 2073 502 2127; x_wconf 85' lang='lat' dir='ltr'>officium</span> <span class='ocrx_word' id='word_1_227' title='bbox 511 2075 667 2140; x_wconf 80' lang='lat' dir='ltr'>religiosum</span> <span class='ocrx_word' id='word_1_228' title='bbox 679 2075 808 2127; x_wconf 79' lang='lat' dir='ltr'>Ecclesiae</span> <span class='ocrx_word' id='word_1_229' title='bbox 823 2078 947 2141; x_wconf 84' lang='lat' dir='ltr'>praestet,</span> <span class='ocrx_word' id='word_1_230' title='bbox 961 2075 1113 2140; x_wconf 75' lang='lat' dir='ltr'>quusmodi</span> <span class='ocrx_word' id='word_1_231' title='bbox 1126 2077 1168 2127; x_wconf 88' lang='lat' dir='ltr'>est</span> 
     </span>
     <span class='ocr_line' id='line_1_26' title="bbox 142 2143 405 2198; baseline -0.004 -2"><span class='ocrx_word' id='word_1_232' title='bbox 142 2144 285 2198; x_wconf 73' lang='lat' dir='ltr'>Promotus</span> <span class='ocrx_word' id='word_1_233' title='bbox 295 2143 405 2197; x_wconf 86' lang='lat' dir='ltr'>fiscalis.</span> 
     </span>
    </p>
   </div>
   <div class='ocr_carea' id='block_1_5' title="bbox 87 2337 1215 3589">
    <p class='ocr_par' dir='ltr' id='par_1_5' title="bbox 87 2337 1215 3589">
     <span class='ocr_line' id='line_1_27' title="bbox 176 2337 1172 2427; baseline 0.003 -21"><span class='ocrx_word' id='word_1_234' title='bbox 176 2351 240 2408; x_wconf 84' lang='lat'>8⁰0.</span> <span class='ocrx_word' id='word_1_235' title='bbox 261 2347 412 2408; x_wconf 85' lang='lat' dir='ltr'>Confessio</span> <span class='ocrx_word' id='word_1_236' title='bbox 426 2347 556 2419; x_wconf 77' lang='lat' dir='ltr'>denique</span> <span class='ocrx_word' id='word_1_237' title='bbox 570 2337 800 2427; x_wconf 85' lang='lat' dir='ltr'>extrajudicialis</span> <span class='ocrx_word' id='word_1_238' title='bbox 813 2349 908 2408; x_wconf 88' lang='lat' dir='ltr'>multo</span> <span class='ocrx_word' id='word_1_239' title='bbox 920 2347 1068 2408; x_wconf 89' lang='lat' dir='ltr'>minorem</span> <span class='ocrx_word' id='word_1_240' title='bbox 1079 2349 1172 2409; x_wconf 88' lang='lat' dir='ltr'>habet</span> 
     </span>
     <span class='ocr_line' id='line_1_28' title="bbox 126 2435 1215 2514; baseline 0 -18"><span class='ocrx_word' id='word_1_241' title='bbox 126 2437 214 2512; x_wconf 77' lang='lat' dir='ltr'>¹vim,</span> <span class='ocrx_word' id='word_1_242' title='bbox 230 2453 321 2514; x_wconf 87' lang='lat' dir='ltr'>quam</span> <span class='ocrx_word' id='word_1_243' title='bbox 336 2435 498 2514; x_wconf 80' lang='lat' dir='ltr'>judicialis3</span> <span class='ocrx_word' id='word_1_244' title='bbox 516 2436 663 2512; x_wconf 88' lang='lat' dir='ltr'>siquidem</span> <span class='ocrx_word' id='word_1_245' title='bbox 677 2436 827 2496; x_wconf 83' lang='lat' dir='ltr'>interdum</span> <span class='ocrx_word' id='word_1_246' title='bbox 844 2439 929 2514; x_wconf 88' lang='lat' dir='ltr'>plene</span> <span class='ocrx_word' id='word_1_247' title='bbox 947 2437 1065 2512; x_wconf 77' lang='lat' dir='ltr'>probat,</span> <span class='ocrx_word' id='word_1_248' title='bbox 1080 2437 1171 2497; x_wconf 91' lang='lat' dir='ltr'>inter·</span> <span class='ocrx_word' id='word_1_249' title='bbox 1211 2458 1215 2464; x_wconf 96' lang='lat'>·</span> 
     </span>
     <span class='ocr_line' id='line_1_29' title="bbox 142 2521 1170 2603; baseline -0.001 -16"><span class='ocrx_word' id='word_1_250' title='bbox 142 2528 217 2587; x_wconf 91' lang='lat' dir='ltr'>dum</span> <span class='ocrx_word' id='word_1_251' title='bbox 224 2525 389 2603; x_wconf 88' lang='lat' dir='ltr'>semiplene</span> <span class='ocrx_word' id='word_1_252' title='bbox 403 2521 529 2599; x_wconf 83' lang='lat' dir='ltr'>tantum,</span> <span class='ocrx_word' id='word_1_253' title='bbox 544 2534 573 2586; x_wconf 88' lang='lat' dir='ltr'>et</span> <span class='ocrx_word' id='word_1_254' title='bbox 584 2525 734 2585; x_wconf 88' lang='lat' dir='ltr'>interdum</span> <span class='ocrx_word' id='word_1_255' title='bbox 747 2527 858 2586; x_wconf 84' lang='lat' dir='ltr'>unllam</span> <span class='ocrx_word' id='word_1_256' title='bbox 873 2525 944 2585; x_wconf 87' lang='lat' dir='ltr'>facit</span> <span class='ocrx_word' id='word_1_257' title='bbox 952 2525 1170 2602; x_wconf 82' lang='lat' dir='ltr'>probationem,</span> 
     </span>
     <span class='ocr_line' id='line_1_30' title="bbox 143 2613 1174 2688; baseline -0.004 -10"><span class='ocrx_word' id='word_1_258' title='bbox 143 2622 179 2678; x_wconf 91' lang='lat' dir='ltr'>ut</span> <span class='ocrx_word' id='word_1_259' title='bbox 190 2616 214 2676; x_wconf 90' lang='lat' dir='ltr'>si</span> <span class='ocrx_word' id='word_1_260' title='bbox 229 2633 332 2676; x_wconf 89' lang='lat' dir='ltr'>coram</span> <span class='ocrx_word' id='word_1_261' title='bbox 347 2615 519 2675; x_wconf 81' lang='lat' dir='ltr'>ddversaric</span> <span class='ocrx_word' id='word_1_262' title='bbox 533 2615 633 2674; x_wconf 86' lang='lat' dir='ltr'>verbis</span> <span class='ocrx_word' id='word_1_263' title='bbox 647 2621 762 2674; x_wconf 89' lang='lat' dir='ltr'>tautum</span> <span class='ocrx_word' id='word_1_264' title='bbox 782 2615 860 2675; x_wconf 81' lang='lat' dir='ltr'>lacta</span> <span class='ocrx_word' id='word_1_265' title='bbox 875 2613 922 2688; x_wconf 87' lang='lat' dir='ltr'>sit,</span> <span class='ocrx_word' id='word_1_266' title='bbox 937 2620 989 2674; x_wconf 86' lang='lat' dir='ltr'>aut</span> <span class='ocrx_word' id='word_1_267' title='bbox 1003 2633 1106 2675; x_wconf 85' lang='lat' dir='ltr'>coram</span> <span class='ocrx_word' id='word_1_268' title='bbox 1119 2633 1174 2676; x_wconf 81' lang='lat' dir='ltr'>ex·</span> 
     </span>
     <span class='ocr_line' id='line_1_31' title="bbox 143 2695 1177 2781; baseline -0.002 -15"><span class='ocrx_word' id='word_1_269' title='bbox 143 2711 260 2778; x_wconf 72' lang='lat' dir='ltr'>manee,</span> <span class='ocrx_word' id='word_1_270' title='bbox 276 2704 326 2781; x_wconf 87' lang='lat' dir='ltr'>qui</span> <span class='ocrx_word' id='word_1_271' title='bbox 340 2704 380 2763; x_wconf 86' lang='lat' dir='ltr'>ed</span> <span class='ocrx_word' id='word_1_272' title='bbox 400 2709 550 2763; x_wconf 87' lang='lat' dir='ltr'>secretum</span> <span class='ocrx_word' id='word_1_273' title='bbox 565 2703 746 2762; x_wconf 89' lang='lat' dir='ltr'>servandum</span> <span class='ocrx_word' id='word_1_274' title='bbox 765 2695 891 2762; x_wconf 86' lang='lat' dir='ltr'>tenetur.</span> <span class='ocrx_word' id='word_1_275' title='bbox 908 2707 941 2762; x_wconf 91' lang='lat' dir='ltr'>lu</span> <span class='ocrx_word' id='word_1_276' title='bbox 956 2703 1056 2779; x_wconf 89' lang='lat' dir='ltr'>specie</span> <span class='ocrx_word' id='word_1_277' title='bbox 1073 2711 1177 2764; x_wconf 88' lang='lat' dir='ltr'>tamen</span> 
     </span>
     <span class='ocr_line' id='line_1_32' title="bbox 87 2792 1175 2870; baseline -0.001 -15"><span class='ocrx_word' id='word_1_278' title='bbox 87 2811 93 2814; x_wconf 88' lang='lat'>·</span> <span class='ocrx_word' id='word_1_279' title='bbox 145 2793 390 2870; x_wconf 84' lang='lat' dir='ltr'>distinguendum</span> <span class='ocrx_word' id='word_1_280' title='bbox 403 2798 449 2852; x_wconf 90' lang='lat' dir='ltr'>est</span> <span class='ocrx_word' id='word_1_281' title='bbox 467 2793 545 2852; x_wconf 90' lang='lat' dir='ltr'>inter</span> <span class='ocrx_word' id='word_1_282' title='bbox 561 2793 782 2852; x_wconf 88' lang='lat' dir='ltr'>confessionem</span> <span class='ocrx_word' id='word_1_283' title='bbox 799 2792 1053 2868; x_wconf 88' lang='lat' dir='ltr'>extrajudicialcm</span> <span class='ocrx_word' id='word_1_284' title='bbox 1066 2795 1175 2854; x_wconf 86' lang='lat' dir='ltr'>factam</span> 
     </span>
     <span class='ocr_line' id='line_1_33' title="bbox 143 2881 1176 2959; baseline -0.001 -15"><span class='ocrx_word' id='word_1_285' title='bbox 143 2883 255 2957; x_wconf 80' lang='lat' dir='ltr'>verbis,</span> <span class='ocrx_word' id='word_1_286' title='bbox 271 2889 301 2943; x_wconf 89' lang='lat' dir='ltr'>et</span> <span class='ocrx_word' id='word_1_287' title='bbox 320 2883 430 2942; x_wconf 85' lang='lat' dir='ltr'>iactam</span> <span class='ocrx_word' id='word_1_288' title='bbox 449 2881 578 2959; x_wconf 82' lang='lat' dir='ltr'>scriptis,</span> <span class='ocrx_word' id='word_1_289' title='bbox 602 2883 654 2941; x_wconf 87' lang='lat' dir='ltr'>llla</span> <span class='ocrx_word' id='word_1_290' title='bbox 673 2899 712 2942; x_wconf 81' lang='lat' dir='ltr'>ex</span> <span class='ocrx_word' id='word_1_291' title='bbox 731 2881 953 2942; x_wconf 89' lang='lat' dir='ltr'>canonistarum</span> <span class='ocrx_word' id='word_1_292' title='bbox 971 2881 1058 2959; x_wconf 84' lang='lat' dir='ltr'>praxi</span> <span class='ocrx_word' id='word_1_293' title='bbox 1077 2890 1176 2959; x_wconf 86' lang='lat' dir='ltr'>potest</span> 
     </span>
     <span class='ocr_line' id='line_1_34' title="bbox 145 2970 1176 3048; baseline -0.002 -14"><span class='ocrx_word' id='word_1_294' title='bbox 145 2973 236 3034; x_wconf 87' lang='lat' dir='ltr'>etiam</span> <span class='ocrx_word' id='word_1_295' title='bbox 249 2972 369 3048; x_wconf 89' lang='lat' dir='ltr'>plenam</span> <span class='ocrx_word' id='word_1_296' title='bbox 392 2973 512 3032; x_wconf 86' lang='lat' dir='ltr'>efficere</span> <span class='ocrx_word' id='word_1_297' title='bbox 526 2971 744 3046; x_wconf 83' lang='lat' dir='ltr'>probationem,</span> <span class='ocrx_word' id='word_1_298' title='bbox 769 2970 794 3030; x_wconf 85' lang='lat' dir='ltr'>si</span> <span class='ocrx_word' id='word_1_299' title='bbox 813 2988 916 3032; x_wconf 91' lang='lat' dir='ltr'>coram</span> <span class='ocrx_word' id='word_1_300' title='bbox 932 2972 1112 3046; x_wconf 84' lang='lat' dir='ltr'>adversario,</span> <span class='ocrx_word' id='word_1_301' title='bbox 1130 2979 1176 3032; x_wconf 88' lang='lat' dir='ltr'>at-</span> 
     </span>
     <span class='ocr_line' id='line_1_35' title="bbox 148 3060 1175 3140; baseline -0.002 -18"><span class='ocrx_word' id='word_1_302' title='bbox 148 3063 208 3140; x_wconf 79' lang='lat' dir='ltr'>que</span> <span class='ocrx_word' id='word_1_303' title='bbox 221 3061 336 3121; x_wconf 89' lang='lat' dir='ltr'>idoneis</span> <span class='ocrx_word' id='word_1_304' title='bbox 351 3061 476 3120; x_wconf 89' lang='lat' dir='ltr'>testibus</span> <span class='ocrx_word' id='word_1_305' title='bbox 490 3061 598 3120; x_wconf 89' lang='lat' dir='ltr'>emissa</span> <span class='ocrx_word' id='word_1_306' title='bbox 613 3060 667 3119; x_wconf 89' lang='lat' dir='ltr'>sit:</span> <span class='ocrx_word' id='word_1_307' title='bbox 683 3061 748 3121; x_wconf 84' lang='lat' dir='ltr'>haec</span> <span class='ocrx_word' id='word_1_308' title='bbox 760 3079 834 3122; x_wconf 78' lang='lat' dir='ltr'>vero</span> <span class='ocrx_word' id='word_1_309' title='bbox 847 3063 926 3121; x_wconf 85' lang='lat' dir='ltr'>lacta</span> <span class='ocrx_word' id='word_1_310' title='bbox 940 3061 1067 3138; x_wconf 64' lang='lat' dir='ltr'>scriptis</span> <span class='ocrx_word' id='word_1_311' title='bbox 1083 3061 1175 3122; x_wconf 87' lang='lat' dir='ltr'>veluti</span> 
     </span>
     <span class='ocr_line' id='line_1_36' title="bbox 119 3150 1177 3230; baseline -0.005 -17"><span class='ocrx_word' id='word_1_312' title='bbox 119 3183 123 3188; x_wconf 94' lang='lat'>·</span> <span class='ocrx_word' id='word_1_313' title='bbox 146 3151 373 3230; x_wconf 86' lang='lat' dir='ltr'>perepistolam,</span> <span class='ocrx_word' id='word_1_314' title='bbox 381 3157 432 3210; x_wconf 88' lang='lat' dir='ltr'>aut</span> <span class='ocrx_word' id='word_1_315' title='bbox 440 3150 683 3226; x_wconf 86' lang='lat' dir='ltr'>chirographum,</span> <span class='ocrx_word' id='word_1_316' title='bbox 694 3157 745 3210; x_wconf 89' lang='lat' dir='ltr'>aut</span> <span class='ocrx_word' id='word_1_317' title='bbox 756 3151 1076 3224; x_wconf 61' lang='lat' dir='ltr'>instrumentumetc„</span> <span class='ocrx_word' id='word_1_318' title='bbox 1088 3168 1177 3226; x_wconf 81' lang='lat' dir='ltr'>regu-</span> 
     </span>
     <span class='ocr_line' id='line_1_37' title="bbox 147 3239 1179 3315; baseline -0.001 -14"><span class='ocrx_word' id='word_1_319' title='bbox 147 3241 249 3302; x_wconf 87' lang='lat' dir='ltr'>lariter</span> <span class='ocrx_word' id='word_1_320' title='bbox 265 3246 376 3300; x_wconf 86' lang='lat' dir='ltr'>tantam</span> <span class='ocrx_word' id='word_1_321' title='bbox 396 3239 486 3300; x_wconf 86' lang='lat' dir='ltr'>habet</span> <span class='ocrx_word' id='word_1_322' title='bbox 506 3239 576 3312; x_wconf 80' lang='lat' dir='ltr'>vim,</span> <span class='ocrx_word' id='word_1_323' title='bbox 597 3245 708 3315; x_wconf 89' lang='lat' dir='ltr'>quanta</span> <span class='ocrx_word' id='word_1_324' title='bbox 730 3240 760 3299; x_wconf 92' lang='lat' dir='ltr'>in</span> <span class='ocrx_word' id='word_1_325' title='bbox 781 3241 886 3301; x_wconf 88' lang='lat' dir='ltr'>eadem</span> <span class='ocrx_word' id='word_1_326' title='bbox 907 3258 941 3301; x_wconf 89' lang='lat' dir='ltr'>re</span> <span class='ocrx_word' id='word_1_327' title='bbox 955 3239 1112 3300; x_wconf 87' lang='lat' dir='ltr'>tribuenda</span> <span class='ocrx_word' id='word_1_328' title='bbox 1134 3245 1179 3300; x_wconf 89' lang='lat' dir='ltr'>est</span> 
     </span>
     <span class='ocr_line' id='line_1_38' title="bbox 149 3327 1178 3407; baseline -0.002 -17"><span class='ocrx_word' id='word_1_329' title='bbox 149 3329 340 3402; x_wconf 82' lang='lat' dir='ltr'>documento,</span> <span class='ocrx_word' id='word_1_330' title='bbox 356 3347 374 3388; x_wconf 94' lang='lat' dir='ltr'>a</span> <span class='ocrx_word' id='word_1_331' title='bbox 387 3347 447 3406; x_wconf 93' lang='lat' dir='ltr'>quo</span> <span class='ocrx_word' id='word_1_332' title='bbox 468 3328 605 3388; x_wconf 76' lang='lat' dir='ltr'>refertur.</span> <span class='ocrx_word' id='word_1_333' title='bbox 625 3328 709 3388; x_wconf 89' lang='lat' dir='ltr'>Unde</span> <span class='ocrx_word' id='word_1_334' title='bbox 731 3327 831 3390; x_wconf 87' lang='lat' dir='ltr'>statim</span> <span class='ocrx_word' id='word_1_335' title='bbox 844 3330 882 3390; x_wconf 92' lang='lat' dir='ltr'>de</span> <span class='ocrx_word' id='word_1_336' title='bbox 895 3327 1178 3407; x_wconf 83' lang='lat' dir='ltr'>instrumentisagi-</span> 
     </span>
     <span class='ocr_line' id='line_1_39' title="bbox 149 3415 1180 3496; baseline -0.003 -15"><span class='ocrx_word' id='word_1_337' title='bbox 149 3435 227 3493; x_wconf 86' lang='lat' dir='ltr'>mus,</span> <span class='ocrx_word' id='word_1_338' title='bbox 243 3435 310 3496; x_wconf 85' lang='lat' dir='ltr'>quae</span> <span class='ocrx_word' id='word_1_339' title='bbox 326 3417 547 3479; x_wconf 83' lang='lat' dir='ltr'>confessionem</span> <span class='ocrx_word' id='word_1_340' title='bbox 569 3415 712 3477; x_wconf 84' lang='lat' dir='ltr'>exhibere</span> <span class='ocrx_word' id='word_1_341' title='bbox 726 3423 853 3494; x_wconf 88' lang='lat' dir='ltr'>possunt</span> <span class='ocrx_word' id='word_1_342' title='bbox 874 3435 893 3478; x_wconf 87' lang='lat' dir='ltr'>e</span> <span class='ocrx_word' id='word_1_343' title='bbox 910 3433 1039 3494; x_wconf 87' lang='lat' dir='ltr'>persona</span> <span class='ocrx_word' id='word_1_344' title='bbox 1060 3417 1180 3492; x_wconf 84' lang='lat' dir='ltr'>factam,</span> 
     </span>
     <span class='ocr_line' id='line_1_40' title="bbox 150 3503 758 3589; baseline -0.012 -17"><span class='ocrx_word' id='word_1_345' title='bbox 150 3505 200 3572; x_wconf 90' lang='lat' dir='ltr'>cui</span> <span class='ocrx_word' id='word_1_346' title='bbox 213 3513 416 3589; x_wconf 87' lang='lat' dir='ltr'>opponuntur,</span> <span class='ocrx_word' id='word_1_347' title='bbox 431 3511 482 3567; x_wconf 92' lang='lat' dir='ltr'>aut</span> <span class='ocrx_word' id='word_1_348' title='bbox 495 3507 533 3566; x_wconf 85' lang='lat' dir='ltr'>ab</span> <span class='ocrx_word' id='word_1_349' title='bbox 547 3503 612 3582; x_wconf 74' lang='lat' dir='ltr'>eius</span> <span class='ocrx_word' id='word_1_350' title='bbox 626 3510 758 3567; x_wconf 87' lang='lat' dir='ltr'>auctore.</span> 
     </span>
    </p>
   </div>
   <div class='ocr_carea' id='block_1_6' title="bbox 1013 3643 1056 3702">
    <p class='ocr_par' dir='ltr' id='par_1_6' title="bbox 1013 3643 1056 3702">
     <span class='ocr_line' id='line_1_41' title="bbox 1013 3643 1056 3702; baseline 0.047 -2"><span class='ocrx_word' id='word_1_351' title='bbox 1013 3643 1056 3702; x_wconf 76' lang='lat'>25.</span> 
     </span>
    </p>
   </div>
   <div class='ocr_carea' id='block_1_7' title="bbox 0 0 1285 4080">
    <p class='ocr_par' dir='ltr' id='par_1_7' title="bbox 0 0 1285 4080">
     <span class='ocr_line' id='line_1_42' title="bbox 0 0 1285 4080; baseline 0 0"><span class='ocrx_word' id='word_1_352' title='bbox 0 0 1285 4080; x_wconf 95' lang='lat' dir='ltr'> </span> 
     </span>
    </p>
   </div>
  </div>
 </body>
</html>
