2524 4080
478 213 639 270 -353-

74 333 152 390 telem
165 333 313 394 evidenter
335 335 495 395 contineat.
519 335 604 395 Solus
618 339 697 412 Papa
715 351 753 395 ex
768 335 848 410 iusta
866 339 896 392 et
909 329 1073 393 rationabili

72 431 150 478 censa
164 425 335 482 testatorum
356 424 522 484 voluntates
539 430 722 484 commutare
744 427 855 499 potest,
876 421 945 498 quio
962 420 1074 496 quaevis

71 503 208 580 dispositio
228 511 267 570 ad
280 509 361 587 piam
383 527 504 571 causam
521 512 641 572 tacitam
663 511 773 572 hebere
791 511 878 572 debet
899 509 1073 584 clausulam,

68 593 141 654 culce
150 599 224 658 scrib
236 599 403 674 apostolica
415 601 588 661 auctoritate
602 605 653 674 (9).
669 601 861 660 Nihilominus
872 604 1073 659 comtestato·

68 680 102 740 ris
111 685 245 748 voluntas
255 688 342 764 juxta
359 691 482 749 modum
495 690 532 750 ab
545 690 610 766 ipso
623 689 830 766 praescriptum
844 687 951 764 exequi
963 685 1073 762 nequit,

65 768 219 849 Episcopus
233 791 302 835 cum
313 792 461 836 consensu
474 777 610 850 heredis,
625 783 655 838 et
668 775 836 838 executoris
848 774 932 852 pium
944 775 1074 850 legatum

65 855 91 914 in
103 859 179 922 aliud
192 880 269 939 opus
280 863 363 940 pium
382 876 556 926 convertere
568 872 675 943 potest,
689 867 732 926 ite
744 872 845 927 tamen
859 870 914 938 est,
930 869 1074 940 66666661

65 949 197 1020 possibile
211 958 267 1026 est,
290 954 427 1014 voluntas
451 955 598 1014 testatoris
622 960 767 1026 servetur,
792 955 861 1030 quis
885 951 1074 1030 praesumitur

65 1036 145 1098 talem
165 1039 259 1101 luisse
282 1041 466 1104 voluntatem
484 1043 644 1118 testatoris,
669 1043 695 1104 si
713 1059 818 1114 cesum
834 1041 1027 1121 praevidisset,
1043 1045 1074 1102 et

62 1123 143 1186 clem
156 1143 225 1190 esse
239 1129 264 1188 si
278 1129 400 1194 viveret

89 1265 122 1331 (l)
136 1269 204 1324 Gen.
219 1271 244 1337 l,
256 1286 278 1324 c.
299 1271 336 1339 li,
350 1285 376 1341 q.
389 1275 413 1327 i.
424 1301 454 1313 -
467 1273 503 1342 (i)
514 1273 597 1329 Glsm.
611 1275 636 1338 9,
650 1276 683 1329 de
697 1275 774 1342 relig.
788 1275 886 1330 domib.

384 1777 586 1896 rrruuus
616 1778 748 1860 xxxi.
838 1747 841 1752 ’

251 1991 287 2036 lllt
300 1989 493 2040 contumetiis
505 1992 614 2052 mulum,
628 1993 663 2038 ET
676 1990 886 2038 outietrrcltull.

55 2177 207 2236 seruentur!
219 2195 226 2228 ε
242 2181 296 2234 666.
311 2181 422 2248 obligatio
435 2183 571 2248 6666669666
582 2197 623 2250 per
635 2183 668 2236 rel
682 2182 804 2236 interitum.
816 2209 847 2220 -
866 2181 922 2233 687.
937 2179 982 2232 Per
996 2179 1077 2232 conlu-

81 2251 185 2304 sicueur.
197 2280 232 2292 -
246 2254 299 2305 688.
314 2253 359 2304 Per
378 2255 593 2321 compensatiouem,
607 2254 627 2306 sl
641 2257 773 2320 opportune
782 2253 928 2305 observantur
944 2251 1037 2316 regule.
1047 2277 1079 2289 ·-

81 2321 139 2375 689.
154 2324 207 2376 Per
223 2325 425 2390 prescriptionem.
441 2355 468 2364 -
489 2325 543 2376 699.
564 2325 619 2386 oue
635 2325 681 2376 sint
696 2323 872 2391 prescriptionis
891 2321 1040 2384 conditiones,
1055 2323 1078 2372 et

80 2406 133 2456 qua
149 2393 274 2460 prescribi
284 2396 417 2460 nequeant?
432 2421 459 2434 -
475 2396 530 2447 cel.
540 2396 683 2462 Presuiptlc
696 2395 789 2460 requirit
799 2395 882 2446 bouem
894 2393 970 2444 fldem.
981 2391 1076 2442 -699,

77 2463 193 2532 ltequlrit
205 2467 293 2531 justum
304 2465 400 2518 tilulum.
416 2493 448 2506 -
461 2467 516 2518 693.
530 2467 702 2518 possessionem
714 2467 842 2518 continuam
855 2479 895 2530 per
904 2469 992 2530 tempus
1003 2477 1017 2514 a
1030 2462 1079 2526 lege

77 2540 207 2588 statutum.
216 2563 249 2574 -
260 2537 314 2587 694.
326 2535 421 2596 Quanto
433 2537 572 2603 prescriptio
585 2536 671 2588 dicatur
683 2537 797 2589 dormiret
807 2538 897 2587 -695.
909 2535 942 2585 lix
951 2533 1031 2600 quibus
1041 2546 1079 2582 re·

80 2607 142 2668 culis
157 2606 327 2658 determinetur
339 2611 428 2672 tempus
440 2608 469 2658 cd
483 2608 671 2674 proscribendum
684 2607 853 2660 necessarlum?
868 2633 895 2644 -
908 2605 962 2656 696.
977 2602 1080 2654 Debitum

76 2677 231 2744 extinguitur
249 2691 290 2740 per
308 2677 451 2730 solutionem.
466 2707 497 2716 -
513 2680 558 2730 697
573 2679 667 2738 Quando
686 2693 803 2731 successor
819 2678 843 2730 iu
856 2677 965 2729 beneflcio
978 2677 1081 2728 teneatur

78 2747 177 2800 solvere
197 2748 275 2800 debita
288 2749 495 2802 666666666τί69-
511 2751 565 2802 696.
581 2751 718 2804 clericerum
736 2749 810 2802 debita
822 2749 929 2802 solvenda
942 2750 995 2800 sunt
1013 2746 1081 2798 etlam

78 2833 107 2870 ex
123 2833 217 2872 acrum
232 2817 393 2872 6666666666
407 2821 569 2873 {ructibusi-
582 2823 637 2876 699.
652 2821 677 2874 lu
691 2836 735 2888 quo
748 2822 857 2872 consistat
869 2819 1002 2872 heneficium
1014 2831 1079 2868 ccm-

76 2891 221 2955 peteniiaei
232 2919 264 2928 -
277 2891 332 2942 700.
350 2891 456 2956 Quando,
468 2897 491 2944 et
503 2897 558 2958 quot
571 2893 645 2944 modis
653 2893 694 2944 ilat
703 2893 794 2944 noratis
804 2891 817 2942 i
829 2919 860 2929 -
872 2891 927 2942 illl.
945 2889 1003 2950 uuit
1012 2887 1081 2954 sipul-

77 2962 138 3014 bcet
150 2961 311 3028 acceptilatio,
326 2966 349 3014 et
359 2963 497 3029 quotmedls
510 2962 570 3014 bati

79 3144 151 3202 686.
176 3137 299 3199 Jurium
310 3145 340 3199 et
354 3139 567 3215 obligationum
579 3137 744 3216 peremptio
755 3155 794 3200 ex
809 3139 877 3215 ipso
885 3139 953 3216 jure
967 3139 1083 3199 contiu-
1161 3119 1172 3139 ’

40 3226 95 3304 git,
114 3228 171 3289 vel
190 3244 234 3288 ex
242 3228 320 3287 lacto
333 3228 470 3288 hominis.
485 3233 529 3288 lix
541 3227 607 3304 ipso
619 3229 696 3302 jure,
707 3228 757 3302 Jus
770 3232 801 3286 et
812 3227 951 3302 obligatio
961 3225 1081 3302 perimi·

43 3323 93 3375 tur
98 3315 302 3392 praesertim:
313 3332 368 3390 per
377 3318 421 3376 rei
434 3317 599 3391 intertium,
608 3333 662 3392 per
676 3316 884 3391 confusionem,
894 3331 949 3391 per
957 3325 1084 3388 compen·

41 3405 222 3472 sationem,
236 3410 267 3464 et
282 3421 337 3480 per
348 3406 602 3482 prescriptionem.
616 3409 671 3466 Per
685 3405 835 3466 interitum
847 3405 893 3465 rei
905 3401 1087 3478 extinguitur

42 3493 221 3569 obligatim
247 3509 316 3553 num
334 3509 424 3552 nemo
442 3493 557 3554 debitor
575 3499 753 3570 potestesse
775 3489 827 3567 rei
843 3510 909 3568 quae
928 3493 959 3553 in
983 3507 1085 3552 rerum

45 3591 166 3644 notura
194 3581 324 3656 amplius
338 3589 465 3644 nonest.
482 3583 539 3644 sed
552 3583 621 3646 huic
633 3585 743 3660 regulae
756 3581 892 3659 exceptio
906 3583 949 3656 lit,
964 3581 989 3642 si
1005 3583 1085 3656 dolo,

948 3680 988 3734 20.
