2432 4078
468 160 628 217 ..255-

53 282 130 341 modo
144 279 289 340 industria
303 279 342 340 sit
360 279 451 354 licita,
472 285 503 340 et
513 279 593 356 justo
610 278 785 356 acquisitio:
806 293 876 342 nam
889 280 994 342 hostiae
1007 281 1063 342 im-

54 369 153 445 piorum
172 376 244 428 sunt
268 368 497 442 abominabiles,
518 375 547 428 et
568 368 710 446 quidquid
728 386 768 429 ox
793 371 907 430 scolere
928 371 1062 442 offertur,

55 457 252 532 omnipotentis
274 457 326 518 liei
354 474 415 518 non
441 459 541 533 placat
565 457 762 530 iracundiam,
788 458 842 518 sed
863 458 974 534 irritats,
993 475 1063 520 cum

55 547 179 622 scriptum
194 545 248 606 sit:
270 551 390 605 Honora
404 550 498 608 Deum
510 546 548 605 de
562 544 621 605 tuis
637 545 726 622 justis
748 545 900 606 laboribus
918 549 969 616 (l).
985 551 1065 606 Prae-

56 635 133 694 diales
140 650 212 694 vero
222 633 433 706 suntdecimae,
445 633 722 708 quaesolvunturcx
730 633 875 696 fructibus
883 633 1067 710 prediorum

56 728 103 780 nm
114 721 303 796 rusticorum,
317 738 408 796 quam
420 723 614 795 urbanorum,
624 727 657 780 ut
671 739 711 782 ex
725 721 833 796 tritico,
846 721 926 796 rino,
939 724 1018 798 oleo,
1035 728 1066 784 ct

55 809 141 884 pretiis
157 809 351 870 locationum.
376 811 460 874 Unde
484 829 524 872 ex
541 827 614 886 agro
636 827 697 870 non
716 811 809 884 culto,
834 827 873 870 ex
893 811 983 871 domo
1004 827 1066 874 non

55 899 137 958 locata
147 900 197 958 val
213 917 232 958 a
245 898 368 960 domino
380 898 552 974 inhabitata,
570 899 658 962 nullae
678 899 835 960 solvamur
848 898 980 971 amima,
996 899 1068 976 qma

56 985 114 1046 nulli
126 993 193 1048 sunt
204 989 343 1061 imatos(
361 990 382 1060 ).

79 1133 108 1196 (l)
120 1133 183 1186 Can.
198 1137 239 1196 27,
255 1151 276 1188 c.
295 1135 318 1199 t,
333 1149 358 1202 q.
375 1133 397 1184 l.
413 1159 443 1171 —
456 1133 492 1202 (i)
515 1133 644 1186 Doctores
667 1134 736 1185 alias
758 1133 876 1186 afferunt
898 1133 1063 1185 decimarum

54 1202 193 1266 divisiones,
221 1207 374 1258 nimirum:
403 1205 426 1255 l⁰
448 1205 517 1255 inter
533 1205 701 1270 personales,
725 1208 752 1255 at
765 1203 912 1268 prediatus
935 1203 1068 1254 collocant

55 1273 151 1334 nero,
165 1280 197 1327 ut
220 1277 249 1327 in
263 1277 342 1338 lacte,
359 1275 430 1334 lana,
445 1275 561 1340 aliisque
581 1275 673 1337 rebus,
689 1285 751 1341 quaa
764 1274 865 1340 partim
884 1288 901 1325 a
917 1279 1023 1337 natura,
1041 1277 1069 1325 et

55 1347 139 1407 partim
149 1347 185 1398 ab
198 1347 338 1398 bominum
353 1344 486 1398 industria
500 1346 670 1412 proueniunt,
688 1359 756 1410 quas
781 1352 908 1410 putamus
929 1344 1066 1411 praediali-

56 1413 98 1464 bus
109 1417 308 1476 accensendas;
324 1429 403 1468 secus
425 1415 497 1468 idam
518 1416 664 1468 dicendum
681 1417 760 1475 ioret,
775 1415 809 1470 de
831 1415 928 1474 tritico,
946 1420 973 1469 et
986 1415 1069 1478 vino;

56 1491 77 1535 ei
87 1485 190 1538 aliunde
205 1487 330 1538 Pontifex
343 1489 450 1537 tantum
465 1487 631 1552 personales,
649 1489 676 1536 et
689 1486 836 1552 praedialas
850 1485 968 1538 decimas
983 1485 1068 1537 nomi·

56 1561 100 1606 nat.
118 1557 180 1622 Cap.
194 1558 235 1623 id,
250 1559 284 1610 de
303 1557 399 1608 decim.
419 1557 446 1607 2⁰
457 1557 610 1608 liecensem
623 1557 741 1608 decimas
759 1557 927 1624 antiquaret
943 1555 1069 1620 novales,

57 1625 107 1679 illas
119 1628 257 1680 deducant
269 1641 303 1680 ax
318 1627 391 1690 agris
401 1627 435 1678 ab
450 1627 560 1692 antiquo
573 1627 687 1678 culture
696 1627 849 1694 suppositis
860 1645 867 1686 ;
877 1628 942 1680 istas
952 1641 986 1680 ex
997 1629 1072 1694 agria

57 1699 148 1750 noviter
161 1699 250 1749 cultis.
273 1700 300 1750 3⁸
323 1697 498 1763 Distinguunt
519 1697 680 1760 docimesio
702 1697 893 1752 eoclmtastteos
909 1703 937 1751 et
953 1697 1069 1754 molan

58 1766 112 1888 Ista}
122 1769 205 1820 otiam
218 1770 340 1835 prolana
353 1768 536 1834 appellantur,
551 1772 577 1820 at
599 1781 723 1836 porsaepe
741 1769 904 1824 tributorum
921 1769 1009 1828 locum
1029 1774 1070 1822 ta-

58 1851 101 1888 nen
114 1877 120 1888 .

14 2015 16 2098 ᾗ
86 2018 142 2075 bril.
154 2020 199 2074 Ex
209 2013 287 2092 juro,
300 2014 423 2074 decimae
434 2015 604 2093 personales
619 2015 657 2074 ab
668 2014 749 2075 omni
760 2014 840 2076 iideli
852 2031 912 2075 non
927 2021 1070 2091 exempto

14 2169 16 2178 ‚
60 2103 197 2162 solvendae
211 2109 282 2162 sunt
295 2101 337 2162 illi
350 2104 495 2178 parocho,
510 2120 527 2161 a
541 2119 601 2178 quo
612 2107 802 2164 Sacramenta
814 2101 948 2178 suscipit,
964 2101 1066 2163 etiam-

14 2207 15 2212 *
60 2187 176 2265 siregia,
190 2191 239 2250 vel
251 2190 441 2266 imperatoria
454 2189 596 2265 dignitate
609 2191 747 2266 fulgerem
764 2191 919 2266 praediales
941 2209 1014 2252 vero
1031 2191 1070 2251 ab

62 2273 131 2336 omni
142 2279 240 2349 tldcle,
256 2285 286 2338 et
299 2278 409 2338 infideli
423 2278 462 2337 illi
477 2277 620 2354 parocho,
635 2277 665 2337 in
677 2279 761 2354 cujus
777 2279 920 2355 parocbia
934 2280 990 2340 sita
1004 2285 1075 2339 sunt

62 2366 171 2438 pradia,
187 2365 245 2424 nisi
263 2367 348 2426 aliter
362 2383 400 2426 ex
423 2366 639 2426 consuetudine
653 2366 691 2426 sit
704 2367 864 2439 firmatum,
881 2368 966 2442 cujus
980 2368 1074 2427 maxi-

63 2467 134 2512 mnm
147 2460 192 2514 aa
205 2455 325 2530 pondus
338 2455 368 2512 in
391 2456 570 2526 haereti).
591 2459 685 2514 Porro
710 2455 748 2513 ad
769 2455 925 2530 praediales
945 2454 1077 2514 (technas

66 2541 211 2602 solvendas
226 2548 366 2602 tenentur
385 2543 474 2602 ctiam
496 2540 631 2602 infideles
655 2547 685 2602 et
705 2540 808 2615 ludaei,
829 2540 897 2617 quia
918 2542 977 2600 hoc
1000 2559 1077 2602 onus

65 2629 134 2688 reale
146 2636 201 2704 est,
216 2630 421 2706 praediumque
435 2630 570 2706 sequitur
583 2630 613 2690 in
636 2645 855 2706 quemcumque
867 2645 1075 2706 possessorem

66 2721 185 2778 nauseat
203 2721 255 2790 (i).

90 2880 190 2947 (neap.
205 2881 246 2940 ro,
259 2882 293 2934 de
309 2881 405 2934 decim.
423 2908 454 2920 -
467 2881 502 2946 (ii
512 2881 577 2948 Gap.
593 2881 630 2944 to,
645 2882 705 2934 eod.
722 2881 1000 2946 Regularasdecimas
1017 2885 1072 2936 sol-

67 2956 123 3000 runt
141 2952 172 3003 de
184 2954 304 3018 prediis,
320 2967 382 3018 quae
400 2953 513 3005 decimis
534 2953 758 3018 subjiciebantur,
775 2959 920 3018 autequam
934 2955 968 3006 ad
982 2969 1077 3009 eorum

68 3017 292 3082 manusveniretit
307 3037 343 3074 ne
352 3023 480 3075 Ecclesiae
489 3020 629 3075 occasione
642 3024 845 3090 privilegiorum
855 3026 1021 3091 regularium
1033 3027 1076 3078 ni·

69 3089 112 3141 mis
125 3094 413 3159 praegraventurtctrp.
432 3093 472 3156 at,
488 3094 558 3156 eod.;
573 3093 606 3144 de
630 3094 793 3147 animalibus
810 3109 883 3161 vero,
902 3097 988 3150 bortis
1004 3099 1076 3157 circa

71 3159 217 3226 clausuram,
232 3169 260 3216 et
271 3165 305 3215 de
319 3165 391 3228 agris
404 3165 507 3216 noviter
519 3165 554 3216 ab
569 3164 608 3216 ais
622 3165 736 3220 excultis
754 3165 872 3218 decimas
888 3181 943 3220 non
955 3168 1073 3221 solvunt.

71 3229 123 3298 Gap.
136 3233 162 3284 tn
173 3237 198 3285 et
211 3233 293 3288 Clam.
308 3233 432 3300 nerone
446 3234 504 3287 eod.

101 3435 156 3495 585.
171 3440 281 3496 Praeter
294 3436 468 3513 parochum,
482 3436 533 3515 qui
544 3452 562 3495 a
574 3437 640 3512 loge
651 3436 801 3498 communi
814 3435 852 3497 ad
865 3451 970 3498 omnes
983 3451 1074 3512 paro-

76 3519 137 3582 rblae
148 3525 344 3602 docimasius,
357 3531 389 3590 et
405 3525 558 3590 fundatam
576 3525 692 3605 iniure
711 3525 906 3586 intentionem
923 3523 1023 3601 habet,
1038 3531 1071 3588 nt
