2560 4080
517 223 678 282 433..

125 337 157 404 (l)
170 339 347 410 Praesumptio
360 343 490 397 mndatur
502 347 532 398 in
547 348 669 412 remmio,
683 348 826 402 sternitur
839 361 872 402 ax
885 351 1109 419 ramossimis,

92 415 235 488 anuceria
248 427 301 466 non
315 417 387 479 sunt,
400 415 451 468 sed
464 420 569 468 tantum
583 419 680 484 magis,
693 419 736 470 vel
748 422 839 472 minus
848 421 1009 487 probabilia.
1020 423 1110 486 Quare

92 485 258 562 praesumptio
274 486 352 552 longe
374 487 464 540 differt
482 499 498 539 a
518 489 625 542 fictione
647 490 775 556 juridica,
796 505 858 557 quae
881 493 993 544 falsitati
1013 508 1109 548 revera

92 554 217 614 rnniiitur,
232 559 343 624 siquod
357 573 412 610 non
426 563 475 627 est,
489 575 576 627 neque
593 562 645 612 luit
657 563 772 614 assumit
789 568 927 615 utrarum
942 579 974 616 ex
990 567 1065 631 justa
1081 571 1109 620 et

92 625 198 705 probata
208 642 289 681 causa
302 631 336 680 ad
349 631 467 697 aliquem
481 631 582 683 bonum
598 632 723 684 ellectum
740 633 930 686 inducendum.
944 636 990 687 Sic
999 639 1046 702 jus
1060 651 1106 689 ca·

90 705 207 748 nonlcum
221 699 306 766 lingit,
320 702 507 754 beneficiatum
522 703 618 754 studiis
632 708 782 767 vacantem,
797 711 825 756 et
837 719 854 756 a
867 705 949 756 cboro
966 708 1108 760 absentem

90 776 144 819 esse
167 768 245 823 choro
267 779 429 837 presentem
451 775 486 826 ad
502 775 647 827 lucrandos
659 776 773 839 imatus,
787 781 813 827 et
836 777 998 828 monachum
1018 778 1106 845 quoad

89 836 169 890 cilicia
191 841 280 894 civilia
298 858 358 898 asse
379 851 524 908 mortuum,
542 845 604 902 licat
625 847 705 898 vivat.
729 847 859 898 Similiter
876 849 923 911 jus
937 848 1016 900 civile
1029 851 1106 913 lingit

87 911 194 988 patrem,
207 918 234 966 et
246 913 331 967 lilium
345 917 374 968 in
384 917 544 983 quibusdam
558 917 672 981 negotiis
685 931 767 968 unam
783 932 842 970 essa
857 932 1011 982 personam,
1033 923 1059 970 et
1072 921 1103 970 li-

86 975 147 1031 llum
160 983 246 1036 cubuc
256 986 283 1038 in
294 993 371 1040 utero
389 987 515 1040 latentem
528 1001 589 1040 esse
600 991 658 1052 jam
676 992 769 1039 natum
783 989 811 1039 in
826 989 868 1048 iis,
882 1003 944 1053 quas
958 992 1018 1054 sius
1032 1003 1104 1041 com·

85 1053 187 1104 medum
201 1059 356 1122 respiciunt.
368 1059 445 1111 iuria
460 1059 614 1126 iictionibus
627 1058 770 1124 a'legibus
784 1061 968 1112 Romanorum
981 1060 1102 1114 introdu-

86 1125 132 1177 ctis
145 1127 180 1178 aa
190 1127 292 1182 bonum
307 1143 446 1184 commune
461 1144 534 1196 saepe
546 1131 632 1181 utitur
642 1131 690 1196 jus
704 1131 795 1195 civile,
811 1145 872 1182 raro
892 1135 982 1184 autem
995 1132 1042 1196 jus
1056 1145 1102 1182 ca-

83 1198 210 1250 nonicum.
226 1201 322 1254 Devoti
333 1202 353 1254 l.
368 1203 393 1266 3,
407 1211 426 1254 t.
448 1202 472 1262 9,
488 1203 550 1268 ῆῖὃ,
565 1203 595 1252 in
608 1206 663 1253 not.
683 1229 714 1239 -
731 1201 767 1266 (i)
785 1202 849 1268 Cap.
867 1203 905 1262 30,
929 1202 962 1253 de
982 1203 1101 1266 sponsal.

82 1266 204 1322 Doctores
216 1276 307 1324 tamen
323 1274 441 1335 tradunt,
457 1273 620 1338 quibusdam
641 1273 670 1323 in
682 1273 790 1325 casibus
805 1273 892 1339 ipsam
913 1273 1101 1339 praesnmptio·

42 1339 46 1345 '
82 1351 138 1390 nem
148 1339 216 1406 luris
228 1347 257 1395 et
270 1343 304 1396 de
318 1347 382 1410 jure
401 1358 479 1396 suam
490 1357 544 1394 non
563 1357 689 1395 exercere
702 1346 767 1403 vim,
781 1350 812 1396 ut
826 1343 849 1394 si
865 1346 1029 1396 contrarium
1045 1345 1101 1396 evi·

80 1409 281 1466 danterconstet
290 1415 439 1482 expublica
448 1413 782 1480 factinotarietate,rel.ex
791 1415 900 1481 publico
910 1417 1098 1468 instrumento.

80 1480 160 1536 boum
174 1485 207 1540 de
219 1487 306 1554 judic.
322 1491 390 1550 part.
405 1488 427 1545 l,
442 1485 508 1538 sect.
532 1487 556 1548 6,
571 1499 596 1536 c.
610 1486 634 1542 l,
660 1500 690 1552 q.
702 1488 728 1538 t.
746 1513 776 1525 -
792 1485 828 1550 (3)
844 1487 973 1538 Doctores
996 1487 1031 1538 ad
1058 1487 1100 1539 tit.

80 1552 111 1626 tle
124 1563 280 1624 praesumpt.
295 1558 339 1608 Sic
358 1557 534 1624 praesumitur
546 1557 707 1622 baptizatus,
723 1557 769 1622 qui
784 1557 855 1608 inter
869 1557 1037 1609 Christianos
1050 1571 1098 1608 na-

78 1627 118 1678 ius
131 1632 180 1687 est,
190 1637 271 1696 atqua
286 1628 423 1680 educatus.
436 1629 500 1694 (lap.
515 1628 555 1686 la,
566 1627 600 1679 de
614 1628 706 1692 presb.
720 1643 775 1680 non
786 1629 863 1694 bapt.
874 1634 936 1689 etc.;
952 1634 979 1680 et
991 1629 1014 1680 is
1028 1629 1099 1681 iilius
1137 1641 1141 1646 “

77 1701 254 1766 presumitur,
268 1713 349 1764 quem
359 1701 442 1764 justas
455 1700 559 1764 nuptiae
572 1699 765 1752 demonstrant.
788 1700 891 1750 Harum
906 1700 1097 1765 praesumptio·

76 1780 136 1819 num
147 1770 258 1830 allectus
270 1773 320 1835 est,
333 1775 364 1822 ut
377 1771 424 1836 qui
444 1785 493 1836 pro
505 1785 534 1824 se
550 1771 631 1822 talem
643 1772 726 1824 babet
740 1771 979 1836 praesumptionem
994 1771 1098 1823 releve-

76 1840 162 1896 oran
185 1854 268 1894 onere
292 1842 469 1906 probationis,
483 1843 554 1909 quod
573 1843 734 1894 transfertur
757 1842 785 1894 in
808 1847 915 1908 partem
937 1841 1097 1904 adversam

76 1921 132 1974 que
145 1911 167 1964 si
182 1926 232 1980 per
250 1913 437 1980 probationem
457 1927 511 1965 nou
532 1913 623 1976 elidat,
638 1913 812 1965 sententiola
827 1913 902 1963 illius
926 1912 1045 1964 levorem
1058 1913 1097 1964 ie·

78 1981 157 2034 rande
173 1985 217 2044 sit,
233 1996 326 2049 quma
346 1985 558 2050 presumptione
581 1985 733 2052 adjuvetur.
751 1983 815 2050 Cap,
830 1984 869 2047 10,
885 1983 919 2036 de
938 1989 1095 2050 praesumpt.

103 2157 165 2215 818.
180 2152 432 2230 Praesumptiones
445 2152 574 2228 hominis
583 2151 756 2212 dividuntur
764 2153 878 2214 adhuc:
893 2153 926 2213 in
935 2153 1016 2224 leves,
1029 2171 1096 2230 quae

74 2257 109 2300 cx
121 2242 237 2303 levibus
250 2251 301 2302 aut
316 2242 481 2303 munerariis
493 2241 675 2316 coniecturis
687 2259 695 2314 ;
712 2239 742 2299 in
759 2259 872 2317 proves,
887 2259 954 2318 quae
967 2260 1007 2302 ex
1020 2260 1095 2302 con-

69 2329 189 2404 jecturis
200 2330 418 2394 verosimilibus
432 2337 463 2392 et
476 2330 678 2408 probabilibus
691 2348 699 2403 ;
715 2336 745 2389 et
758 2330 789 2390 in
800 2331 953 2403 violemus,
962 2349 1029 2408 quae
1042 2332 1095 2392 de-

74 2418 220 2482 ducuntur
234 2437 273 2480 ex
286 2420 466 2496 conjecturis
479 2421 554 2480 adeo
572 2417 808 2492 vehementibus,
824 2427 857 2480 ut
870 2420 1026 2496 prudentis
1038 2421 1094 2481 bo·

70 2508 154 2568 minis
168 2526 325 2570 assensum
339 2525 444 2569 secum
456 2510 584 2569 trabant.
598 2513 639 2567 lie
652 2507 767 2568 levibus
779 2507 866 2568 siculi
878 2516 964 2568 erant
976 2505 1093 2569 veteres

69 2597 205 2674 vulgares
219 2598 412 2674 purgationes
426 2601 479 2671 (i),
498 2597 540 2657 nil
554 2596 740 2669 curandum3
764 2597 818 2657 sed
832 2614 892 2656 non
907 2597 948 2656 iia
961 2597 1091 2657 sentien-

68 2684 135 2748 dum
148 2687 187 2747 de
201 2687 350 2762 gravibus,
366 2704 433 2763 quae
448 2685 603 2765 diligenter
617 2691 686 2746 suut
700 2685 898 2774 attenderim,
910 2692 1013 2770 utpote
1025 2703 1090 2761 quae

64 2771 169 2847 judicis
183 2776 316 2836 animum
330 2775 473 2836 inclinans
482 2776 529 2834 vel
538 2791 660 2834 movere
673 2777 789 2835 valent:
802 2791 873 2835 nam
890 2792 938 2835 ex.
950 2793 995 2850 gr.
1005 2779 1088 2836 recte

66 2865 252 2938 praesumitur
267 2884 285 2924 a
300 2863 529 2926 conversatione
543 2864 752 2925 adolescentie
769 2864 808 2923 ad
825 2871 1009 2924 senectutem
1021 2871 1052 2924 et
1070 2882 1089 2924 a

65 2954 363 3026 praeteritisiactisad
374 2951 830 3029 mtura(a);vi01cntaedenique
841 2947 1088 3030 presumptiones

64 3050 188 3115 possunt
201 3046 320 3120 plenam
332 3043 514 3104 constituere
528 3041 760 3118 probationem(
779 3046 800 3114 ).

92 3195 126 3259 (l)
139 3195 272 3261 vulgares
295 3196 468 3262 probationes
487 3192 699 3260 aiongobardis
713 3194 741 3246 in
754 3193 861 3249 Italiam
875 3195 987 3246 invectae
1004 3193 1084 3245 nimis

61 3269 190 3331 ridiculae,
201 3273 228 3322 et
240 3267 434 3333 superstitiosae
446 3270 531 3318 erant.
542 3266 657 3317 Flebant
665 3265 737 3316 enim
747 3266 898 3330 praesertim
908 3279 957 3330 per
965 3267 1082 3332 immer-

61 3344 161 3394 sionem
175 3341 215 3391 rci
229 3339 258 3390 in
271 3351 379 3403 aquam,
392 3344 420 3389 et
433 3351 481 3404 per
495 3341 595 3387 tactum
614 3336 680 3386 ferri
693 3336 849 3398 candentis;
865 3343 891 3388 et
903 3339 927 3387 si
941 3337 1083 3389 immersus

60 3412 262 3478 supernatabat,
276 3409 318 3460 vel
333 3413 446 3474 tangens
460 3408 562 3460 serrum
575 3419 629 3457 non
643 3406 852 3459 comburebatur
872 3413 931 3461 erat
943 3408 1081 3474 innocens,

62 3496 138 3536 secus
151 3496 261 3538 nocens,
277 3480 340 3546 quia
360 3493 522 3547 persuasum
536 3483 602 3539 eret,
624 3478 711 3528 Deum
730 3480 758 3529 in
777 3477 917 3530 innocente
937 3478 975 3532 ita
993 3478 1081 3529 iactu-

58 3567 125 3616 rum,
147 3557 181 3606 ut
193 3554 336 3605 immersus
349 3552 378 3602 in
391 3565 488 3618 equam
508 3565 561 3602 non
580 3551 778 3616 submergatur,
793 3555 821 3602 et
833 3554 946 3614 tangens
963 3549 1081 3602 candens

58 3625 162 3682 terrum
170 3637 226 3680 non
239 3623 423 3679 comburatur.
436 3621 489 3676 Sed
498 3621 620 3678 Ecclesia
631 3621 683 3676 bas
696 3621 878 3687 purgationes,
887 3621 1011 3686 pluribus
1021 3621 1078 3675 edi·
