2494 4062
616 173 781 230 —at-.

172 298 208 352 sit
221 298 365 350 occultum.
384 298 410 350 5·
423 295 518 360 Quoad
536 295 646 348 modum
661 296 810 362 recipiendi
828 295 1058 358 denunciationes,
1071 297 1101 348 et
1114 293 1201 348 conii·

172 369 260 420 ciendi
274 383 429 434 processum
454 373 548 420 eontra
567 369 779 431 sollicitatorem,
798 371 982 432 observamus,
998 367 1202 420 sollicitatorem

171 441 228 492 sive
242 441 415 492 conveniatur
428 441 456 490 in
467 441 610 506 judicium,
626 442 682 492 sive
698 445 792 507 sponte
806 447 959 506 compareat
972 442 1008 493 ad
1026 455 1054 492 se
1069 451 1203 490 accusan-

172 509 235 562 dum
250 516 278 562 ul
291 513 398 563 facilius
406 513 514 563 veniam
528 520 718 578 consequatur,
733 526 828 564 severe
843 527 891 578 per
902 513 1023 579 judicem
1034 511 1204 566 monendum

173 593 242 641 asse,
256 587 287 633 ut
300 583 507 648 diligentissime
522 589 624 646 caveat,
641 597 675 634 na
692 584 720 634 in
736 585 968 650 responsionibus,
982 586 1039 636 sive
1053 581 1205 648 depositioe

172 653 255 704 uibus
267 655 324 705 suis
337 655 519 706 Confessionis
534 654 653 720 sigillum
668 656 784 721 franget,
799 657 904 721 quodsi
920 657 1048 718 eveniret,
1062 662 1205 718 tamquam

174 723 258 789 sigilli
271 726 385 776 violator
405 726 474 777 soret
490 726 654 790 puniendus,
671 731 698 776 et
720 729 779 791 ejus
799 727 870 778 dicta
886 728 975 793 sigillo
992 727 1130 778 contraria
1143 737 1207 794 cum

175 795 300 847 omnibus
311 797 520 848 circumstantiis
529 809 617 862 neque
629 799 657 848 in
666 811 794 864 processu
805 798 957 860 scribenda,
965 799 1025 850 uisi
1033 799 1092 863 jam
1101 795 1207 859 scripta

117 873 123 884 ·
175 864 292 918 delenda
305 873 375 918 sunt.
388 869 523 920 Caeterum
537 869 695 919 sollicitator
711 882 764 920 non
776 875 865 934 potest
876 870 1034 933 interrogari
1048 866 1208 919 denomino

176 950 301 1002 personae
312 939 472 1001 sollicitatae,
483 946 509 991 et
524 944 596 990 tauto
608 942 698 992 minus
707 940 741 990 de
755 953 887 991 consensu
901 941 935 992 ab
945 954 978 992 ea
986 940 1118 1007 praestito,
1131 935 1208 1002 quod

176 1009 199 1060 si
211 1007 257 1059 fiet
273 1009 417 1060 delendum
432 1016 473 1062 est
486 1024 503 1061 a
515 1023 662 1075 processu:
677 1025 763 1075 neque
774 1014 863 1076 potest
880 1011 1040 1075 interrogari
1054 1010 1088 1061 de
1102 1007 1209 1060 ellecti-

175 1077 228 1130 bus
242 1080 454 1142 sollicitationis;
476 1082 524 1133 sed
541 1082 564 1132 si
588 1081 763 1132 denuntiator
777 1083 845 1133 tales
867 1081 978 1133 allectus
993 1081 1163 1146 exposuerit,
1180 1093 1196 1129 e

175 1148 236 1217 ipse
247 1150 404 1203 sollicitator
414 1151 482 1204 tales
496 1151 606 1204 allectus
620 1158 714 1218 sponte
728 1153 900 1216 expresserit,
914 1160 1029 1219 possunt
1039 1153 1067 1202 in
1076 1164 1210 1216 processu

179 1222 300 1282 retineri,
318 1222 381 1287 quia
395 1224 493 1275 melius
512 1225 693 1276 determinant
710 1225 820 1274 crimen.
837 1224 1020 1275 Denunciator
1033 1237 1097 1275 vero
1111 1221 1211 1286 nequit

181 1292 341 1358 interrogari
358 1309 393 1346 an
407 1295 589 1346 sollicitationi
605 1307 766 1346 consensum
783 1295 941 1360 praebuerit,
955 1296 1020 1362 quia
1033 1308 1113 1346 nemo
1130 1300 1209 1345 taue-

180 1370 226 1415 tur
247 1365 442 1430 turpitudinem
458 1381 535 1418 suam
552 1366 729 1430 delegeraet
749 1366 873 1417 similiter
892 1369 984 1432 nequit
999 1365 1162 1428 interrogari
1174 1364 1210 1414 de

182 1433 321 1486 effectibus
340 1449 357 1486 a
376 1436 563 1488 sollicitatione
583 1437 731 1501 productis,
747 1451 815 1502 quos
830 1443 920 1488 tamen
934 1439 957 1487 si
971 1444 1067 1502 sponte
1082 1436 1143 1502 ipse
1161 1434 1208 1484 de-

182 1505 325 1557 nunciator
339 1513 461 1570 exponet,
485 1507 513 1556 in
533 1521 661 1572 processu
680 1513 744 1560 suut
760 1508 908 1570 scribendi,
925 1508 988 1573 quia
1008 1510 1071 1558 sunt
1093 1506 1210 1556 circum-

111 1632 116 1647 ,
183 1577 290 1627 stantiae
304 1583 492 1642 aggravantes,
502 1591 563 1642 quae
577 1583 689 1642 propter
706 1579 791 1629 multa
805 1580 926 1643 pericula
939 1593 993 1630 non
1010 1583 1073 1629 sunt
1086 1591 1102 1628 a
1113 1576 1209 1641 judice

184 1648 366 1712 exquirendae,
381 1648 428 1700 sed
445 1655 557 1714 possunt
570 1662 631 1700 cum
648 1649 747 1700 debitis
762 1651 875 1700 cautelis
893 1651 986 1716 recipi,
1012 1651 1035 1700 si
1050 1655 1146 1715 sponte
1160 1660 1208 1698 ex-

182 1724 326 1782 ponantur.
335 1719 409 1771 -iiaeo
419 1719 508 1770 omnia
521 1720 607 1772 fusius
618 1719 783 1785 explicamus
797 1723 825 1772 in
835 1721 964 1772 Theorioa
976 1725 1003 1772 et
1014 1722 1097 1772 Praxi
1107 1718 1210 1771 Vicarii

185 1788 348 1855 capitularis
361 1804 460 1840 anum.
470 1791 522 1849 188,
532 1791 566 1840 ad
575 1793 791 1856 quamlactorem
800 1793 1003 1844 remittimus·
1012 1791 1045 1853 (3)
1058 1791 1125 1841 Haec
1134 1788 1212 1840 bulla

186 1858 280 1924 incipit
298 1861 456 1924 Pastorum,
475 1868 502 1912 at
519 1861 618 1914 dicitur
632 1859 715 1914 Cena
728 1863 793 1928 quia
806 1864 870 1914 olim
888 1862 1033 1928 quotannis
1053 1861 1146 1913 Romae
1168 1860 1212 1912 die

187 1931 277 1982 Coenae
294 1931 402 1983 Domini
415 1946 463 1996 par
483 1935 587 1996 Papam
604 1933 803 1997 publicabatur,
824 1935 903 1998 cujus
921 1935 1018 1984 ultima
1032 1931 1211 1999 promulgatio

187 2002 258 2053 iacta
267 2002 318 2053 luit
332 2003 493 2055 aClemente
506 2003 576 2053 Xlll
590 2017 632 2054 an.
651 2003 719 2055 1768.
734 2005 862 2056 Censura
877 2010 966 2056 antem
979 2004 1061 2069 hujus
1071 2003 1157 2054 Bullae
1176 2005 1214 2052 ita

189 2077 409 2124 enumerantura
423 2073 598 2126 Reitienetuel
612 2076 638 2124 in
654 2088 704 2126 sua
716 2075 804 2127 Tbaol.
815 2089 881 2127 mor.
894 2081 971 2127 tract,
984 2075 1121 2134 1361561,
1133 2089 1159 2125 n.
1171 2074 1210 2124 56.

191 2163 203 2192 a
221 2145 246 2196 1·
260 2146 532 2198 Excommunicantur
544 2146 675 2207 baeretici,
691 2150 821 2213 apostata
841 2148 933 2212 eilde,
948 2151 1110 2212 receptores,
1125 2145 1212 2196 lauto·

191 2235 203 2264 ι
222 2222 305 2276 tores}
316 2223 343 2268 et
356 2217 512 2268 defensores
526 2217 724 2280 baereticorum,
739 2218 860 2282 legentes
878 2231 970 2270 eorum
992 2218 1076 2268 libros
1096 2217 1129 2268 de
1150 2215 1213 2266 reli·

192 2305 203 2336 r
221 2288 300 2354 gione
319 2291 475 2353 tractantes,
490 2289 683 2354 imprimentes„
698 2289 882 2354 defendentes,
892 2296 918 2341 et
932 2289 1105 2341 schismatici.
1122 2288 1212 2351 2⁰Ap·

191 2379 203 2408 «
221 2358 354 2426 pellentes
367 2373 383 2410 a
397 2360 547 2419 sententiis,
562 2364 590 2412 et
602 2360 737 2412 mandatis
756 2362 855 2411 summi
871 2361 1011 2412 pontilicis
1033 2360 1067 2412 ad
1093 2360 1214 2410 futurum

192 2451 206 2477 a
223 2431 366 2483 concilium
378 2431 508 2496 generale.
529 2432 555 2482 3·
569 2431 676 2492 Piratae‚
688 2444 738 2483 seu
752 2431 898 2484 latrunculi
911 2431 1050 2489 maritimi,
1068 2440 1213 2492 eorumque

194 2520 206 2552 ι
224 2503 352 2562 fautores
368 2508 418 2554 etc.
432 2503 457 2554 4⁰
465 2503 610 2570 Rapientes
620 2504 692 2554 bona
704 2503 923 2568 naufragantium
933 2503 1147 2554 Christianorum
1155 2498 1213 2549 ubi-

194 2593 206 2621 r
223 2574 265 2624 vis
278 2579 423 2626 terrarum.
443 2576 468 2626 5⁰
487 2575 661 2640 Imponentes
680 2588 750 2626 nova
763 2577 887 2640 pedagio,
903 2589 951 2627 seu
971 2573 1104 2637 gabellas,
1116 2575 1214 2642 praejter

195 2663 206 2692 v
224 2643 356 2698 babentes
371 2647 557 2697 auctoritatem
571 2646 669 2698 adhoc
672 2683 718 2697 .....
734 2647 759 2696 6ο
769 2645 954 2697 Falsiiicantes
965 2646 1069 2696 litteras
1082 2642 1215 2708 Apostoli-

191 2735 205 2766 ,α
224 2729 278 2768 cas.
293 2718 319 2768 7ο
333 2717 490 2768 Deserentes
505 2731 589 2776 arma,
603 2720 630 2769 at
643 2717 696 2768 alia
707 2717 769 2768 usui
784 2717 881 2768 bellico
895 2717 990 2769 idonea
1004 2717 1039 2767 ad
1052 2716 1214 2776 Saracenos,

197 2803 209 2834 r
226 2787 339 2852 Turcas,
354 2793 381 2839 et
394 2789 462 2840 alios
478 2788 622 2840 Christiani
642 2789 758 2840 nominis
770 2788 868 2848 hostes,
883 2789 926 2839 vel
939 2788 1080 2839 haereticos
1093 2797 1216 2851 expresse

197 2876 209 2905 o
228 2862 255 2909 et
275 2859 433 2910 nominatim
448 2874 464 2910 a
478 2859 546 2912 Sede
559 2860 715 2926 Apostolica
737 2859 896 2911 declaratos.
915 2861 940 2910 8ο
961 2858 1142 2924 Impedientes
1160 2869 1216 2915 eos,

198 2929 275 2993 «qui
295 2930 432 2992 victualia,
454 2935 500 2981 aut
523 2931 577 2981 alia
590 2931 744 2981 necessaria
757 2930 870 2981 Romam
887 2930 996 2982 vehunt.
1017 2929 1043 2979 9ο
1065 2926 1217 2978 Afficientes

200 2997 340 3064 oiujuriis
360 3013 416 3062 eos,
439 3001 484 3065 qui
506 3001 637 3051 accedunt
650 3001 684 3050 ad
699 3000 795 3051 Sedem
811 3001 1003 3067 Apostolicam.
1026 2998 1065 3050 to·
1085 2997 1217 3048 vexantes

201 3089 212 3118 r
230 3069 639 3136 Romipems.1190ffendeutes
659 3071 815 3122 Cardinales
835 3075 862 3122 et
878 3071 1006 3122 Ecclesia
1025 3070 1162 3121 Praelatos.
1180 3068 1218 3118 12ο

200 3160 212 3188 r
231 3139 404 3193 offendentes
424 3155 479 3201 eos,
492 3142 539 3206 qui
557 3143 591 3192 ad
607 3141 755 3192 Romanam
769 3142 872 3192 curiam
886 3142 1018 3194 accedunt
1035 3154 1083 3205 pro
1096 3138 1217 3202 negotiis,

203 3231 215 3260 ι
232 3213 454 3278 negotiorumque
469 3217 599 3276 gestores.
620 3212 660 3262 130
675 3213 852 3277 appellantes
867 3227 882 3263 a
895 3212 1058 3277 gravamine,
1073 3211 1115 3262 vel
1131 3209 1218 3260 lutura

203 3286 390 3335 «executione
416 3284 566 3336 litterarum
592 3285 804 3349 apostolicarum
825 3283 860 3334 ad
881 3283 979 3334 laicum
995 3285 1161 3348 potestatem.
1180 3280 1218 3330 11ο

202 3373 213 3402 v
232 3353 368 3408 Officiales
385 3356 479 3419 etalii,
493 3355 540 3418 qui
555 3368 651 3405 causas
665 3355 865 3406 ecclesiastices
877 3359 990 3405 avocant
1002 3367 1019 3404 a
1029 3352 1166 3419 judicibus
1176 3364 1218 3401 ec-

201 3447 216 3473 «
233 3426 400 3478 claslastieis.
419 3428 457 3477 15·
477 3425 588 3478 Judiees
601 3425 755 3490 saeculares,
771 3427 816 3491 qui
833 3437 964 3490 personas
977 3424 1172 3476 ecclesiasticas
1184 3421 1219 3472 ad

205 3516 216 3546 r
234 3511 284 3550 sua
299 3498 447 3550 tribunalia
460 3497 578 3549 trahunt.
597 3496 636 3548 16θ
645 3497 828 3561 Impedientes
838 3496 979 3558 Praelatos,
993 3494 1219 3560 nejurisdictiona

206 3589 219 3616 α
236 3583 286 3622 sua
309 3569 491 3624 ecclesiastica
515 3571 636 3621 utantur.
661 3568 700 3619 ti⁰
723 3568 894 3633 Usurpantes
912 3566 1127 3632 jurisdictionem
1145 3563 1219 3615 Sedis
