2524 4080
1232 33 1233 102 l

610 163 765 218 -352-

1232 293 1233 324 l

181 285 283 346 omnic
298 284 464 362 procedere
481 297 640 344 necessum
653 288 707 344 est.
724 282 779 356 Qui
796 287 894 344 666666
915 282 973 343 hoc
988 281 1169 342 6616166666-

182 373 327 452 ceperint,
343 379 481 434 tenentur
493 389 719 446 consummere3
744 378 774 434 et
787 389 813 432 si
803 371 854 432 id
867 373 965 432 iecere
978 377 1098 442 renuant,
1110 386 1169 446 pos

181 469 252 524 sunt
265 479 320 540 per
330 461 463 540 judicem
475 461 514 520 ed
526 460 558 520 id
571 461 710 538 compelli
725 464 776 533 (t).
792 461 905 522 sivero
918 477 994 522 unus
1007 475 1100 520 corum
1108 455 1172 517 mori

182 549 350 626 contigerit,
365 550 413 610 vel
424 549 511 622 obsit,
526 549 575 608 vel
588 565 678 625 ogere
687 548 771 622 nolit,
783 547 859 608 nlius
867 548 974 626 poterit
987 547 1107 608 officium
1116 561 1174 605 exe-

183 637 311 699 cutionis
324 637 418 700 libere
431 653 583 712 exercere,
597 637 688 700 modo
705 643 828 699 testator
841 637 958 698 diverso
971 637 1057 698 modo
1071 651 1124 696 666
1133 649 1175 694 ex·

184 727 325 806 presserit
338 730 390 800 (2).

213 875 250 940 (1)
261 873 326 941 Gep.
347 873 376 926 l'l
388 876 416 926 et
430 875 468 934 19,
483 873 516 926 66
528 875 635 926 testem.
650 873 725 928 hicet
742 873 903 940 regulariter
915 888 995 928 nemo
1008 875 1121 926 teneatur
1131 869 1176 923 offl-

183 948 255 1000 oium
273 945 423 998 executoris
436 945 584 1010 suscipere.
608 945 673 1012 quie
692 946 810 998 continet
823 945 990 1008 mendcium,
1005 951 1032 998 et
1047 945 1177 996 mondoum
1232 917 1233 972 i

183 1017 265 1072 debet
276 1031 336 1070 esse
345 1017 480 1079 liberum
496 1016 647 1082 Episcopus
664 1021 753 1068 temen
766 1017 800 1070 cb
816 1017 1006 1070 rationabilem
1020 1029 1120 1068 censum
1132 1017 1177 1080 pct-

182 1093 225 1142 est
242 1088 370 1141 clericum
384 1101 489 1154 cogere,
503 1093 534 1138 ut
548 1087 598 1138 hoc
612 1087 728 1138 officium
742 1089 881 1154 suscipiet,
897 1089 921 1140 si
938 1087 979 1139 illi
993 1089 1029 1140 sit
1043 1101 1059 1140 6
1076 1088 1180 1138 testatore

183 1159 310 1213 deletum.
325 1159 354 1210 sl
367 1173 431 1210 vero
440 1158 467 1210 in
476 1171 558 1210 ceusu
568 1158 614 1224 pie
625 1161 739 1209 testator
752 1157 858 1210 nullum
868 1163 1037 1211 executorem
1048 1159 1091 1210 des
1080 1159 1182 1223 igneve·

183 1233 227 1292 rlt,
241 1234 330 1297 potest
351 1229 438 1282 edbuc
452 1230 601 1312 Episcopus
619 1229 748 1282 clericum
768 1243 873 1295 cogere,
892 1233 922 1281 ut
944 1229 998 1282 boc
1010 1230 1182 1282 ciliciumtem·

182 1315 265 1370 quem
282 1301 409 1369 Episcopi
423 1300 625 1354 commissarius
646 1303 787 1366 geret-
809 1300 846 1366 (i)
860 1301 924 1366 Gup.
940 1301 966 1360 i,
982 1303 995 1366 fl
1014 1303 1036 1362 1
1052 1301 1084 1354 de
1096 1305 1183 1352 tosun

183 1371 247 1426 166.

218 1509 281 1610 eet.
302 1552 382 1608 luter
396 1553 575 1608 executores
588 1547 674 1609 datos
686 1565 704 1608 e
714 1550 782 1625 jure
796 1548 925 1625 primum
936 1550 1040 1610 locum
1055 1555 1128 1610 tenet
1139 1549 1184 1606 be

181 1653 231 1698 res
243 1635 403 1709 institutus,
419 1635 470 1712 qui
484 1635 846 1698 adeundo-haereditetem
866 1638 951 1714 qussi
972 1636 1119 1698 contrahit
1133 1649 1186 1696 cum

182 1724 320 1786 omnibus
332 1723 480 1800 legatariis
494 1724 532 1784 de
551 1725 656 1800 legetis
670 1725 828 1800 solvendis,
848 1734 878 1786 et
892 1727 930 1786 de
946 1729 1101 1788 voluntate
1115 1731 1186 1786 teste·

181 1812 256 1874 66616
269 1812 456 1888 exequendo.
471 1817 541 1873 Post
555 1812 705 1873 haeredem
724 1812 753 1872 iu
769 1813 825 1890 piis
841 1813 1074 1890 haereditatibus,
1089 1815 1189 1890 ellege-

182 1901 220 1961 tis
232 1900 314 1960 venit
328 1901 517 1960 dioecesanus
533 1901 706 1978 Episcopus
729 1900 779 1977 qui
792 1901 914 1980 insuper
928 1911 1030 1978 potest
1043 1899 1193 1966 executioni

182 2006 215 2050 se
232 1988 410 2062 immiscere,
425 1988 451 2048 si
471 1990 567 2049 haeres
588 1989 617 2050 in
640 2006 676 2049 ee
689 1991 861 2066 peragenda
878 1991 1037 2070 negligens
1053 1993 1100 2066 sit,
1112 1999 1143 2052 ut
1153 2007 1192 2050 su-

183 2095 238 2154 pro
248 2079 309 2155 jem
327 2077 466 2148 diximus,
484 2083 514 2138 et
528 2077 683 2138 manifeste
697 2079 806 2155 injure
826 2081 971 2156 probetur
984 2086 1044 2156 (l);
1060 2082 1145 2142 immo
1159 2087 1194 2138 te-

182 2172 276 2228 stator
287 2166 389 2242 nequit
404 2182 473 2226 cum
487 2167 595 2226 effectu
609 2165 795 2243 interdicere,
805 2185 843 2228 ne
857 2169 1026 2246 Episcopus
1040 2171 1072 2230 in
1087 2170 1139 2247 piae
1151 2167 1194 2228 dis·

184 2254 340 2333 positionis
359 2255 537 2315 executione
557 2272 590 2315 sc
611 2254 790 2317 immisceat:
812 2275 883 2318 nam
902 2259 981 2318 socri
1003 2276 1144 2332 6666666,
1157 2255 1197 2333 qui

184 2343 263 2404 hauc
277 2350 454 2420 potestatem
468 2342 615 2420 Episcopo
635 2343 778 2417 tribuunt,
794 2347 910 2422 privetu
931 2347 1086 2408 testatoris
1106 2349 1195 2406 volun·

183 2439 244 2493 tete
257 2431 366 2493 etrierri
379 2447 440 2491 nou
454 2438 595 2508 possunt,
612 2433 642 2491 iu
657 2449 716 2508 quo
728 2433 778 2508 jus
800 2434 977 2494 canonicum
992 2453 1065 2497 curn
1077 2438 1199 2514 1666166-

182 2537 272 2582 meno
286 2521 460 2596 concordet,
475 2521 560 2596 crrjtts
574 2527 639 2581 oret
656 2521 835 2598 principium
846 2541 853 2582 :
864 2523 956 2584 Neruo
967 2532 1064 2600 potest
1079 2525 1111 2585 ic
1125 2531 1197 2584 terto

182 2619 282 2672 mereto
296 2627 517 2686 ructaverunt
528 2609 642 2686 lepesin
655 2626 709 2670 suo
724 2618 895 2682 testamento
906 2611 1004 2674 locum
1018 2613 1145 2676 boccum
1156 2614 1199 2685 (tl.

215 2773 249 2838 tl)
263 2773 327 2838 Cep.
340 2773 353 2824 l
367 2777 394 2825 ot
417 2774 456 2836 ll,
470 2773 503 2826 de
517 2777 623 2826 testem.
639 2775 801 2828 Benedictus
814 2777 879 2828 xlv
889 2776 1030 2842 deSyncd.
1048 2779 1065 2831 1.
1079 2779 1119 2842 13,
1128 2793 1150 2830 6.
1159 2778 1199 2830 616

183 2857 210 2894 u.
226 2845 247 2894 1.
260 2844 335 2906 *(61
349 2845 411 2908 cop.
424 2846 439 2895 6
451 2847 478 2896 66
500 2845 538 2904 ll.
560 2845 594 2898 de
608 2850 716 2898 testem.
731 2847 820 2909 Quare
841 2847 889 2900 cit.
906 2848 1075 2903 Benedictus
1095 2852 1159 2904 xlv
1172 2851 1203 2900 ito

184 2913 320 2966 concludit
337 2933 348 2962 ι
364 2915 489 2966 omnibus
501 2917 597 2982 exequi
610 2916 831 2978 detrectantibus,
847 2919 955 2971 taudem
969 2921 1017 2972 liet
1027 2921 1163 2974 devolutis
1174 2918 1201 2970 ed

187 3003 198 3032 ι
215 2983 390 3050 Episcopum,
403 2999 490 3053 neque
505 2986 556 3039 hoc
569 2987 707 3054 prohiberi
720 2990 819 3054 poterit
831 3003 847 3041 6
859 2994 994 3043 testatore.
1014 3009 1025 3038 ι
1041 2993 1115 3046 Ibid.

219 3181 287 3240 683.
305 3181 488 3238 Executores
508 3179 626 3255 piorum
649 3180 877 3258 dispositionum
899 3199 950 3244 eos
970 3191 1090 3247 mutare
1112 3184 1203 3265 prohi-

183 3267 301 3341 bentur,
323 3282 393 3326 uam
415 3269 443 3326 S.
468 3270 627 3344 Gregorius
648 3269 771 3332 aiebat:
797 3271 907 3332 Ultimo
928 3273 1068 3334 voluutas
1082 3274 1206 3351 doftmttt‘
1232 3335 1233 3340 ,

184 3354 319 3417 omuibus
332 3354 427 3414 modis
441 3353 589 3417 observari
608 3358 687 3418 debet
699 3364 740 3432 (l)
757 3378 763 3418 :
779 3365 825 3420 est
840 3360 920 3420 enim
931 3361 1028 3437 prime
1039 3362 1101 3438 piee
1112 3362 1203 3438 dispo·

184 3443 299 3504 sitionis
319 3444 377 3504 lex.
394 3447 455 3504 Nec
467 3443 532 3520 ipse
545 3445 710 3522 Episcopus
724 3448 873 3510 testatoris
889 3450 1074 3512 voluntatem
1086 3452 1120 3511 in
1134 3448 1206 3512 eliud

186 3531 268 3604 pium
281 3548 358 3608 opus
372 3538 548 3594 convertere
571 3535 660 3610 velet,
675 3535 731 3596 etsi
743 3537 888 3613 maiorem
900 3537 1073 3614 bonitetcrn,
1090 3545 1124 3600 et
1134 3535 1205 3600 utili·
