2410 4068
435 141 593 200 ..ῃ-ι..
682 169 694 180 .

36 261 98 337 quod
113 261 199 322 alicui
212 261 265 322 dat
285 261 343 338 jus,
356 267 389 322 ut
402 267 600 338 praesentetur
616 280 624 335 ς
640 259 694 320 sed
706 259 745 320 ab
754 259 855 323 activo
874 259 1039 320 illationes

36 349 59 408 n
75 350 107 410 ad
123 349 286 425 passivum,
305 366 404 426 neque
425 351 466 410 ob
483 355 630 411 mutuum
643 349 773 425 primum
785 354 918 408 mutetur
931 363 1040 408 secun

36 439 97 497 dum.
110 437 252 498 Dividitur
266 439 296 498 in
309 438 399 512 renio,
415 438 497 515 quod
512 437 654 514 competit
676 437 765 498 alicui
784 436 838 510 rei,
853 438 899 498 vei
914 437 1037 513 praedio,

36 527 139 602 acujus
158 539 336 603 possessore
361 531 529 598 exercetur,
552 531 582 587 et
605 525 770 601 personate,
794 525 874 602 quod
897 526 1044 602 competit

36 614 103 674 alicui
115 631 252 690 personae
265 613 534 689 independentera
553 631 596 687 re,
621 621 654 674 ut
676 613 886 690 primogenito,
902 615 949 674 uei
970 631 1039 675 suo-

36 703 127 762 cessori
139 702 170 762 in
182 703 281 778 aliqua
295 702 413 762 familia.
429 702 572 762 Dividitur
586 702 616 762 in
627 702 861 775 hereditatam,
877 703 1039 778 quodcum

35 791 185 852 hereditate
196 793 236 850 sd
255 805 463 868 quoscumque
476 791 612 850 haeredes
630 791 809 865 devolvitur,
825 797 855 851 et
875 791 1037 866 familiare,

36 880 511 957 quodagnatiS,veldeter1uinetae
532 879 651 939 iemiiiae
675 885 857 951 reservatur,
879 886 910 940 et
922 881 1042 956 pontili-
1079 914 1083 920 -

35 970 102 1044 tium,
114 970 195 1047 quod
208 969 248 1029 ad
259 976 395 1045 agnatos,
410 978 440 1030 et
454 975 599 1046 cognatos
613 969 782 1030 extenditur
796 976 807 1044 (
827 974 848 1043 ).

55 1117 83 1182 (Ι)
94 1118 134 1170 De
145 1117 220 1170 Luae
229 1118 281 1170 loe.
294 1117 341 1168 cit.
354 1131 381 1170 n.
393 1117 434 1177 29,

58 1316 110 1372 ste.
131 1311 270 1372 Secundo
291 1313 516 1389 juspatronatus
540 1307 704 1385 aequiritur
728 1307 819 1368 variis
832 1309 939 1383 modis,
963 1325 1039 1386 quo-

31 1415 83 1459 min
94 1400 141 1460 aiii
152 1399 301 1477 primitivi
315 1398 373 1460 dici
396 1407 532 1475 possunt,
557 1397 606 1457 sid
631 1397 809 1471 secundarit,
825 1404 856 1458 et
875 1397 1036 1458 damnaticii.

32 1489 164 1563 Primitivi,
181 1489 292 1565 quibus
301 1490 527 1564 juspatronatus
541 1487 706 1562 aoquiiitur
726 1487 793 1563 ipso
816 1487 894 1562 jure,
917 1485 980 1546 sive
999 1503 1039 1546 ex

31 1576 132 1650 pacida,
143 1585 214 1638 sunt
229 1585 300 1650 tres,
314 1593 437 1652 nempe:
448 1575 572 1648 dotatio,
586 1575 741 1635 aediflcatio
760 1583 790 1635 et
798 1573 940 1647 madano,
953 1575 1039 1650 juxta

33 1664 86 1725 iliud
102 1669 213 1727 Glossae
230 1685 236 1726 :
251 1667 419 1726 Paeonum
436 1666 554 1740 faciunt
578 1664 639 1738 dos,
664 1664 826 1740 edificatio,
848 1665 962 1740 fundus
986 1667 1036 1736 (t).

34 1753 188 1816 iliadicitur
209 1755 346 1828 fundare,
362 1753 413 1831 qui
435 1755 487 1814 dat
504 1753 639 1827 fundum,
659 1753 721 1812 sive
740 1754 847 1826 solum,
861 1753 890 1811 In
913 1769 972 1828 quo
994 1757 1040 1812 est

34 1844 144 1904 Ecclesia
157 1837 377 1916 constmenda3
404 1843 453 1903 ille
473 1841 631 1926 aedificare,
653 1842 703 1917 qni
720 1840 849 1918 propriis
872 1838 1042 1915 sumptibus

34 1933 176 1994 Ecclesiam
190 1933 305 2009 primus
320 1931 457 2006 exstruit,
475 1931 522 1990 vei
532 1931 595 2006 iam
618 1931 781 2006 collapsam
801 1927 962 1988 reaedificat
976 1931 1041 2000 (ῆς

33 2018 70 2079 ille
78 2022 197 2082 demum
208 2021 318 2080 dicitur
330 2021 445 2093 dotare,
456 2019 507 2095 qui
517 2036 573 2094 pro
587 2017 726 2078 Eooiesiae
737 2017 970 2090 manutentione,
983 2032 1039 2092 pro

33 2109 169 2184 ministris,
181 2116 212 2170 et
224 2109 401 2170 utensilibus
423 2107 537 2169 reditus
555 2106 736 2167 sufficientes
753 2105 894 2182 assignat.
914 2104 944 2164 si
965 2119 1039 2164 vero

33 2197 125 2259 manus
135 2197 278 2275 assignati
291 2197 473 2258 sufficientes
486 2213 549 2256 non
564 2195 634 2270 sint,
656 2195 837 2269 benefactor,
853 2211 916 2254 non
938 2199 1038 2270 patro·

34 2288 189 2348 msdicitur
202 2291 254 2360 (3).
271 2285 326 2358 Qui
346 2293 408 2346 tres
429 2283 590 2360 praedictss
613 2301 718 2344 causas
741 2282 834 2358 ponit,
849 2282 939 2342 modo
962 2282 1040 2341 adsit

33 2374 118 2434 saitem
131 2381 333 2453 presumptus
345 2372 483 2449 Episcopi
497 2388 674 2446 consensus,
689 2371 754 2448 ipso
766 2372 834 2466 jure
851 2371 967 2446 absque
979 2370 1041 2446 ulia

31 2458 262 2538 jurispatronatus
289 2462 493 2522 reservatione
513 2467 660 2536 patronus
679 2460 721 2520 nt.
746 2464 781 2518 Et
795 2460 820 2518 si
844 2460 946 2534 plures
964 2457 994 2516 in
1009 2457 1040 2516 id

33 2559 204 2626 conterrent,
220 2559 249 2612 et
264 2567 404 2610 unusex.
428 2548 604 2624 greiundet,
620 2549 694 2608 alter
717 2546 854 2620 aedifleet,
881 2555 912 2606 et
934 2545 1040 2606 tertius

34 2635 108 2716 dotet,
123 2657 228 2702 omnes
241 2639 272 2700 iu
285 2639 414 2700 solidum
427 2636 546 2713 petroni
560 2635 635 2696 flunt
649 2638 702 2708 (t).

56 2811 83 2876 (t)
95 2813 189 2866 Glossa
200 2815 229 2864 in
239 2826 298 2864 can.
312 2811 352 2874 26,
362 2827 385 2864 c.
401 2812 438 2876 id,
453 2826 479 2878 q.
496 2814 519 2864 i.
537 2839 563 2850 -
579 2813 614 2877 (t)
628 2810 681 2862 Sed
699 2809 777 2875 prius
791 2809 919 2862 citandos
930 2810 1036 2862 estaol·

33 2877 101 2945 lapsas
119 2885 242 2937 acclesiae
255 2889 394 2948 petronus,
408 2883 431 2934 si
449 2884 511 2948 quis
531 2883 576 2945 sit,
588 2886 620 2932 ut
633 2881 774 2939 edisserat,
793 2894 829 2932 ou
846 2882 911 2934 velit
930 2881 990 2950 ipse
1005 2881 1040 2932 ad

30 2950 217 3017 juspatronatus
237 2954 291 3006 sibi
313 2954 527 3005 conservandum
549 2953 691 3004 eeclesiam
713 2951 888 3011 reaedificare,
907 2967 941 3005 an
963 2967 1038 3005 non:

32 3033 91 3088 nam,
108 3029 256 3078 catomum
273 3025 408 3076 adificare
429 3027 568 3083 renuente,
584 3023 661 3074 alteri
681 3027 816 3086 potestas
830 3023 1040 3076 reedificatione

32 3093 223 3160 juspatronetus
236 3097 350 3161 acquiri.
365 3095 398 3146 nt
417 3095 516 3146 adhoc
537 3095 624 3161 primo
643 3099 756 3158 patrono
777 3097 888 3148 concedi
902 3097 973 3157 solet
993 3109 1040 3148 sex

32 3169 151 3218 mensium
169 3169 296 3234 spatium,
311 3170 342 3218 ut
356 3179 387 3218 eo
403 3171 523 3230 ternpore
540 3166 583 3217 vei
601 3160 754 3226 reaedificet,
769 3167 813 3218 voi
823 3168 1040 3232 jucipstronatus

33 3239 165 3289 renunciet.
180 3241 244 3290 Post
264 3239 372 3304 lapsum
388 3253 450 3289 vero
465 3237 547 3304 hujus
563 3237 691 3301 temporis
711 3251 745 3290 ax
761 3238 821 3302 ipso
833 3241 895 3304 jura
906 3241 1041 3302 iuspatro·

32 3311 99 3358 natus
111 3309 215 3360 emittit.
234 3309 294 3360 Bul.
310 3307 375 3360 Pius
397 3311 420 3361 ct
434 3307 586 3360 misericors
605 3307 745 3359 Benedicti
759 3309 838 3359 XIII.
856 3335 889 3346 -
907 3309 942 3374 (3)
963 3307 1040 3369 Quod

33 3382 110 3429 autem
123 3379 157 3430 ds
169 3381 253 3445 primo
266 3380 376 3431 dotante
391 3379 547 3442 affirmatur,
566 3379 648 3440 idem,
663 3379 803 3432 deficiente
815 3381 904 3446 prIms
918 3379 990 3438 dota,
1005 3377 1039 3428 de

34 3449 140 3502 suado
153 3450 345 3510 affirmandum,
360 3451 425 3503 dum
443 3449 550 3516 primus
563 3451 660 3502 citatus
673 3463 770 3502 novam
790 3450 879 3502 renuit
900 3451 1039 3512 assignare

33 3514 120 3582 doum,
134 3522 189 3576 sins
202 3537 256 3590 qua
266 3521 428 3578 beneficium
441 3535 503 3575 esse
521 3521 624 3586 nequit.
640 3520 694 3574 Ubi
713 3535 778 3574 vero
800 3521 888 3586 prima
901 3519 950 3572 dos
964 3517 1038 3572 sotii·
