<?xml version="1.0" encoding="UTF-8"?>
<!DOCTYPE html PUBLIC "-//W3C//DTD XHTML 1.0 Transitional//EN"
    "http://www.w3.org/TR/xhtml1/DTD/xhtml1-transitional.dtd">
<html xmlns="http://www.w3.org/1999/xhtml" xml:lang="en" lang="en">
 <head>
  <title>
</title>
<meta http-equiv="Content-Type" content="text/html;charset=utf-8" />
  <meta name='ocr-system' content='tesseract 3.04.00' />
  <meta name='ocr-capabilities' content='ocr_page ocr_carea ocr_par ocr_line ocrx_word'/>
</head>
<body>
  <div class='ocr_page' id='page_1' title='image "./summainstitutio01ferrgoog_0077.png"; bbox 0 0 2494 4062; ppageno 0'>
   <div class='ocr_carea' id='block_1_1' title="bbox 585 101 725 159">
    <p class='ocr_par' dir='ltr' id='par_1_1' title="bbox 585 101 725 159">
     <span class='ocr_line' id='line_1_1' title="bbox 585 101 725 159; baseline 0 -17"><span class='ocrx_word' id='word_1_1' title='bbox 585 101 674 159; x_wconf 69' lang='grc'>..66</span> <span class='ocrx_word' id='word_1_2' title='bbox 694 130 725 142; x_wconf 85' lang='grc'>-</span> 
     </span>
    </p>
   </div>
   <div class='ocr_carea' id='block_1_2' title="bbox 107 223 1199 1272">
    <p class='ocr_par' dir='ltr' id='par_1_2' title="bbox 138 223 1199 1070">
     <span class='ocr_line' id='line_1_2' title="bbox 139 223 1197 292; baseline -0.002 -16"><span class='ocrx_word' id='word_1_3' title='bbox 139 223 258 290; x_wconf 80' lang='lat' dir='ltr'>legitima</span> <span class='ocrx_word' id='word_1_4' title='bbox 272 223 374 292; x_wconf 84' lang='lat' dir='ltr'>privari</span> <span class='ocrx_word' id='word_1_5' title='bbox 387 223 528 288; x_wconf 86' lang='lat' dir='ltr'>permittit.</span> <span class='ocrx_word' id='word_1_6' title='bbox 541 223 575 273; x_wconf 82' lang='lat' dir='ltr'>nt</span> <span class='ocrx_word' id='word_1_7' title='bbox 589 223 724 274; x_wconf 86' lang='lat' dir='ltr'>variarum</span> <span class='ocrx_word' id='word_1_8' title='bbox 737 223 874 274; x_wconf 86' lang='lat' dir='ltr'>nationum</span> <span class='ocrx_word' id='word_1_9' title='bbox 891 224 1019 275; x_wconf 81' lang='lat' dir='ltr'>Doctores</span> <span class='ocrx_word' id='word_1_10' title='bbox 1032 223 1091 275; x_wconf 89' lang='lat' dir='ltr'>has</span> <span class='ocrx_word' id='word_1_11' title='bbox 1106 225 1197 289; x_wconf 88' lang='lat' dir='ltr'>juris</span> 
     </span>
     <span class='ocr_line' id='line_1_3' title="bbox 139 294 1195 362; baseline -0.002 -14"><span class='ocrx_word' id='word_1_12' title='bbox 139 297 327 362; x_wconf 58' lang='lat' dir='ltr'>depositiones</span> <span class='ocrx_word' id='word_1_13' title='bbox 345 294 542 358; x_wconf 82' lang='lat' dir='ltr'>commendant,</span> <span class='ocrx_word' id='word_1_14' title='bbox 557 309 588 346; x_wconf 91' lang='lat' dir='ltr'>ac</span> <span class='ocrx_word' id='word_1_15' title='bbox 610 297 790 354; x_wconf 88' lang='lat' dir='ltr'>matrimonia,</span> <span class='ocrx_word' id='word_1_16' title='bbox 815 295 916 354; x_wconf 85' lang='lat' dir='ltr'>insciis,</span> <span class='ocrx_word' id='word_1_17' title='bbox 940 297 982 346; x_wconf 93' lang='lat' dir='ltr'>vel</span> <span class='ocrx_word' id='word_1_18' title='bbox 1001 296 1103 346; x_wconf 86' lang='lat' dir='ltr'>invitis</span> <span class='ocrx_word' id='word_1_19' title='bbox 1130 310 1195 358; x_wconf 86' lang='lat' dir='ltr'>pa-</span> 
     </span>
     <span class='ocr_line' id='line_1_4' title="bbox 139 365 1196 430; baseline 0 -12"><span class='ocrx_word' id='word_1_20' title='bbox 139 369 227 418; x_wconf 78' lang='lat' dir='ltr'>rentib</span> <span class='ocrx_word' id='word_1_21' title='bbox 237 381 261 418; x_wconf 83' lang='lat' dir='ltr'>rs</span> <span class='ocrx_word' id='word_1_22' title='bbox 275 367 419 424; x_wconf 83' lang='lat' dir='ltr'>celebrata,</span> <span class='ocrx_word' id='word_1_23' title='bbox 431 379 496 418; x_wconf 86' lang='lat' dir='ltr'>voca</span> <span class='ocrx_word' id='word_1_24' title='bbox 514 367 640 417; x_wconf 77' lang='lat' dir='ltr'>concordi</span> <span class='ocrx_word' id='word_1_25' title='bbox 650 365 838 416; x_wconf 88' lang='lat' dir='ltr'>condemnant.</span> <span class='ocrx_word' id='word_1_26' title='bbox 852 394 875 403; x_wconf 95' lang='lat'>-</span> <span class='ocrx_word' id='word_1_27' title='bbox 889 365 926 430; x_wconf 75' lang='lat' dir='ltr'>(i)</span> <span class='ocrx_word' id='word_1_28' title='bbox 935 367 973 416; x_wconf 83' lang='lat' dir='ltr'>Ex</span> <span class='ocrx_word' id='word_1_29' title='bbox 987 365 1029 416; x_wconf 89' lang='lat' dir='ltr'>his</span> <span class='ocrx_word' id='word_1_30' title='bbox 1041 366 1196 418; x_wconf 87' lang='lat' dir='ltr'>omnibus</span> 
     </span>
     <span class='ocr_line' id='line_1_5' title="bbox 138 436 1194 502; baseline -0.003 -13"><span class='ocrx_word' id='word_1_31' title='bbox 138 436 206 490; x_wconf 88' lang='lat' dir='ltr'>illud</span> <span class='ocrx_word' id='word_1_32' title='bbox 221 439 353 502; x_wconf 88' lang='lat' dir='ltr'>sequitur,</span> <span class='ocrx_word' id='word_1_33' title='bbox 368 437 439 500; x_wconf 90' lang='lat' dir='ltr'>quod</span> <span class='ocrx_word' id='word_1_34' title='bbox 456 437 637 490; x_wconf 84' lang='lat' dir='ltr'>lilii-tamillas</span> <span class='ocrx_word' id='word_1_35' title='bbox 650 439 854 488; x_wconf 79' lang='lat' dir='ltr'>matrimonium</span> <span class='ocrx_word' id='word_1_36' title='bbox 874 437 999 488; x_wconf 87' lang='lat' dir='ltr'>ineuntes</span> <span class='ocrx_word' id='word_1_37' title='bbox 1013 443 1118 488; x_wconf 86' lang='lat' dir='ltr'>contra</span> <span class='ocrx_word' id='word_1_38' title='bbox 1137 439 1194 501; x_wconf 79' lang='lat' dir='ltr'>J&#39;u·</span> 
     </span>
     <span class='ocr_line' id='line_1_6' title="bbox 139 507 1192 576; baseline -0.003 -15"><span class='ocrx_word' id='word_1_39' title='bbox 139 515 209 562; x_wconf 87' lang='lat' dir='ltr'>stum</span> <span class='ocrx_word' id='word_1_40' title='bbox 220 513 362 576; x_wconf 82' lang='lat' dir='ltr'>parentam</span> <span class='ocrx_word' id='word_1_41' title='bbox 373 508 526 558; x_wconf 85' lang='lat' dir='ltr'>dissensum</span> <span class='ocrx_word' id='word_1_42' title='bbox 536 509 651 572; x_wconf 78' lang='lat' dir='ltr'>graviter</span> <span class='ocrx_word' id='word_1_43' title='bbox 664 512 777 573; x_wconf 89' lang='lat' dir='ltr'>peccant</span> <span class='ocrx_word' id='word_1_44' title='bbox 790 529 796 558; x_wconf 90' lang='lat'>:</span> <span class='ocrx_word' id='word_1_45' title='bbox 809 529 824 552; x_wconf 89' lang='lat'>«</span> <span class='ocrx_word' id='word_1_46' title='bbox 838 509 985 566; x_wconf 79' lang='lat' dir='ltr'>Praeterea,</span> <span class='ocrx_word' id='word_1_47' title='bbox 997 511 1028 556; x_wconf 91' lang='lat' dir='ltr'>nt</span> <span class='ocrx_word' id='word_1_48' title='bbox 1039 507 1083 558; x_wconf 86' lang='lat' dir='ltr'>ait</span> <span class='ocrx_word' id='word_1_49' title='bbox 1095 507 1192 558; x_wconf 88' lang='lat' dir='ltr'>Card.</span> 
     </span>
     <span class='ocr_line' id='line_1_7' title="bbox 140 577 1199 644; baseline -0.003 -16"><span class='ocrx_word' id='word_1_50' title='bbox 140 581 268 644; x_wconf 82' lang='lat' dir='ltr'>«Soglia,</span> <span class='ocrx_word' id='word_1_51' title='bbox 284 592 362 630; x_wconf 87' lang='lat' dir='ltr'>uerno</span> <span class='ocrx_word' id='word_1_52' title='bbox 378 579 497 644; x_wconf 86' lang='lat' dir='ltr'>prudens</span> <span class='ocrx_word' id='word_1_53' title='bbox 516 579 613 639; x_wconf 89' lang='lat' dir='ltr'>nescit,</span> <span class='ocrx_word' id='word_1_54' title='bbox 632 586 697 644; x_wconf 92' lang='lat' dir='ltr'>quot</span> <span class='ocrx_word' id='word_1_55' title='bbox 716 581 809 644; x_wconf 85' lang='lat' dir='ltr'>gravia</span> <span class='ocrx_word' id='word_1_56' title='bbox 825 579 906 642; x_wconf 89' lang='lat' dir='ltr'>mala,</span> <span class='ocrx_word' id='word_1_57' title='bbox 925 577 1064 637; x_wconf 86' lang='lat' dir='ltr'>scandale,</span> <span class='ocrx_word' id='word_1_58' title='bbox 1080 580 1199 642; x_wconf 67' lang='lat' dir='ltr'>jurgia,</span> 
     </span>
     <span class='ocr_line' id='line_1_8' title="bbox 139 649 1190 716; baseline 0 -16"><span class='ocrx_word' id='word_1_59' title='bbox 139 671 151 700; x_wconf 74' lang='grc' dir='ltr'>ι</span> <span class='ocrx_word' id='word_1_60' title='bbox 169 655 197 704; x_wconf 90' lang='lat' dir='ltr'>et</span> <span class='ocrx_word' id='word_1_61' title='bbox 213 650 360 705; x_wconf 79' lang='lat' dir='ltr'>inimicitiae</span> <span class='ocrx_word' id='word_1_62' title='bbox 375 649 488 700; x_wconf 78' lang='lat' dir='ltr'>lethales</span> <span class='ocrx_word' id='word_1_63' title='bbox 505 649 585 700; x_wconf 86' lang='lat' dir='ltr'>etiam</span> <span class='ocrx_word' id='word_1_64' title='bbox 601 651 736 701; x_wconf 83' lang='lat' dir='ltr'>dintumae</span> <span class='ocrx_word' id='word_1_65' title='bbox 750 650 820 700; x_wconf 88' lang='lat' dir='ltr'>inter</span> <span class='ocrx_word' id='word_1_66' title='bbox 836 655 973 716; x_wconf 87' lang='lat' dir='ltr'>parentes,</span> <span class='ocrx_word' id='word_1_67' title='bbox 986 655 1033 714; x_wconf 88' lang='lat' dir='ltr'>aut</span> <span class='ocrx_word' id='word_1_68' title='bbox 1052 663 1190 700; x_wconf 83' lang='lat' dir='ltr'>consan-</span> 
     </span>
     <span class='ocr_line' id='line_1_9' title="bbox 141 719 1188 787; baseline -0.002 -15"><span class='ocrx_word' id='word_1_69' title='bbox 141 744 153 772; x_wconf 81' lang='grc' dir='ltr'>ι</span> <span class='ocrx_word' id='word_1_70' title='bbox 171 725 284 787; x_wconf 82' lang='lat' dir='ltr'>guineos</span> <span class='ocrx_word' id='word_1_71' title='bbox 294 735 327 772; x_wconf 84' lang='lat' dir='ltr'>ex</span> <span class='ocrx_word' id='word_1_72' title='bbox 340 721 497 786; x_wconf 89' lang='lat' dir='ltr'>hujusmodi</span> <span class='ocrx_word' id='word_1_73' title='bbox 511 720 581 771; x_wconf 90' lang='lat' dir='ltr'>male</span> <span class='ocrx_word' id='word_1_74' title='bbox 593 721 739 784; x_wconf 81' lang='lat' dir='ltr'>auspicatis</span> <span class='ocrx_word' id='word_1_75' title='bbox 754 721 894 772; x_wconf 87' lang='lat' dir='ltr'>connubiis</span> <span class='ocrx_word' id='word_1_76' title='bbox 910 721 975 770; x_wconf 91' lang='lat' dir='ltr'>oriri</span> <span class='ocrx_word' id='word_1_77' title='bbox 987 719 1097 771; x_wconf 79' lang='lat' dir='ltr'><strong>soleant</strong></span> <span class='ocrx_word' id='word_1_78' title='bbox 1113 734 1188 771; x_wconf 85' lang='lat' dir='ltr'>enm</span> 
     </span>
     <span class='ocr_line' id='line_1_10' title="bbox 140 791 1185 858; baseline 0 -16"><span class='ocrx_word' id='word_1_79' title='bbox 140 814 152 842; x_wconf 80' lang='grc' dir='ltr'>ι</span> <span class='ocrx_word' id='word_1_80' title='bbox 169 793 287 845; x_wconf 82' lang='lat' dir='ltr'>maxima</span> <span class='ocrx_word' id='word_1_81' title='bbox 299 792 470 850; x_wconf 80' lang='lat' dir='ltr'>familiarum,</span> <span class='ocrx_word' id='word_1_82' title='bbox 485 797 513 842; x_wconf 87' lang='lat' dir='ltr'>et</span> <span class='ocrx_word' id='word_1_83' title='bbox 528 793 685 855; x_wconf 84' lang='lat' dir='ltr'>reipublicae</span> <span class='ocrx_word' id='word_1_84' title='bbox 700 792 787 856; x_wconf 86' lang='lat' dir='ltr'>ipsius</span> <span class='ocrx_word' id='word_1_85' title='bbox 801 791 1011 858; x_wconf 70' lang='lat' dir='ltr'>perturbatione.</span> <span class='ocrx_word' id='word_1_86' title='bbox 1028 791 1093 842; x_wconf 80' lang='lat' dir='ltr'>lam</span> <span class='ocrx_word' id='word_1_87' title='bbox 1110 805 1185 842; x_wconf 80' lang='lat' dir='ltr'>vero</span> 
     </span>
     <span class='ocr_line' id='line_1_11' title="bbox 139 863 1183 930; baseline 0.003 -19"><span class='ocrx_word' id='word_1_88' title='bbox 139 885 153 911; x_wconf 78' lang='grc' dir='ltr'>ι</span> <span class='ocrx_word' id='word_1_89' title='bbox 169 865 194 916; x_wconf 84' lang='lat' dir='ltr'>si</span> <span class='ocrx_word' id='word_1_90' title='bbox 209 863 275 916; x_wconf 87' lang='lat' dir='ltr'>tales</span> <span class='ocrx_word' id='word_1_91' title='bbox 286 863 389 927; x_wconf 76' lang='lat' dir='ltr'>nuptiae</span> <span class='ocrx_word' id='word_1_92' title='bbox 401 869 440 914; x_wconf 88' lang='lat' dir='ltr'>tot</span> <span class='ocrx_word' id='word_1_93' title='bbox 453 863 588 927; x_wconf 89' lang='lat' dir='ltr'>tantisque</span> <span class='ocrx_word' id='word_1_94' title='bbox 600 864 724 928; x_wconf 72' lang='lat' dir='ltr'>peccatis,</span> <span class='ocrx_word' id='word_1_95' title='bbox 740 865 767 912; x_wconf 89' lang='lat' dir='ltr'>et</span> <span class='ocrx_word' id='word_1_96' title='bbox 778 863 905 928; x_wconf 86' lang='lat' dir='ltr'>periculis</span> <span class='ocrx_word' id='word_1_97' title='bbox 917 863 1005 930; x_wconf 79' lang='lat' dir='ltr'>plenae</span> <span class='ocrx_word' id='word_1_98' title='bbox 1018 867 1095 926; x_wconf 87' lang='lat' dir='ltr'>sunt,</span> <span class='ocrx_word' id='word_1_99' title='bbox 1109 877 1183 928; x_wconf 91' lang='lat' dir='ltr'>pro-</span> 
     </span>
     <span class='ocr_line' id='line_1_12' title="bbox 140 933 1183 999; baseline -0.001 -14"><span class='ocrx_word' id='word_1_100' title='bbox 140 956 152 985; x_wconf 83' lang='lat'>«</span> <span class='ocrx_word' id='word_1_101' title='bbox 170 936 214 987; x_wconf 88' lang='lat' dir='ltr'>cul</span> <span class='ocrx_word' id='word_1_102' title='bbox 228 933 310 986; x_wconf 88' lang='lat' dir='ltr'>dublo</span> <span class='ocrx_word' id='word_1_103' title='bbox 326 933 473 998; x_wconf 78' lang='lat' dir='ltr'>sponsalia,</span> <span class='ocrx_word' id='word_1_104' title='bbox 491 947 537 985; x_wconf 86' lang='lat' dir='ltr'>seu</span> <span class='ocrx_word' id='word_1_105' title='bbox 554 934 747 999; x_wconf 86' lang='lat' dir='ltr'>promissiones</span> <span class='ocrx_word' id='word_1_106' title='bbox 762 933 917 988; x_wconf 86' lang='lat' dir='ltr'>earumdem</span> <span class='ocrx_word' id='word_1_107' title='bbox 931 933 1076 984; x_wconf 81' lang='lat' dir='ltr'>admodum</span> <span class='ocrx_word' id='word_1_108' title='bbox 1093 934 1183 984; x_wconf 85' lang='lat' dir='ltr'>ildoi-</span> 
     </span>
     <span class='ocr_line' id='line_1_13' title="bbox 141 1004 1180 1070; baseline -0.001 -14"><span class='ocrx_word' id='word_1_109' title='bbox 141 1027 152 1056; x_wconf 85' lang='grc' dir='ltr'>ι</span> <span class='ocrx_word' id='word_1_110' title='bbox 170 1013 215 1066; x_wconf 83' lang='lat' dir='ltr'>tae,</span> <span class='ocrx_word' id='word_1_111' title='bbox 230 1008 257 1058; x_wconf 89' lang='lat' dir='ltr'>et</span> <span class='ocrx_word' id='word_1_112' title='bbox 273 1005 384 1056; x_wconf 85' lang='lat' dir='ltr'>nelariae</span> <span class='ocrx_word' id='word_1_113' title='bbox 398 1004 531 1056; x_wconf 78' lang='lat' dir='ltr'>habendae</span> <span class='ocrx_word' id='word_1_114' title='bbox 544 1011 616 1065; x_wconf 89' lang='lat' dir='ltr'>sunt,</span> <span class='ocrx_word' id='word_1_115' title='bbox 628 1019 689 1056; x_wconf 89' lang='lat' dir='ltr'>enm</span> <span class='ocrx_word' id='word_1_116' title='bbox 705 1010 840 1070; x_wconf 84' lang='lat' dir='ltr'>nequeant</span> <span class='ocrx_word' id='word_1_117' title='bbox 853 1004 911 1056; x_wconf 88' lang='lat' dir='ltr'>sine</span> <span class='ocrx_word' id='word_1_118' title='bbox 925 1008 1042 1069; x_wconf 87' lang='lat' dir='ltr'>peccato,</span> <span class='ocrx_word' id='word_1_119' title='bbox 1054 1010 1084 1056; x_wconf 89' lang='lat' dir='ltr'>et</span> <span class='ocrx_word' id='word_1_120' title='bbox 1098 1005 1180 1070; x_wconf 86' lang='lat' dir='ltr'>inju-</span> 
     </span>
    </p>

    <p class='ocr_par' dir='ltr' id='par_1_3' title="bbox 107 1075 1180 1142">
     <span class='ocr_line' id='line_1_14' title="bbox 107 1075 1180 1142; baseline 0 -14"><span class='ocrx_word' id='word_1_121' title='bbox 107 1122 114 1134; x_wconf 77' lang='grc'><strong>,</strong></span> <span class='ocrx_word' id='word_1_122' title='bbox 141 1098 152 1127; x_wconf 85' lang='grc' dir='ltr'>ι</span> <span class='ocrx_word' id='word_1_123' title='bbox 170 1079 211 1128; x_wconf 87' lang='lat' dir='ltr'>ria</span> <span class='ocrx_word' id='word_1_124' title='bbox 224 1081 368 1142; x_wconf 87' lang='lat' dir='ltr'>parentum</span> <span class='ocrx_word' id='word_1_125' title='bbox 389 1076 552 1141; x_wconf 88' lang='lat' dir='ltr'>adimpleri:</span> <span class='ocrx_word' id='word_1_126' title='bbox 574 1075 667 1140; x_wconf 83' lang='lat' dir='ltr'>Impia</span> <span class='ocrx_word' id='word_1_127' title='bbox 682 1081 720 1130; x_wconf 82' lang='lat' dir='ltr'>est</span> <span class='ocrx_word' id='word_1_128' title='bbox 742 1075 816 1126; x_wconf 86' lang='lat' dir='ltr'>enim</span> <span class='ocrx_word' id='word_1_129' title='bbox 833 1075 982 1140; x_wconf 76' lang='lat' dir='ltr'>promissio,</span> <span class='ocrx_word' id='word_1_130' title='bbox 999 1089 1056 1140; x_wconf 82' lang='lat' dir='ltr'>quar</span> <span class='ocrx_word' id='word_1_131' title='bbox 1072 1076 1180 1128; x_wconf 79' lang='lat' dir='ltr'>scelere</span> 
     </span>
    </p>

    <p class='ocr_par' dir='ltr' id='par_1_4' title="bbox 141 1145 1175 1214">
     <span class='ocr_line' id='line_1_15' title="bbox 141 1145 1175 1214; baseline 0.002 -16"><span class='ocrx_word' id='word_1_132' title='bbox 141 1169 153 1198; x_wconf 73' lang='grc' dir='ltr'><strong><em>ι</em></strong></span> <span class='ocrx_word' id='word_1_133' title='bbox 171 1145 494 1214; x_wconf 67' lang='lat' dir='ltr'>animalculorum</span> <span class='ocrx_word' id='word_1_134' title='bbox 508 1146 588 1200; x_wconf 80' lang='lat' dir='ltr'>motis</span> <span class='ocrx_word' id='word_1_135' title='bbox 602 1162 625 1200; x_wconf 89' lang='lat' dir='ltr'>c.</span> <span class='ocrx_word' id='word_1_136' title='bbox 641 1149 681 1210; x_wconf 77' lang='lat'>22,</span> <span class='ocrx_word' id='word_1_137' title='bbox 696 1161 721 1214; x_wconf 89' lang='lat' dir='ltr'>q.</span> <span class='ocrx_word' id='word_1_138' title='bbox 733 1150 758 1200; x_wconf 83' lang='lat' dir='ltr'>l.</span> <span class='ocrx_word' id='word_1_139' title='bbox 767 1147 840 1198; x_wconf 81' lang='lat' dir='ltr'>Trid.</span> <span class='ocrx_word' id='word_1_140' title='bbox 856 1160 923 1198; x_wconf 86' lang='lat' dir='ltr'>sess.</span> <span class='ocrx_word' id='word_1_141' title='bbox 936 1147 976 1212; x_wconf 80' lang='lat' dir='ltr'>at,</span> <span class='ocrx_word' id='word_1_142' title='bbox 992 1161 1016 1199; x_wconf 91' lang='lat' dir='ltr'>c.</span> <span class='ocrx_word' id='word_1_143' title='bbox 1033 1149 1055 1206; x_wconf 91' lang='lat'>1,</span> <span class='ocrx_word' id='word_1_144' title='bbox 1070 1147 1105 1199; x_wconf 89' lang='lat' dir='ltr'>de</span> <span class='ocrx_word' id='word_1_145' title='bbox 1119 1149 1175 1200; x_wconf 85' lang='lat' dir='ltr'>ref.</span> 
     </span>
    </p>

    <p class='ocr_par' dir='ltr' id='par_1_5' title="bbox 139 1229 220 1272">
     <span class='ocr_line' id='line_1_16' title="bbox 139 1229 220 1272; baseline -0.012 0"><span class='ocrx_word' id='word_1_146' title='bbox 139 1229 220 1272; x_wconf 88' lang='lat' dir='ltr'>matr.</span> 
     </span>
    </p>
   </div>
   <div class='ocr_carea' id='block_1_3' title="bbox 125 1409 1196 3441">
    <p class='ocr_par' dir='ltr' id='par_1_6' title="bbox 125 1409 1196 3441">
     <span class='ocr_line' id='line_1_17' title="bbox 175 1409 1172 1488; baseline 0 -14"><span class='ocrx_word' id='word_1_147' title='bbox 175 1415 237 1474; x_wconf 78' lang='grc'><strong>363.</strong></span> <span class='ocrx_word' id='word_1_148' title='bbox 252 1413 384 1488; x_wconf 75' lang='lat' dir='ltr'>Defectus</span> <span class='ocrx_word' id='word_1_149' title='bbox 394 1419 489 1472; x_wconf 81' lang='lat' dir='ltr'>status</span> <span class='ocrx_word' id='word_1_150' title='bbox 501 1411 583 1470; x_wconf 83' lang='lat' dir='ltr'>tiberi</span> <span class='ocrx_word' id='word_1_151' title='bbox 595 1409 720 1486; x_wconf 87' lang='lat' dir='ltr'>impedit</span> <span class='ocrx_word' id='word_1_152' title='bbox 726 1410 885 1486; x_wconf 90' lang='lat' dir='ltr'>quominus</span> <span class='ocrx_word' id='word_1_153' title='bbox 897 1409 935 1471; x_wconf 91' lang='lat' dir='ltr'>ad</span> <span class='ocrx_word' id='word_1_154' title='bbox 945 1410 1172 1474; x_wconf 86' lang='lat' dir='ltr'>matrimonium</span> 
     </span>
     <span class='ocr_line' id='line_1_18' title="bbox 139 1499 1171 1576; baseline -0.001 -14"><span class='ocrx_word' id='word_1_155' title='bbox 139 1501 375 1570; x_wconf 84' lang='lat' dir='ltr'>contrahendum</span> <span class='ocrx_word' id='word_1_156' title='bbox 401 1501 468 1576; x_wconf 87' lang='lat' dir='ltr'>quis</span> <span class='ocrx_word' id='word_1_157' title='bbox 494 1499 589 1576; x_wconf 87' lang='lat' dir='ltr'>possit</span> <span class='ocrx_word' id='word_1_158' title='bbox 604 1499 727 1560; x_wconf 86' lang='lat' dir='ltr'>admitti.</span> <span class='ocrx_word' id='word_1_159' title='bbox 749 1505 847 1560; x_wconf 90' lang='lat' dir='ltr'>Status</span> <span class='ocrx_word' id='word_1_160' title='bbox 866 1500 951 1574; x_wconf 87' lang='lat' dir='ltr'>liber,</span> <span class='ocrx_word' id='word_1_161' title='bbox 971 1508 1116 1574; x_wconf 88' lang='lat' dir='ltr'>quantum</span> <span class='ocrx_word' id='word_1_162' title='bbox 1131 1503 1171 1562; x_wconf 87' lang='lat' dir='ltr'>ad</span> 
     </span>
     <span class='ocr_line' id='line_1_19' title="bbox 138 1588 1168 1666; baseline 0.001 -16"><span class='ocrx_word' id='word_1_163' title='bbox 138 1592 200 1665; x_wconf 41' lang='lat' dir='ltr'>hoo,</span> <span class='ocrx_word' id='word_1_164' title='bbox 224 1589 410 1666; x_wconf 89' lang='lat' dir='ltr'>propositum</span> <span class='ocrx_word' id='word_1_165' title='bbox 433 1597 558 1666; x_wconf 89' lang='lat' dir='ltr'>spectat,</span> <span class='ocrx_word' id='word_1_166' title='bbox 583 1595 628 1648; x_wconf 87' lang='lat' dir='ltr'>est</span> <span class='ocrx_word' id='word_1_167' title='bbox 650 1588 799 1648; x_wconf 87' lang='lat' dir='ltr'>attestatio</span> <span class='ocrx_word' id='word_1_168' title='bbox 826 1588 920 1649; x_wconf 85' lang='lat' dir='ltr'>Curiae</span> <span class='ocrx_word' id='word_1_169' title='bbox 946 1589 1168 1666; x_wconf 87' lang='lat' dir='ltr'>ecclesiasticae,</span> 
     </span>
     <span class='ocr_line' id='line_1_20' title="bbox 139 1676 1167 1756; baseline 0 -18"><span class='ocrx_word' id='word_1_170' title='bbox 139 1676 205 1756; x_wconf 87' lang='lat' dir='ltr'>quae</span> <span class='ocrx_word' id='word_1_171' title='bbox 220 1680 309 1738; x_wconf 87' lang='lat' dir='ltr'>tidem</span> <span class='ocrx_word' id='word_1_172' title='bbox 323 1678 393 1737; x_wconf 86' lang='lat' dir='ltr'>facit</span> <span class='ocrx_word' id='word_1_173' title='bbox 407 1678 444 1737; x_wconf 90' lang='lat' dir='ltr'>de</span> <span class='ocrx_word' id='word_1_174' title='bbox 464 1677 599 1736; x_wconf 88' lang='lat' dir='ltr'>libertate</span> <span class='ocrx_word' id='word_1_175' title='bbox 613 1677 740 1754; x_wconf 86' lang='lat' dir='ltr'>petentis</span> <span class='ocrx_word' id='word_1_176' title='bbox 754 1678 792 1736; x_wconf 88' lang='lat' dir='ltr'>ad</span> <span class='ocrx_word' id='word_1_177' title='bbox 809 1676 1031 1737; x_wconf 87' lang='lat' dir='ltr'>matrimonium</span> <span class='ocrx_word' id='word_1_178' title='bbox 1044 1677 1167 1738; x_wconf 66' lang='lat' dir='ltr'>eontra</span> 
     </span>
     <span class='ocr_line' id='line_1_21' title="bbox 138 1765 1167 1842; baseline 0.001 -15"><span class='ocrx_word' id='word_1_179' title='bbox 138 1769 279 1827; x_wconf 84' lang='lat' dir='ltr'>handum.</span> <span class='ocrx_word' id='word_1_180' title='bbox 302 1765 431 1826; x_wconf 81' lang='lat' dir='ltr'>Dicimus</span> <span class='ocrx_word' id='word_1_181' title='bbox 454 1766 549 1826; x_wconf 78' lang='lat' dir='ltr'>Curia</span> <span class='ocrx_word' id='word_1_182' title='bbox 570 1766 773 1836; x_wconf 76' lang='lat' dir='ltr'>ecclesiasticae,</span> <span class='ocrx_word' id='word_1_183' title='bbox 796 1765 864 1842; x_wconf 91' lang='lat' dir='ltr'>quia</span> <span class='ocrx_word' id='word_1_184' title='bbox 888 1766 990 1825; x_wconf 88' lang='lat' dir='ltr'>similis</span> <span class='ocrx_word' id='word_1_185' title='bbox 1016 1769 1167 1828; x_wconf 87' lang='lat' dir='ltr'>attestatio</span> 
     </span>
     <span class='ocr_line' id='line_1_22' title="bbox 138 1846 1166 1932; baseline -0.002 -14"><span class='ocrx_word' id='word_1_186' title='bbox 138 1857 246 1918; x_wconf 87' lang='lat' dir='ltr'>emissa</span> <span class='ocrx_word' id='word_1_187' title='bbox 260 1856 420 1932; x_wconf 91' lang='lat' dir='ltr'>aparocho</span> <span class='ocrx_word' id='word_1_188' title='bbox 435 1873 496 1914; x_wconf 93' lang='lat' dir='ltr'>non</span> <span class='ocrx_word' id='word_1_189' title='bbox 510 1855 619 1914; x_wconf 88' lang='lat' dir='ltr'>sufficit</span> <span class='ocrx_word' id='word_1_190' title='bbox 636 1846 892 1930; x_wconf 80' lang='lat' dir='ltr'>:namquarndarn</span> <span class='ocrx_word' id='word_1_191' title='bbox 908 1873 1005 1915; x_wconf 84' lang='lat' dir='ltr'>causae</span> <span class='ocrx_word' id='word_1_192' title='bbox 1020 1857 1166 1932; x_wconf 84' lang='lat' dir='ltr'>cognitio·</span> 
     </span>
     <span class='ocr_line' id='line_1_23' title="bbox 138 1943 1165 2022; baseline 0 -17"><span class='ocrx_word' id='word_1_193' title='bbox 138 1962 217 2017; x_wconf 89' lang='lat' dir='ltr'>nem,</span> <span class='ocrx_word' id='word_1_194' title='bbox 232 1952 262 2004; x_wconf 90' lang='lat' dir='ltr'>et</span> <span class='ocrx_word' id='word_1_195' title='bbox 276 1943 471 2004; x_wconf 88' lang='lat' dir='ltr'>summarium</span> <span class='ocrx_word' id='word_1_196' title='bbox 485 1943 710 2002; x_wconf 62' lang='lat' dir='ltr'>&#39;informativum</span> <span class='ocrx_word' id='word_1_197' title='bbox 725 1961 901 2019; x_wconf 83' lang='lat' dir='ltr'>processum</span> <span class='ocrx_word' id='word_1_198' title='bbox 920 1944 1052 2020; x_wconf 90' lang='lat' dir='ltr'>requirit,</span> <span class='ocrx_word' id='word_1_199' title='bbox 1069 1963 1165 2022; x_wconf 89' lang='lat' dir='ltr'>quaea</span> 
     </span>
     <span class='ocr_line' id='line_1_24' title="bbox 137 2032 1161 2110; baseline -0.001 -16"><span class='ocrx_word' id='word_1_200' title='bbox 137 2033 262 2110; x_wconf 86' lang='lat' dir='ltr'>simplici</span> <span class='ocrx_word' id='word_1_201' title='bbox 276 2033 409 2110; x_wconf 84' lang='lat' dir='ltr'>parocho</span> <span class='ocrx_word' id='word_1_202' title='bbox 427 2032 492 2092; x_wconf 89' lang='lat' dir='ltr'>lieri</span> <span class='ocrx_word' id='word_1_203' title='bbox 507 2039 657 2108; x_wconf 89' lang='lat' dir='ltr'>nequeunt</span> <span class='ocrx_word' id='word_1_204' title='bbox 672 2036 723 2104; x_wconf 87' lang='lat' dir='ltr'>(l).</span> <span class='ocrx_word' id='word_1_205' title='bbox 741 2037 810 2090; x_wconf 86' lang='lat' dir='ltr'>Haec</span> <span class='ocrx_word' id='word_1_206' title='bbox 824 2032 972 2092; x_wconf 87' lang='lat' dir='ltr'>attestatio</span> <span class='ocrx_word' id='word_1_207' title='bbox 993 2034 1161 2109; x_wconf 80' lang='lat' dir='ltr'>requiritur,</span> 
     </span>
     <span class='ocr_line' id='line_1_25' title="bbox 136 2120 1163 2199; baseline 0.002 -17"><span class='ocrx_word' id='word_1_208' title='bbox 136 2123 255 2199; x_wconf 87' lang='lat' dir='ltr'>quando</span> <span class='ocrx_word' id='word_1_209' title='bbox 269 2121 347 2180; x_wconf 92' lang='lat' dir='ltr'>aliud</span> <span class='ocrx_word' id='word_1_210' title='bbox 362 2120 580 2180; x_wconf 90' lang='lat' dir='ltr'>matrimonium</span> <span class='ocrx_word' id='word_1_211' title='bbox 591 2121 673 2196; x_wconf 89' lang='lat' dir='ltr'>prins</span> <span class='ocrx_word' id='word_1_212' title='bbox 688 2121 742 2180; x_wconf 85' lang='lat' dir='ltr'>fuit</span> <span class='ocrx_word' id='word_1_213' title='bbox 756 2128 951 2196; x_wconf 89' lang='lat' dir='ltr'>contractum,</span> <span class='ocrx_word' id='word_1_214' title='bbox 968 2122 1036 2183; x_wconf 89' lang='lat' dir='ltr'>lieet</span> <span class='ocrx_word' id='word_1_215' title='bbox 1050 2123 1163 2184; x_wconf 89' lang='lat' dir='ltr'>dicatur</span> 
     </span>
     <span class='ocr_line' id='line_1_26' title="bbox 136 2210 1159 2286; baseline -0.001 -15"><span class='ocrx_word' id='word_1_216' title='bbox 136 2214 259 2283; x_wconf 91' lang='lat' dir='ltr'>nullum,</span> <span class='ocrx_word' id='word_1_217' title='bbox 281 2217 311 2270; x_wconf 90' lang='lat' dir='ltr'>et</span> <span class='ocrx_word' id='word_1_218' title='bbox 339 2211 376 2268; x_wconf 91' lang='lat' dir='ltr'>de</span> <span class='ocrx_word' id='word_1_219' title='bbox 403 2211 468 2286; x_wconf 91' lang='lat' dir='ltr'>ejus</span> <span class='ocrx_word' id='word_1_220' title='bbox 493 2210 625 2270; x_wconf 87' lang='lat' dir='ltr'>nullitate</span> <span class='ocrx_word' id='word_1_221' title='bbox 645 2210 681 2269; x_wconf 89' lang='lat' dir='ltr'>lis</span> <span class='ocrx_word' id='word_1_222' title='bbox 702 2211 799 2271; x_wconf 90' lang='lat' dir='ltr'>adhuc</span> <span class='ocrx_word' id='word_1_223' title='bbox 821 2211 948 2286; x_wconf 83' lang='lat' dir='ltr'>pendeat</span> <span class='ocrx_word' id='word_1_224' title='bbox 968 2217 1019 2284; x_wconf 73' lang='lat' dir='ltr'>(t),</span> <span class='ocrx_word' id='word_1_225' title='bbox 1044 2213 1159 2286; x_wconf 91' lang='lat' dir='ltr'>quando</span> 
     </span>
     <span class='ocr_line' id='line_1_27' title="bbox 135 2298 1196 2382; baseline 0.001 -23"><span class='ocrx_word' id='word_1_226' title='bbox 135 2300 214 2360; x_wconf 90' lang='lat' dir='ltr'>aliud</span> <span class='ocrx_word' id='word_1_227' title='bbox 232 2299 453 2363; x_wconf 82' lang='lat' dir='ltr'>matrimonium</span> <span class='ocrx_word' id='word_1_228' title='bbox 464 2298 570 2357; x_wconf 89' lang='lat' dir='ltr'>dicitnr</span> <span class='ocrx_word' id='word_1_229' title='bbox 585 2300 714 2358; x_wconf 89' lang='lat' dir='ltr'>solutum</span> <span class='ocrx_word' id='word_1_230' title='bbox 729 2317 783 2375; x_wconf 87' lang='lat' dir='ltr'>per</span> <span class='ocrx_word' id='word_1_231' title='bbox 797 2307 926 2360; x_wconf 86' lang='lat' dir='ltr'>mortem</span> <span class='ocrx_word' id='word_1_232' title='bbox 937 2301 1107 2382; x_wconf 78' lang='lat' dir='ltr'>alterutrius</span> <span class='ocrx_word' id='word_1_233' title='bbox 1121 2319 1158 2360; x_wconf 80' lang='lat' dir='ltr'>ex</span> <span class='ocrx_word' id='word_1_234' title='bbox 1195 2326 1196 2330; x_wconf 42' lang='lat'>¹</span> 
     </span>
     <span class='ocr_line' id='line_1_28' title="bbox 135 2383 1156 2465; baseline 0.001 -17"><span class='ocrx_word' id='word_1_235' title='bbox 135 2388 309 2465; x_wconf 86' lang='lat' dir='ltr'>conjugibus</span> <span class='ocrx_word' id='word_1_236' title='bbox 324 2391 375 2460; x_wconf 85' lang='lat'>(3),</span> <span class='ocrx_word' id='word_1_237' title='bbox 391 2395 421 2446; x_wconf 88' lang='lat' dir='ltr'>et</span> <span class='ocrx_word' id='word_1_238' title='bbox 436 2388 556 2462; x_wconf 85' lang='lat' dir='ltr'>quanda</span> <span class='ocrx_word' id='word_1_239' title='bbox 571 2386 606 2454; x_wconf 89' lang='lat' dir='ltr'>is,</span> <span class='ocrx_word' id='word_1_240' title='bbox 623 2383 673 2464; x_wconf 92' lang='lat' dir='ltr'>qui</span> <span class='ocrx_word' id='word_1_241' title='bbox 692 2397 738 2447; x_wconf 91' lang='lat' dir='ltr'>est</span> <span class='ocrx_word' id='word_1_242' title='bbox 756 2388 978 2448; x_wconf 83' lang='lat' dir='ltr'>matrimonium</span> <span class='ocrx_word' id='word_1_243' title='bbox 992 2397 1156 2449; x_wconf 87' lang='lat' dir='ltr'>contractu-</span> 
     </span>
     <span class='ocr_line' id='line_1_29' title="bbox 133 2475 1154 2553; baseline -0.001 -16"><span class='ocrx_word' id='word_1_244' title='bbox 133 2495 186 2538; x_wconf 89' lang='lat' dir='ltr'>rus</span> <span class='ocrx_word' id='word_1_245' title='bbox 200 2479 238 2537; x_wconf 92' lang='lat' dir='ltr'>ad</span> <span class='ocrx_word' id='word_1_246' title='bbox 252 2477 339 2553; x_wconf 88' lang='lat' dir='ltr'>aliam</span> <span class='ocrx_word' id='word_1_247' title='bbox 364 2476 518 2536; x_wconf 91' lang='lat' dir='ltr'>dioecesim</span> <span class='ocrx_word' id='word_1_248' title='bbox 530 2475 669 2551; x_wconf 86' lang='lat' dir='ltr'>pertinet,</span> <span class='ocrx_word' id='word_1_249' title='bbox 684 2478 732 2535; x_wconf 83' lang='lat' dir='ltr'>rel</span> <span class='ocrx_word' id='word_1_250' title='bbox 746 2477 776 2537; x_wconf 87' lang='lat' dir='ltr'>in</span> <span class='ocrx_word' id='word_1_251' title='bbox 798 2477 854 2535; x_wconf 89' lang='lat' dir='ltr'>alia</span> <span class='ocrx_word' id='word_1_252' title='bbox 868 2475 992 2536; x_wconf 85' lang='lat' dir='ltr'>dioecesi</span> <span class='ocrx_word' id='word_1_253' title='bbox 1005 2484 1072 2553; x_wconf 89' lang='lat' dir='ltr'>post</span> <span class='ocrx_word' id='word_1_254' title='bbox 1088 2477 1154 2536; x_wconf 89' lang='lat' dir='ltr'>ade-</span> 
     </span>
     <span class='ocr_line' id='line_1_30' title="bbox 134 2563 1152 2642; baseline -0.001 -17"><span class='ocrx_word' id='word_1_255' title='bbox 134 2573 216 2642; x_wconf 89' lang='lat' dir='ltr'>ptam</span> <span class='ocrx_word' id='word_1_256' title='bbox 230 2567 416 2641; x_wconf 88' lang='lat' dir='ltr'>pubertatem</span> <span class='ocrx_word' id='word_1_257' title='bbox 440 2565 477 2623; x_wconf 91' lang='lat' dir='ltr'>ad</span> <span class='ocrx_word' id='word_1_258' title='bbox 494 2563 622 2624; x_wconf 90' lang='lat' dir='ltr'>notabile</span> <span class='ocrx_word' id='word_1_259' title='bbox 643 2572 760 2640; x_wconf 89' lang='lat' dir='ltr'>tempus</span> <span class='ocrx_word' id='word_1_260' title='bbox 780 2571 826 2624; x_wconf 87' lang='lat' dir='ltr'>est</span> <span class='ocrx_word' id='word_1_261' title='bbox 846 2573 1047 2624; x_wconf 84' lang='lat' dir='ltr'>commoratus</span> <span class='ocrx_word' id='word_1_262' title='bbox 1060 2569 1106 2637; x_wconf 83' lang='lat' dir='ltr'>(l).</span> <span class='ocrx_word' id='word_1_263' title='bbox 1122 2571 1152 2624; x_wconf 96' lang='lat' dir='ltr'>ln</span> 
     </span>
     <span class='ocr_line' id='line_1_31' title="bbox 132 2653 1151 2729; baseline 0 -15"><span class='ocrx_word' id='word_1_264' title='bbox 132 2656 221 2728; x_wconf 71' lang='lat' dir='ltr'>huius</span> <span class='ocrx_word' id='word_1_265' title='bbox 235 2671 333 2714; x_wconf 85' lang='lat' dir='ltr'>causae</span> <span class='ocrx_word' id='word_1_266' title='bbox 353 2653 523 2729; x_wconf 80' lang='lat' dir='ltr'>cognitione</span> <span class='ocrx_word' id='word_1_267' title='bbox 544 2660 636 2713; x_wconf 86' lang='lat' dir='ltr'>testes</span> <span class='ocrx_word' id='word_1_268' title='bbox 650 2653 844 2712; x_wconf 86' lang='lat' dir='ltr'>admittuntur</span> <span class='ocrx_word' id='word_1_269' title='bbox 858 2671 918 2712; x_wconf 94' lang='lat' dir='ltr'>non</span> <span class='ocrx_word' id='word_1_270' title='bbox 933 2653 1023 2727; x_wconf 89' lang='lat' dir='ltr'>citati,</span> <span class='ocrx_word' id='word_1_271' title='bbox 1038 2655 1151 2715; x_wconf 89' lang='lat' dir='ltr'>ahsente</span> 
     </span>
     <span class='ocr_line' id='line_1_32' title="bbox 133 2742 1147 2818; baseline -0.002 -16"><span class='ocrx_word' id='word_1_272' title='bbox 133 2744 226 2803; x_wconf 87' lang='lat' dir='ltr'>altera</span> <span class='ocrx_word' id='word_1_273' title='bbox 239 2751 334 2818; x_wconf 89' lang='lat' dir='ltr'>parte,</span> <span class='ocrx_word' id='word_1_274' title='bbox 350 2749 497 2801; x_wconf 90' lang='lat' dir='ltr'>eteorum</span> <span class='ocrx_word' id='word_1_275' title='bbox 513 2742 714 2818; x_wconf 89' lang='lat' dir='ltr'>depositiones</span> <span class='ocrx_word' id='word_1_276' title='bbox 735 2759 794 2801; x_wconf 93' lang='lat' dir='ltr'>non</span> <span class='ocrx_word' id='word_1_277' title='bbox 809 2743 997 2818; x_wconf 89' lang='lat' dir='ltr'>publicantur</span> <span class='ocrx_word' id='word_1_278' title='bbox 1013 2761 1020 2801; x_wconf 91' lang='lat'><strong>:</strong></span> <span class='ocrx_word' id='word_1_279' title='bbox 1040 2743 1147 2816; x_wconf 86' lang='lat' dir='ltr'>suffieit,</span> 
     </span>
     <span class='ocr_line' id='line_1_33' title="bbox 132 2829 1147 2907; baseline 0 -17"><span class='ocrx_word' id='word_1_280' title='bbox 132 2831 157 2891; x_wconf 90' lang='lat' dir='ltr'>si</span> <span class='ocrx_word' id='word_1_281' title='bbox 171 2831 229 2890; x_wconf 90' lang='lat' dir='ltr'>sint</span> <span class='ocrx_word' id='word_1_282' title='bbox 240 2829 341 2906; x_wconf 88' lang='lat' dir='ltr'>jurati,</span> <span class='ocrx_word' id='word_1_283' title='bbox 356 2838 386 2889; x_wconf 89' lang='lat' dir='ltr'>et</span> <span class='ocrx_word' id='word_1_284' title='bbox 404 2830 513 2890; x_wconf 89' lang='lat' dir='ltr'>idonei.</span> <span class='ocrx_word' id='word_1_285' title='bbox 535 2831 634 2890; x_wconf 90' lang='lat' dir='ltr'>ldonei</span> <span class='ocrx_word' id='word_1_286' title='bbox 650 2839 749 2890; x_wconf 88' lang='lat' dir='ltr'>autem</span> <span class='ocrx_word' id='word_1_287' title='bbox 768 2831 906 2890; x_wconf 91' lang='lat' dir='ltr'>dicuntur</span> <span class='ocrx_word' id='word_1_288' title='bbox 923 2831 1017 2907; x_wconf 84' lang='lat' dir='ltr'>magis</span> <span class='ocrx_word' id='word_1_289' title='bbox 1031 2849 1147 2891; x_wconf 88' lang='lat' dir='ltr'>consan-</span> 
     </span>
     <span class='ocr_line' id='line_1_34' title="bbox 131 2917 1146 2996; baseline 0 -17"><span class='ocrx_word' id='word_1_290' title='bbox 131 2919 239 2996; x_wconf 85' lang='lat' dir='ltr'>guinei,</span> <span class='ocrx_word' id='word_1_291' title='bbox 267 2925 297 2978; x_wconf 90' lang='lat' dir='ltr'>et</span> <span class='ocrx_word' id='word_1_292' title='bbox 321 2917 411 2992; x_wconf 89' lang='lat' dir='ltr'>cives,</span> <span class='ocrx_word' id='word_1_293' title='bbox 440 2918 490 2993; x_wconf 92' lang='lat' dir='ltr'>qui</span> <span class='ocrx_word' id='word_1_294' title='bbox 511 2922 733 2994; x_wconf 69' lang='lat' dir='ltr'>&#39;praesumuntur</span> <span class='ocrx_word' id='word_1_295' title='bbox 759 2920 865 2979; x_wconf 89' lang='lat' dir='ltr'>melius</span> <span class='ocrx_word' id='word_1_296' title='bbox 884 2920 1146 2996; x_wconf 66' lang='lat' dir='ltr'>informationem</span> 
     </span>
     <span class='ocr_line' id='line_1_35' title="bbox 131 3007 1145 3084; baseline 0 -17"><span class='ocrx_word' id='word_1_297' title='bbox 131 3007 235 3068; x_wconf 78' lang='lat' dir='ltr'>exteri.</span> <span class='ocrx_word' id='word_1_298' title='bbox 245 3011 353 3066; x_wconf 90' lang='lat' dir='ltr'>Parum</span> <span class='ocrx_word' id='word_1_299' title='bbox 364 3024 436 3065; x_wconf 86' lang='lat' dir='ltr'>vero</span> <span class='ocrx_word' id='word_1_300' title='bbox 446 3007 546 3065; x_wconf 87' lang='lat' dir='ltr'>idonei</span> <span class='ocrx_word' id='word_1_301' title='bbox 560 3014 734 3083; x_wconf 88' lang='lat' dir='ltr'>reputantur</span> <span class='ocrx_word' id='word_1_302' title='bbox 748 3008 822 3084; x_wconf 82' lang='lat' dir='ltr'>vagi,</span> <span class='ocrx_word' id='word_1_303' title='bbox 836 3017 865 3068; x_wconf 92' lang='lat' dir='ltr'>et</span> <span class='ocrx_word' id='word_1_304' title='bbox 874 3008 981 3067; x_wconf 90' lang='lat' dir='ltr'>milites</span> <span class='ocrx_word' id='word_1_305' title='bbox 997 3013 1046 3080; x_wconf 82' lang='lat'>(5).</span> <span class='ocrx_word' id='word_1_306' title='bbox 1058 3013 1145 3068; x_wconf 87' lang='lat' dir='ltr'>Testes</span> 
     </span>
     <span class='ocr_line' id='line_1_36' title="bbox 131 3095 1144 3172; baseline 0 -16"><span class='ocrx_word' id='word_1_307' title='bbox 131 3103 201 3156; x_wconf 90' lang='lat' dir='ltr'>sunt</span> <span class='ocrx_word' id='word_1_308' title='bbox 214 3095 404 3155; x_wconf 84' lang='lat' dir='ltr'>examinandi</span> <span class='ocrx_word' id='word_1_309' title='bbox 415 3096 453 3154; x_wconf 90' lang='lat' dir='ltr'>ab</span> <span class='ocrx_word' id='word_1_310' title='bbox 467 3095 624 3172; x_wconf 79' lang='lat' dir='ltr'>Episcopo,</span> <span class='ocrx_word' id='word_1_311' title='bbox 639 3099 685 3156; x_wconf 90' lang='lat' dir='ltr'>vel</span> <span class='ocrx_word' id='word_1_312' title='bbox 700 3099 737 3156; x_wconf 89' lang='lat' dir='ltr'>ah</span> <span class='ocrx_word' id='word_1_313' title='bbox 755 3101 820 3170; x_wconf 86' lang='lat' dir='ltr'>ejus</span> <span class='ocrx_word' id='word_1_314' title='bbox 833 3097 943 3156; x_wconf 83' lang='lat' dir='ltr'>vicario</span> <span class='ocrx_word' id='word_1_315' title='bbox 956 3097 1091 3168; x_wconf 86' lang='lat' dir='ltr'>Generali,</span> <span class='ocrx_word' id='word_1_316' title='bbox 1102 3099 1144 3156; x_wconf 92' lang='lat' dir='ltr'>vel</span> 
     </span>
     <span class='ocr_line' id='line_1_37' title="bbox 130 3184 1142 3262; baseline 0 -16"><span class='ocrx_word' id='word_1_317' title='bbox 130 3202 290 3262; x_wconf 86' lang='lat' dir='ltr'>apersona</span> <span class='ocrx_word' id='word_1_318' title='bbox 305 3185 342 3243; x_wconf 89' lang='lat' dir='ltr'>ad</span> <span class='ocrx_word' id='word_1_319' title='bbox 363 3184 392 3243; x_wconf 95' lang='lat' dir='ltr'>id</span> <span class='ocrx_word' id='word_1_320' title='bbox 418 3184 585 3259; x_wconf 90' lang='lat' dir='ltr'>specialiter</span> <span class='ocrx_word' id='word_1_321' title='bbox 609 3186 753 3261; x_wconf 83' lang='lat' dir='ltr'>delegata,</span> <span class='ocrx_word' id='word_1_322' title='bbox 780 3193 810 3246; x_wconf 88' lang='lat' dir='ltr'>et</span> <span class='ocrx_word' id='word_1_323' title='bbox 835 3204 961 3246; x_wconf 86' lang='lat' dir='ltr'>examen</span> <span class='ocrx_word' id='word_1_324' title='bbox 984 3185 1047 3245; x_wconf 91' lang='lat' dir='ltr'>fieri</span> <span class='ocrx_word' id='word_1_325' title='bbox 1065 3185 1142 3246; x_wconf 90' lang='lat' dir='ltr'>debet</span> 
     </span>
     <span class='ocr_line' id='line_1_38' title="bbox 125 3271 1139 3350; baseline 0.001 -17"><span class='ocrx_word' id='word_1_326' title='bbox 125 3275 212 3350; x_wconf 75' lang='lat' dir='ltr'>Juxta</span> <span class='ocrx_word' id='word_1_327' title='bbox 227 3271 453 3332; x_wconf 89' lang='lat' dir='ltr'>lnstrnctionem</span> <span class='ocrx_word' id='word_1_328' title='bbox 468 3291 485 3332; x_wconf 92' lang='lat' dir='ltr'>a</span> <span class='ocrx_word' id='word_1_329' title='bbox 499 3277 527 3332; x_wconf 92' lang='lat' dir='ltr'>S.</span> <span class='ocrx_word' id='word_1_330' title='bbox 545 3275 778 3348; x_wconf 79' lang='lat' dir='ltr'>congregatione</span> <span class='ocrx_word' id='word_1_331' title='bbox 798 3275 973 3342; x_wconf 84' lang='lat' dir='ltr'>Universalis</span> <span class='ocrx_word' id='word_1_332' title='bbox 989 3275 1139 3350; x_wconf 87' lang='lat' dir='ltr'>inquisitio·</span> 
     </span>
     <span class='ocr_line' id='line_1_39' title="bbox 129 3361 955 3441; baseline 0.004 -20"><span class='ocrx_word' id='word_1_333' title='bbox 129 3363 175 3423; x_wconf 88' lang='lat' dir='ltr'>nis</span> <span class='ocrx_word' id='word_1_334' title='bbox 189 3361 403 3440; x_wconf 85' lang='lat' dir='ltr'>praescriptam,</span> <span class='ocrx_word' id='word_1_335' title='bbox 419 3367 449 3422; x_wconf 90' lang='lat' dir='ltr'>et</span> <span class='ocrx_word' id='word_1_336' title='bbox 458 3377 479 3420; x_wconf 69' lang='lat' dir='ltr'>&#39;a</span> <span class='ocrx_word' id='word_1_337' title='bbox 491 3363 642 3422; x_wconf 85' lang='lat' dir='ltr'>Clemente</span> <span class='ocrx_word' id='word_1_338' title='bbox 657 3367 680 3422; x_wconf 93' lang='lat' dir='ltr'>ll</span> <span class='ocrx_word' id='word_1_339' title='bbox 694 3365 913 3441; x_wconf 87' lang='lat' dir='ltr'>approbatam(</span> <span class='ocrx_word' id='word_1_340' title='bbox 933 3371 955 3438; x_wconf 89' lang='lat'>).</span> 
     </span>
    </p>
   </div>
   <div class='ocr_carea' id='block_1_4' title="bbox 160 3476 1168 3566">
    <p class='ocr_par' dir='ltr' id='par_1_7' title="bbox 160 3476 1168 3566">
     <span class='ocr_line' id='line_1_40' title="bbox 160 3476 1168 3566; baseline 0.005 -32"><span class='ocrx_word' id='word_1_341' title='bbox 160 3483 195 3549; x_wconf 81' lang='lat' dir='ltr'>(t)</span> <span class='ocrx_word' id='word_1_342' title='bbox 209 3484 301 3566; x_wconf 83' lang='lat' dir='ltr'>Potest</span> <span class='ocrx_word' id='word_1_343' title='bbox 319 3489 408 3536; x_wconf 86' lang='lat' dir='ltr'>tamen</span> <span class='ocrx_word' id='word_1_344' title='bbox 422 3482 570 3550; x_wconf 87' lang='lat' dir='ltr'>parochus,</span> <span class='ocrx_word' id='word_1_345' title='bbox 586 3489 633 3536; x_wconf 88' lang='lat' dir='ltr'>aut</span> <span class='ocrx_word' id='word_1_346' title='bbox 651 3485 722 3538; x_wconf 84' lang='lat' dir='ltr'>alius</span> <span class='ocrx_word' id='word_1_347' title='bbox 739 3476 902 3554; x_wconf 80' lang='lat' dir='ltr'>quicumque</span> <span class='ocrx_word' id='word_1_348' title='bbox 926 3485 1038 3540; x_wconf 89' lang='lat' dir='ltr'>idoneus</span> <span class='ocrx_word' id='word_1_349' title='bbox 1050 3485 1087 3540; x_wconf 83' lang='lat' dir='ltr'>vir</span> <span class='ocrx_word' id='word_1_350' title='bbox 1164 3483 1168 3486; x_wconf 76' lang='grc'><strong>’</strong></span> 
     </span>
    </p>
   </div>
   <div class='ocr_carea' id='block_1_5' title="bbox 0 0 1252 4062">
    <p class='ocr_par' dir='ltr' id='par_1_8' title="bbox 0 0 1252 4062">
     <span class='ocr_line' id='line_1_41' title="bbox 0 0 1252 4062; baseline 0 3"><span class='ocrx_word' id='word_1_351' title='bbox 0 0 1252 4062; x_wconf 95' lang='lat' dir='ltr'> </span> 
     </span>
    </p>
   </div>
  </div>
 </body>
</html>
