2410 4068
98 167 119 206 ,
437 131 598 186 -en-

44 249 79 300 icc.
94 249 131 300 cit.
143 264 169 306 n
184 250 230 303 titi.
247 251 271 302 6ο
285 252 314 303 Si
330 251 373 304 hae
390 252 558 306 conditiones
581 265 634 303 non
653 251 841 314 observentur,
859 253 973 304 uniones
991 255 1020 305 in

43 319 145 372 mortuiis
156 321 179 372 S.
188 321 246 374 Seii
259 325 413 383 reservatis,
427 324 469 376 vei
490 321 593 374 affectis
606 323 641 374 ab
660 323 795 390 Episcopo
809 323 887 374 iactae
901 325 1019 376 semina-

44 391 70 440 rio
80 390 146 442 nulia
157 397 222 452 sunt,
233 397 258 444 et
271 395 363 445 irrita.
375 394 416 445 Id.
428 394 464 445 ib.
477 421 509 432 -
518 395 553 458 (i)
562 393 627 445 Hac
637 393 724 462 quoad
735 393 851 452 Italiam,
863 394 1019 461 insulasque

43 461 159 523 adjacentes
166 465 288 530 applicari
304 465 405 518 debent
415 468 497 517 etiem
511 466 666 532 praebendis
683 466 804 518 canonici
822 466 1019 520 Poeuiteutiarii

44 533 178 598 etiheoqui.
189 535 256 587 Nam
264 535 429 588 Benedictus
438 537 508 587 XIII
518 539 546 588 in
556 537 613 588 bul.
626 536 774 588 Pastorutis
784 537 904 602 indulsit,
914 543 945 588 ut
958 538 1020 590 duae

44 603 105 653 citata
115 606 254 668 prebendae
269 607 338 670 erigi
351 619 401 672 par
417 609 582 673 Episcopum
595 610 707 670 possent
720 608 748 658 in
764 607 901 660 beneflciis
912 623 1021 673 quomo·

45 671 155 740 tuumque
165 676 260 730 affectis
272 682 303 730 et
315 679 469 738 reservatis,
481 682 508 729 et
517 678 541 730 si
555 677 671 730 raditum
683 691 737 728 non
751 677 870 730 habeant
882 683 1021 732 scutorum

45 747 152 810 sexaginta,
168 753 275 814 possent
293 761 383 814 usque·
404 749 438 799 ad
459 747 529 799 hanc
554 761 687 800 summam
708 748 901 800 conficiendum
925 750 1021 802 iisdem

44 816 240 940 pabetndisquiri
257 819 313 872 aiia
325 819 458 872 beneficia
472 820 553 871 etium
572 825 718 884 reservate,
734 819 774 872 vei
792 819 896 872 affecta.
912 821 1021 886 Rigonti

51 897 76 936 oc.
84 901 150 940 c1.n.
209 929 215 941 .

65 1099 109 1160 iit.
126 1101 311 1162 Nihilominus
328 1101 393 1164 haee
413 1102 558 1162 beneficia
576 1103 697 1174 uniendi
718 1108 850 1181 potestas
872 1104 1024 1166 interdum

43 1187 151 1266 Episcopo
170 1189 284 1268 abipsa
304 1192 370 1268 iege
391 1189 592 1264 interdIcitur·,
605 1198 636 1252 et
659 1192 703 1252 sic
716 1191 819 1268 nequit
838 1193 1023 1268 unire-paro·

42 1274 110 1336 chiam
127 1281 311 1356 helmstano,
339 1285 390 1340 aut
412 1279 557 1356 dignitati,
582 1287 634 1340 ant
656 1282 800 1356 capitulo,
818 1288 871 1342 aut
888 1280 1024 1358 collegio,

41 1371 75 1422 aut
87 1367 154 1426 alteri
169 1369 252 1430 simili
275 1369 356 1442 icco,
382 1368 451 1445 quia
467 1369 564 1446 prima
581 1368 780 1430 consideratio
798 1370 886 1430 dehet
908 1385 975 1430 esse
989 1371 1029 1430 da

41 1449 234 1530 hucepirituaii
256 1458 433 1532 animarum,
455 1458 537 1534 qnod
562 1457 658 1534 magis
674 1456 703 1516 in
718 1459 870 1534 parochIa,
892 1475 983 1535 (prem
996 1459 1027 1518 in

42 1539 171 1606 dictislocis
181 1547 351 1608 continetur
364 1551 416 1621 (i).
432 1545 539 1622 Nequit
552 1547 638 1606 unire
652 1547 796 1608 beneficia
808 1546 902 1608 libera
914 1549 1026 1610 heneti-

42 1626 77 1686 cis
82 1631 321 1710 jurispatronatus,
337 1653 375 1696 ne
385 1635 506 1696 libertas
521 1634 655 1696 servituti
669 1635 842 1710 subjiciatur
856 1640 907 1709 (I).
922 1637 1029 1714 Nequit

42 1717 99 1778 unire
116 1722 248 1785 beneficia
272 1724 362 1784 unius
375 1723 515 1784 dioecesis
530 1734 600 1784 cum
613 1723 766 1784 beneficiis
781 1725 902 1785 alterius
915 1725 1029 1786 dioece-

43 1804 115 1882 riq),
127 1814 225 1890 Nequit
236 1813 387 1874 beneficia
408 1811 493 1874 unire
509 1829 621 1874 mansee
638 1831 710 1886 auae,
726 1819 776 1873 eut
790 1829 901 1874 mensae
915 1813 1029 1890 rapitu-

43 1892 76 1954 iari
90 1899 121 1958 au
137 1901 334 1979 suspicionem
354 1902 589 1978 propulsandum
612 1903 687 1962 lucri
705 1901 858 1979 quaerendi
872 1919 928 1978 pro
943 1919 987 1976 se,
1001 1907 1030 1962 et

42 1987 196 2062 pressisti).
211 1989 319 2066 Nequit
333 1989 463 2066 demque
476 1989 564 2050 unire
582 1989 727 2050 beneficia
740 1989 779 2049 ad
793 1989 917 2066 alicujus
928 1989 1029 2066 vitam,

43 2068 183 2140 Nesiuiiis
196 2079 269 2140 nnio
293 2077 449 2140 utilitatem
463 2095 601 2154 personae
619 2078 825 2154 potiusquam
846 2079 959 2140 bonnm
971 2083 1028 2140 Ec·

43 2157 109 2220 etesia
119 2165 261 2228 rideretur
274 2165 428 2244 respicere
441 2171 451 2240 t
471 2171 493 2238 i.

62 2331 86 2396 (Ι)
96 2335 156 2390 inu.
171 2353 238 2394 sess.
257 2339 298 2400 at,
324 2353 347 2392 c.
367 2339 405 2404 13,
424 2339 458 2392 da
480 2339 530 2390 ret.
544 2367 576 2377 -
590 2339 625 2405 (i)
645 2339 686 2392 id.
707 2351 773 2392 sess.
793 2340 834 2400 25,
853 2354 876 2390 c.
891 2339 916 2404 9,
934 2340 967 2392 tle
982 2340 1031 2392 rei.

44 2401 93 2468 -ii)
103 2405 138 2458 Iti.
151 2423 214 2463 sess.
231 2412 271 2472 11,
288 2427 310 2463 c.
326 2413 350 2474 9,
366 2410 399 2462 de
412 2412 462 2462 rer.
478 2438 509 2448 -
520 2409 555 2476 (4)
571 2409 623 2464 Cit.
641 2409 725 2463 (ilem.
742 2412 767 2475 i,
779 2408 812 2462 da
827 2411 885 2462 reb.
895 2411 967 2463 iicet.
977 2424 1031 2461 non

43 2470 97 2526 iliti-
107 2479 170 2546 -(5)
181 2481 295 2548 PIrhing
307 2481 340 2534 tie
355 2483 441 2547 preeb.
454 2495 484 2534 n.
501 2481 554 2534 105.

65 2701 266 2774 ithiieneticia
289 2713 382 2772 semel
408 2709 631 2786 unitapossunt
652 2709 761 2772 iterum
784 2709 922 2786 disjungi,
952 2715 981 2770 et
1004 2709 1035 2770 in

45 2788 287 2862 sternumentum
305 2799 432 2871 restitui,
456 2805 592 2860 cessante
615 2815 716 2872 cause,
738 2799 778 2858 ob
801 2813 891 2875 quam
916 2799 1036 2860 iuarunt

45 2879 107 2955 nin,
119 2894 145 2946 et
153 2888 289 2950 adhibitis
301 2889 407 2948 iisdem
422 2886 669 2948 solemnitatibus.
684 2886 847 2963 nisjunctio
860 2888 925 2948 fieri
938 2895 1037 2965 potest

45 2964 200 3054 abepiscopo
211 2977 241 3037 in
258 2977 420 3050 beneflciis,
437 2993 503 3052 quae
514 2994 534 3035 a
548 2993 591 3048 se,
607 2977 654 3036 vei
668 2977 705 3035 eb
722 2977 962 3038 antecessoribus
975 2979 1037 3038 suis

46 3055 233 3140 enitescerent,
248 3067 340 3126 immo
350 3067 439 3128 etiem
452 3083 491 3126 ex
505 3069 667 3124 Doctorum
680 3065 827 3144 sententia
841 3065 871 3126 in
885 3066 1038 3127 beneficiis

44 3144 135 3210 uuitisa
150 3159 238 3230 Papa,
264 3155 335 3232 quia
355 3155 491 3217 Pontifex
504 3170 565 3212 non
587 3153 777 3229 presumitur
797 3171 852 3229 per
865 3153 1006 3216 unionem
1020 3173 1039 3214 e

46 3233 166 3301 eiciam
179 3242 309 3304 voluisse
323 3245 440 3302 auferre
454 3241 601 3318 Episcopo
612 3249 790 3318 potestatem
804 3260 842 3302 ex
854 3245 934 3318 justa
948 3259 1039 3303 causa

19 3391 20 3394 ,
45 3329 90 3382 rem
100 3330 263 3392 nstituendi
277 3333 308 3392 in
321 3331 489 3410 pristinum,
502 3331 631 3392 maxime
645 3348 714 3392 cum
727 3333 787 3394 hoc
801 3332 886 3394 cedet
898 3332 928 3391 in
943 3331 1037 3404 maio·

46 3417 229 3480 fraumenta
254 3421 419 3484 utilitatem.
445 3425 533 3486 Necte
552 3421 674 3482 demum
693 3420 811 3482 unionis
834 3418 1037 3494 revocatione,

46 3489 159 3566 benficia
170 3509 295 3585 primam
309 3525 416 3572 eorum
428 3517 575 3586 naturam,
586 3511 689 3586 etiura
704 3512 870 3580 assumunt,
885 3506 942 3566 nisi
954 3505 1041 3566 aiiter

141 3604 176 3657 Ii.
903 3604 931 3652 13
