2426 4070
399 659 603 744 ursulus
628 661 710 742 llll.

450 899 487 944 DE
504 899 655 946 decussus.

64 1069 198 1122 Smenos:
212 1070 266 1122 439.
278 1068 338 1130 Quid
352 1070 444 1123 nomme
457 1069 565 1122 Ecclesia
578 1071 616 1123 hic
627 1069 780 1138 intelligatur?
795 1097 826 1109 -·
839 1072 893 1124 440.
908 1073 963 1132 Qua
977 1073 1007 1124 ait
1018 1073 1063 1125 Ee·

86 1140 187 1193 dedum
199 1139 334 1194 demutor
343 1167 374 1180 -
386 1142 439 1193 444.
451 1141 598 1194 Goudillones
609 1141 634 1193 iu
647 1142 799 1194 Eocleelarum
813 1143 926 1195 eremium
938 1143 1062 1196 umerum-

87 1210 158 1262 dn.-
169 1212 221 1264 tlt.
234 1212 338 1264 Ecclesiu
349 1212 453 1278 aquom
466 1211 496 1266 ult
508 1212 649 1278 sewum?
661 1239 693 1252 -
714 1214 769 1265 443.
784 1213 850 1266 nom
860 1214 961 1266 Eodem
975 1217 1011 1266 est
1022 1214 1065 1266 lle·

84 1282 201 1346 redonum
213 1282 251 1334 rel
260 1281 422 1335 mausum.
438 1309 468 1322 -
481 1283 535 1334 ltl.
551 1283 671 1343 Quomodo
685 1284 820 1336 momatur?
830 1313 860 1324 -
873 1285 928 1336 445.
944 1284 1065 1344 Quomodo

84 1353 196 1417 munuum
207 1381 239 1394 -
252 1354 308 1406 446.
326 1353 381 1413 Qua
392 1353 438 1405 siut
456 1353 612 1406 interdietein
627 1354 729 1407 Ecueen
747 1356 841 1420 polluta,
856 1357 880 1407 et
897 1355 1013 1422 weimodo
1027 1369 1063 1406 re·

86 1425 223 1477 mrulmdu?
236 1452 269 1464 -
282 1425 337 1476 444.
358 1423 462 1478 oratoria
476 1423 566 1490 publiea
584 1425 636 1490 iure
650 1425 802 1478 Ecalcslarum
817 1427 929 1488 duorum,
948 1439 996 1478 uon
1009 1439 1064 1479 reru
1087 1428 1093 1440 '

84 1495 168 1559 nimie,
181 1523 210 1536 -
224 1497 281 1548 448.
294 1496 350 1556 Quis
364 1495 483 1559 muoedat,
500 1499 526 1547 ut
541 1495 611 1547 missa
624 1495 749 1548 celebretur
761 1496 785 1548 lu
798 1497 904 1549 oratoriis
915 1496 1025 1564 primda?
1034 1521 1065 1535 -

82 1565 128 1616 449.
144 1567 227 1627 Qudne
243 1568 268 1618 ln
281 1566 370 1620 aarum
387 1566 461 1632 possit
473 1567 594 1634 epiecopus
614 1567 744 1632 permittore
762 1567 839 1620 mium
853 1567 1027 1622 mastalonem
1040 1569 1065 1620 lu

84 1638 170 1690 uutorio
183 1639 280 1704 privato,
295 1638 332 1689 rel
347 1641 410 1689 extre
429 1637 573 1690 Ecclesium?
584 1663 617 1676 -
633 1638 689 1690 450.
704 1636 799 1703 Quibus,
817 1641 842 1690 el
858 1639 974 1705 quomodo
992 1640 1066 1706 praeit

83 1707 178 1761 indultum
192 1707 345 1775 apostolicum
358 1709 453 1762 oratorii
467 1707 567 1774 privati?
585 1738 613 1748 -
627 1709 683 1761 454.
695 1710 772 1762 Altera
784 1710 907 1780 quotuplex
923 1711 962 1776 eit,
976 1710 1064 1777 etquid

84 1781 203 1846 reunitum,
213 1781 274 1833 utin
287 1793 315 1832 eo
332 1793 422 1832 uerum
431 1779 492 1833 dall

87 1953 138 2008 tlt.
163 1954 244 2010 inter
269 1965 318 2008 res
340 1946 558 2009 ecclesiasticas
584 1947 752 2025 spirituales
778 1954 848 2025 post
873 1953 1065 2010 Sacramenta

61 2039 201 2098 anundum
221 2037 443 2098 Institutionum
464 2035 602 2098 ordinem
614 2038 717 2097 locum
730 2037 916 2114 praecipuum
930 2037 1064 2098 obtinent

62 2127 185 2186 Ecclesiae.
204 2125 265 2188 Sed
289 2125 338 2184 hic
358 2143 419 2184 non
441 2124 586 2201 accipitur
601 2126 731 2186 Ecclesia
751 2143 808 2202 pro
832 2126 1064 2203 congregatione

61 2211 178 2288 idalium,
199 2214 239 2274 de
252 2231 312 2290 qua
328 2215 391 2290 jam
415 2231 471 2273 suo
493 2214 563 2274 loco
581 2213 696 2290 egimm
710 2216 765 2287 (l);
788 2213 838 2274 hic
858 2213 1064 2277 consideratur

61 2303 187 2378 amquam
213 2303 360 2376 templum
383 2302 596 2376 manufactum,
620 2301 652 2360 in
672 2319 732 2378 quo
753 2299 857 2362 fideles
880 2301 1062 2378 congregati,

61 2389 106 2448 ileo
116 2389 255 2450 sacrificia
268 2391 407 2464 offerunt,
421 2405 527 2467 preces
541 2390 678 2464 fundunt,
695 2395 725 2449 et
743 2395 935 2450 Sacramenta
948 2391 1064 2466 aliaque

61 2475 191 2554 Religionis
203 2478 336 2539 subsidia
348 2477 505 2554 recipiunt.
527 2478 608 2539 Sicut
624 2479 704 2540 enim
716 2495 778 2538 non
795 2494 910 2552 omues,
926 2479 980 2538 sed
996 2483 1062 2537 tun·

62 2567 108 2624 tun
123 2571 178 2628 Deo
200 2567 312 2628 sacrati
331 2565 458 2626 muniri
477 2573 603 2643 possunt
623 2583 743 2627 sucrum
760 2567 879 2640 iacera3
897 2567 938 2627 ita
958 2582 1018 2624 non
1033 2565 1063 2624 in

63 2653 341 2730 connumerasse
356 2662 473 2716 tannim
485 2655 517 2715 in
530 2655 605 2716 locis
625 2659 686 2716 Deo
701 2655 839 2730 sacratis,
853 2655 903 2716 vel
920 2653 1064 2715 dedicatis

63 2752 162 2813 pesum
174 2743 322 2806 sacrificia
336 2745 446 2804 offerri.

84 2879 174 2945 (nith.
190 2885 214 2944 4,
229 2884 271 2936 iit.
285 2883 309 2938 3.
321 2909 352 2922 -
365 2881 478 2948 (acan.
494 2881 532 2946 ll,
546 2881 609 2936 dist.
628 2884 650 2943 4,
665 2881 699 2936 de
714 2895 817 2937 conseo.

87 3043 136 3101 uo.
149 3040 278 3104 Ecclesia
289 3040 463 3119 principalis
478 3041 656 3118 caeterisque
667 3040 785 3118 dignior
795 3041 904 3103 dicitur
914 3042 1062 3119 Bootttco,·

65 3128 126 3188 uin
142 3149 197 3210 qua
212 3131 318 3192 sedern
335 3131 425 3192 hahet
445 3131 694 3206 archiepiscopus
713 3129 954 3208 Metropolitano5
974 3150 1010 3194 ea
1031 3133 1062 3191 in

65 3229 108 3286 lue
126 3220 222 3282 sedern
238 3221 330 3281 habet
347 3219 514 3298 Episcopus
532 3217 734 3292 delaturum
749 3224 780 3278 et
798 3235 833 3278 aa
849 3219 881 3278 in
900 3235 960 3296 qua
978 3221 1063 3280 adest

67 3303 252 3370 leuomeorum
274 3307 433 3384 collegium
455 3305 630 3382 collegiatis.
651 3305 762 3368 Dicitur
782 3306 914 3368 Ecclesia
935 3307 1060 3375 oretria

68 3404 114 3464 lte
124 3397 190 3458 elius
205 3404 359 3474 tamquam
376 3395 479 3456 lilialss
497 3395 588 3456 hebet
607 3395 758 3472 subjectas
781 3394 943 3466 Ecclesias3
967 3393 1060 3468 taptt-
1083 3392 1088 3404 ¹

69 3481 153 3555 suero,
177 3503 243 3564 qum
265 3486 356 3546 habet
372 3485 485 3546 fontem
506 3482 658 3560 baptismi3
681 3483 872 3562 paroehialis,
891 3497 959 3558 quae
971 3480 1062 3540 habet

70 3565 205 3642 ujunctan
216 3590 321 3636 curum
335 3572 515 3647 animarum
530 3573 688 3650 reputaris,
702 3589 769 3650 quae
782 3590 800 3632 e
814 3568 1018 3646 regularibus,
1031 3575 1061 3630 et
