2426 4070
469 143 630 200 ..407..

68 271 182 338 trn310·
202 266 226 324 si
247 265 402 326 immineat
422 269 541 340 tempus
563 262 813 336 Quadrapesimae,
831 268 882 324 aut
896 263 1056 338 Adventus,

66 361 234 430 etncqueant
254 353 503 414 denunciationes
526 353 600 426 deri,
621 370 691 412 curn
712 351 829 413 aliunde
854 369 915 412 non
937 354 1059 428 expedit

61 442 253 502 matrimonium
276 443 397 502 differre
417 445 469 513 (3).
495 445 595 500 Potest
619 441 783 517 Episcopus
806 441 852 501 his
875 441 999 519 aliisque
1020 443 1058 504 de

62 531 149 604 ceusu,
160 548 224 607 quae
240 529 389 604 prudenti,
403 535 434 590 et
447 537 565 589 maturo
575 529 687 605 judicio
694 531 781 604 justae
792 529 958 604 videantur,
968 545 1059 608 super

63 637 117 692 nna,
132 627 158 680 et
177 621 269 679 altera
299 625 414 679 lantum
437 637 476 679 ex
499 617 679 678 matrimonii
702 617 988 692 denunciationibus,
1011 623 1059 680 vel

66 705 132 767 etiam
143 725 228 784 super
240 707 380 768 omnibus
394 706 577 784 dispensare,
592 707 662 783 quia
674 707 875 768 Tridentinum
887 724 952 770 rem
966 716 1060 771 totam

63 793 143 856 iniec
154 797 252 874 specie
266 797 331 873 ejus
342 796 465 872 judicio,
480 815 516 856 ac
529 796 696 874 prudentia
709 795 865 857 committit
882 800 933 868 (4).

87 925 114 990 (l)
125 927 192 978 trid.
207 928 280 979 Sess.
295 927 335 989 tt,
351 941 374 979 c.
390 927 414 986 l,
429 925 462 978 de
474 927 521 979 rei.
537 931 615 978 malr.
634 955 659 964 -
671 927 707 992 (t)
721 925 781 977 Bul.
795 921 869 978 Solis
881 925 957 978 nebu
973 925 1059 982 Bene·

61 997 113 1050 dicti
123 999 191 1050 XIV.
203 1025 234 1036 -
245 999 281 1062 (3)
295 997 361 1049 Haec
374 1003 462 1049 tamen
476 1011 559 1050 causa
569 1013 584 1049 a
596 998 622 1049 S.
634 999 728 1050 carolo
742 997 885 1048 Berrorneo
896 999 972 1063 justa
983 1002 1061 1066 agni·

60 1071 202 1128 mnonluit.
217 1071 281 1136 quia
295 1083 390 1120 ausam
404 1070 562 1136 praenotat
583 1071 658 1122 treus
680 1070 734 1135 legi
752 1069 832 1120 focile
848 1068 906 1120 iteri
921 1074 1011 1134 queat.
1028 1097 1061 1110 -

59 1142 90 1207 (l)
102 1141 266 1194 Reiffenstuel
281 1141 315 1194 de
326 1141 412 1193 eland.
429 1141 506 1207 desp.
517 1155 545 1192 n.
556 1141 587 1193 le
600 1148 627 1193 et
641 1155 715 1208 seqq.

87 1323 139 1379 403.
156 1323 312 1394 Nequeunt
332 1317 446 1394 absque
468 1321 611 1392 peccato,
632 1322 662 1376 et
679 1315 765 1392 gravi
782 1333 874 1393 prena
892 1316 1062 1394 hujusmodi

60 1407 282 1468 denunciationes
300 1405 414 1466 orrritti:
438 1421 508 1464 nam
527 1405 750 1466 matrimonium
768 1407 882 1483 absque
900 1407 1062 1468 denuncia-

60 1494 176 1572 tionibus,
190 1498 238 1556 vel
253 1496 291 1556 ab
311 1495 416 1555 iisdem
440 1494 661 1570 dispensatione
679 1502 878 1569 contractum,
896 1497 922 1556 si
935 1497 1011 1557 iorte
1025 1497 1063 1556 sit

8 1649 13 1659 ¹
60 1585 165 1658 nullum,
175 1585 292 1660 jmibus
308 1601 368 1643 non
383 1583 490 1643 frrritur
503 1583 685 1642 matrimonii
699 1582 832 1659 putativi,
847 1591 877 1644 et
890 1602 930 1644 ex
943 1602 979 1644 eo
994 1593 1063 1644 nata

6 1659 8 1682 '
61 1673 160 1734 soboles
172 1691 232 1734 non
247 1681 293 1734 est
306 1673 438 1748 legitima
452 1677 505 1745 (t),
519 1672 589 1731 licet
610 1681 758 1747 parentes,
775 1673 825 1748 qui
847 1673 890 1732 sic
904 1681 1061 1734 contraxe-

61 1769 117 1821 runt
127 1763 153 1821 in
168 1764 246 1822 bona
258 1762 318 1820 fide
333 1760 450 1833 luerint,
468 1768 499 1820 et
518 1760 764 1835 impedimentum
782 1763 983 1836 ignoraverint
1001 1768 1041 1836 (4)
1053 1779 1064 1836 3·

62 1851 184 1912 Sacerdos
202 1860 302 1911 autem
315 1851 386 1910 huic
400 1849 591 1908 matrimonio
607 1850 750 1910 assistens
764 1868 818 1926 per
839 1849 998 1910 triennium
1017 1856 1064 1910 est

62 1939 186 2002 abolicio
201 1939 440 2016 suspendendae,
452 1945 482 1998 et
495 1938 616 2016 gravius
631 1940 730 2000 adhue
743 1938 924 2016 puniendus,
933 1939 959 2000 si
969 1940 1064 2016 culpae

62 2029 166 2102 qualitas
177 2027 373 2106 postulaverit
385 2031 396 2099 (
415 2031 437 2100 ).

85 2173 113 2238 (1)
123 2175 181 2241 (lap.
196 2175 221 2234 3,
235 2174 270 2226 de
283 2173 372 2226 cland.
387 2172 514 2238 despons.
538 2173 720 2238 -(t)1mmo
734 2175 906 2240 siconJugee
927 2176 1063 2229 matrimo-¹

61 2243 120 2295 nium
144 2248 245 2312 absque
277 2244 537 2297 denunciationihus·
550 2244 708 2296 contrahere
732 2247 791 2297 ausi
813 2247 913 2304 fuerint
931 2247 959 2298 in
978 2246 1066 2312 gradu

62 2316 184 2384 prohibito,
199 2331 232 2368 ex
242 2319 306 2382 jure
316 2317 411 2367 carent
425 2329 473 2382 spe
486 2315 692 2380 dispensationis
707 2316 741 2367 ad
753 2318 953 2370 matrimonium
967 2319 1064 2369 revali-

62 2385 169 2438 dmdum.
182 2387 256 2438 Trid.
270 2400 336 2438 sess.
355 2386 395 2445 tt,
409 2400 433 2437 c.
452 2386 476 2446 5,
489 2384 521 2435 de
534 2385 581 2436 rel.
598 2389 676 2438 matr.
691 2413 720 2423 -
736 2387 772 2451 (3)
788 2387 854 2438 Haec
868 2389 1010 2454 suspensio
1025 2389 1067 2438 est

62 2459 146 2508 tcnnrrn
160 2460 193 2510 ob
210 2457 308 2518 officio,
322 2469 376 2507 non
390 2469 455 2508 uero
472 2469 489 2506 a
503 2455 644 2507 beneficio.
659 2457 688 2508 Si
702 2463 798 2522 agatur
815 2457 849 2508 de
861 2457 989 2522 Regulari
1003 2470 1065 2508 sus·

62 2531 137 2589 pensio
150 2535 191 2582 est
205 2529 240 2580 ab
255 2527 381 2580 exercitio
392 2526 599 2592 Jurisdictionis,
613 2530 638 2578 et
656 2528 812 2592 regiminis:
827 2528 899 2579 unde
913 2527 1067 2592 Regularis,

64 2601 98 2662 qui
110 2601 209 2652 nullum
225 2600 310 2650 habet
327 2599 448 2662 regimen
468 2602 494 2648 et
510 2596 731 2662 jurisdictionem
750 2598 804 2649 alie
822 2611 903 2665 poena
922 2599 1068 2650 arbitraris

63 2671 195 2732 puniendus
209 2675 258 2722 est.
274 2671 391 2736 Insuper
404 2669 560 2734 hujusmodi
575 2669 716 2734 suspensio
731 2674 772 2722 est
786 2669 904 2721 lerendae
916 2669 1065 2729 sententia,

64 2744 136 2794 elnon
149 2743 306 2803 incurritur,
320 2740 374 2790 nisi
394 2739 476 2790 luerit
497 2739 532 2790 ab
554 2739 698 2792 Ordinerio
715 2741 915 2805 pronunciata3
937 2740 985 2792 sed
1005 2753 1067 2794 eum

64 2810 128 2864 luerit
139 2813 326 2881 pronunciata,
350 2811 453 2862 auferri
468 2815 573 2864 tentum
590 2811 647 2864 as.
671 2811 742 2864 Sede
766 2816 863 2878 potest.
883 2812 1010 2868 Giraltlus
1032 2813 1068 2868 sd

64 2894 109 2948 op.
117 2885 139 2946 4,
149 2885 182 2939 de
196 2884 284 2938 uland.
300 2883 427 2948 despons.

89 3083 143 3141 444.
161 3077 339 3142 solemnitas
347 3075 460 3145 ,deinde
474 3076 636 3138 intrinseca
650 3083 680 3138 et
697 3077 898 3140 substantialis
915 3081 1069 3142 matrimo-

6 3203 8 3208 -
64 3164 96 3227 rii
113 3167 141 3228 in
158 3187 195 3230 eo
215 3166 363 3241 consistit,
379 3165 460 3243 quod
478 3165 701 3228 matrimonium
722 3183 825 3229 coram
847 3171 979 3246 parocho
997 3187 1069 3246 pro-

68 3256 130 3332 prio,
156 3266 185 3320 et
210 3257 338 3320 estibus
367 3255 568 3316 contrahatur.
596 3257 734 3316 Deiectus
761 3257 850 3334 hujus
875 3258 1071 3320 solemnitatis

69 3347 257 3424 maximopere
270 3347 310 3406 ab
332 3343 463 3431 Ecclesia
478 3350 629 3422 exoptata
652 3352 683 3406 et
706 3347 894 3423 praescriptae
923 3353 992 3406 ante
1014 3363 1073 3407 oon

68 3431 152 3496 mum
167 3433 370 3498 rndenrinum
384 3432 566 3494 matrimonii
581 3433 747 3496 nullitatem
760 3449 822 3494 non
843 3435 985 3494 efferebat
1000 3437 1041 3507 (l)
1060 3451 1069 3508 ς

67 3522 111 3584 ed
123 3522 200 3588 idem
213 3521 418 3586 tridentinum
434 3522 624 3600 perpendens
636 3525 726 3598 mala,
740 3538 808 3601 quae
821 3537 861 3583 ex
877 3519 1077 3592 matrimoniis,
