2560 4080
633 161 792 220 ..494-

190 287 266 346 flunt
278 286 309 344 iu
317 282 521 360 praeiudicium
534 281 719 359 appellantis,
732 282 780 342 vel
793 281 824 341 in
839 284 1043 356 contemplum
1051 275 1196 354 superioris

187 374 306 451 judicis.
320 378 376 432 Per
389 379 601 432 attentatarum
623 369 846 431 revocationem
860 369 959 429 omnia
977 367 1154 429 remittuntur
1169 365 1197 422 iu

190 463 356 540 pristinum,
370 468 404 521 ut
417 462 441 520 si
457 461 529 522 nihil
549 461 723 520 innovatum
740 458 862 518 fuisset:
879 458 960 535 quod
979 456 1130 533 dupliciter
1143 453 1200 512 lieri

190 557 301 629 potest,
325 551 464 611 nimirum
487 549 709 626 principaliter,
738 549 858 624 quaudo
886 548 1043 623 appellans
1068 544 1150 621 petit,
1173 547 1201 600 ut

191 641 290 700 statim
311 646 379 700 ante
398 640 498 700 omnia
516 657 570 715 per
593 639 724 715 judicem
740 636 925 713 superiorem
951 641 1091 694 attentata
1107 631 1204 709 judicis

189 728 348 802 interioria,
370 736 420 789 aut
433 729 526 805 partis
540 735 735 800 revocentur3
750 733 782 786 et
796 727 960 798 amasonia,
976 723 1095 800 quaudo
1105 722 1204 798 appel-

189 821 256 881 lans
269 819 499 896 appellationem
514 818 726 894 prosequendo
744 816 880 889 intendit,
893 821 927 874 ut
943 815 1083 874 innovata
1096 830 1147 890 per
1159 829 1207 888 ap-

190 908 357 985 pellationis
371 900 551 968 senteutiam
568 912 757 982 reparentur.
778 909 886 966 Verum
905 910 1117 963 attentatarum
1129 917 1207 960 revo-
1266 939 1267 962 2

192 997 270 1058 catio
284 1003 390 1071 cessat,
408 997 434 1057 si
445 1002 589 1058 attentata
602 1001 780 1071 purgentur,
801 994 882 1070 quod
903 991 1058 1068 contingit,
1077 989 1207 1062 rumille,

109 1135 110 1140 1
190 1085 220 1146 iu
235 1089 321 1162 cujus
332 1088 466 1146 favorem
479 1084 551 1162 quid
570 1091 688 1160 gestum
702 1083 767 1158 tuit,
780 1082 930 1143 attentatis
946 1099 1030 1158 pure,
1045 1081 1171 1156 legitime
1183 1083 1209 1137 et

190 1175 321 1251 perfecte
334 1174 489 1236 renunciet
503 1191 607 1235 coram
617 1172 719 1249 jndice
732 1171 948 1248 appellationis.

222 1323 258 1390 (t)
272 1323 336 1389 (lap.
351 1324 376 1387 6,
390 1324 424 1376 de
437 1323 525 1391 appel.
543 1323 572 1375 in
584 1322 607 1374 6.
624 1349 655 1360 ·-
670 1321 705 1386 (ἲ)
719 1321 783 1386 Cap.
799 1321 839 1380 il,
854 1320 886 1372 de
899 1319 989 1388 appel.
1002 1321 1084 1386 -·(3)
1099 1318 1208 1371 Dicimus

190 1395 248 1448 sinc
261 1396 423 1448 rationabili
435 1409 525 1460 musa,
542 1395 606 1460 quia
616 1393 727 1462 ludera
740 1407 792 1460 que
805 1394 887 1444 etiam
899 1396 960 1460 post
971 1392 1158 1458 interpositam
1167 1404 1210 1454 ap·
1266 1411 1267 1436 ³

191 1467 365 1533 pollutionem
379 1471 468 1532 potest
486 1481 518 1519 ex
536 1470 614 1533 juxta
628 1480 711 1520 eausa
724 1479 767 1518 ex.
788 1479 829 1530 gr.
843 1465 988 1516 terminum
1007 1464 1042 1514 ad
1058 1476 1211 1530 prosequen-

192 1539 255 1589 dam
270 1538 481 1604 appellationem
497 1539 643 1604 praeliuire,
656 1537 767 1602 publice
777 1536 940 1588 denunciare
950 1536 1211 1596 excommunicatum,

192 1621 272 1673 quem
294 1609 377 1660 talem
403 1609 551 1674 damnavit,
575 1613 746 1675 sequestrum
769 1607 896 1660 beneficii
917 1607 1052 1659 fructibus
1073 1608 1211 1672 imponere,

101 1717 105 1724 .
192 1693 252 1730 cnm
266 1679 344 1732 adest
356 1683 435 1731 timor
450 1680 662 1746 dilapidationis,
676 1680 780 1744 aliquid
794 1682 944 1745 praecipere
954 1679 982 1729 in
995 1679 1115 1731 favorem
1127 1677 1211 1728 matri·

191 1751 284 1814 monii,
300 1751 406 1817 quande
420 1751 497 1804 adest
511 1753 663 1817 periculum
689 1751 849 1811 animarum,
867 1753 895 1802 et
917 1764 1013 1815 cogere
1038 1751 1214 1802 dioecesanum

191 1821 272 1873 etiam
286 1836 336 1889 per
349 1836 479 1875 censuras
493 1825 528 1874 ad
544 1824 647 1890 aliquid
660 1823 824 1882 laciendum,
835 1821 870 1873 ed
881 1821 953 1886 quod
966 1823 1074 1888 exjure
1086 1817 1214 1873 communi

191 1895 306 1953 taretin,
321 1894 385 1946 licet
398 1896 482 1960 jactet
496 1894 677 1960 privilegium,
694 1894 738 1946 vel
752 1893 956 1958 exemptionem.
966 1892 1139 1958 Pellegriuus
1148 1894 1212 1956 part.

191 1964 216 2026 2,
231 1969 295 2018 sect.
313 1965 339 2031 i,
352 1966 380 2016 in
389 1965 413 2026 6,
428 1965 476 2018 ubi
490 1966 558 2018 alius
572 1966 676 2018 similes
689 1979 768 2018 casus
781 1963 868 2017 affert.

226 2127 289 2184 883.
319 2125 451 2202 lienique
479 2132 588 2202 praetcr
619 2125 848 2202 appellationem
881 2125 1002 2202 proprie
1023 2125 1147 2199 dictam,
1164 2121 1217 2183 alia

190 2229 310 2288 quoque
329 2211 437 2272 dantur
457 2214 556 2274 media
571 2215 610 2274 ad
623 2214 755 2291 iniquam
769 2213 945 2274 senteutiam
965 2214 1216 2292 suspendentem,

191 2302 437 2379 reparandamve,
452 2304 620 2380 cujusmodi
633 2311 701 2364 suut
714 2303 877 2364 restitutio:
894 2303 923 2363 iu
935 2303 1098 2380 integrum,
1110 2301 1216 2380 suppli-

191 2391 269 2451 catio
281 2390 344 2450 sive
358 2390 467 2451 revisio
481 2391 645 2466 seutentiae,
656 2398 686 2453 et
700 2392 830 2469 arreptio
845 2391 959 2452 itineris
971 2393 1008 2452 ad
1021 2400 1159 2453 sanctam
1170 2397 1218 2451 Se-

189 2479 268 2539 dcm.
289 2479 444 2539 Restitutio
458 2479 488 2539 iu
511 2481 659 2556 integrum
673 2488 718 2541 est
736 2481 810 2559 juris
830 2483 995 2542 remedium
1010 2481 1216 2542 extraordina-

189 2567 278 2642 rium,
295 2585 354 2644 quo
369 2568 432 2628 laesi
444 2569 475 2629 iu
495 2569 615 2645 judicio,
630 2571 677 2631 vel
698 2577 792 2644 extra,
809 2571 891 2647 justa
906 2572 943 2631 de
957 2589 1049 2631 causa
1067 2588 1126 2646 per
1140 2569 1218 2630 Prin·

191 2656 298 2734 cipem,
312 2659 360 2717 vel
371 2658 480 2730 judicis
494 2659 628 2718 officium
642 2660 672 2718 iu
687 2677 756 2719 eum
769 2658 966 2720 restituuntur
981 2665 1105 2733 statum,
1119 2659 1150 2717 in
1164 2673 1217 2734 quc

193 2752 279 2804 eraut
292 2752 361 2804 ante
374 2747 535 2806 laesionem.
551 2751 621 2807 llaec
635 2747 783 2808 restitutio
796 2765 835 2808 ex
848 2749 942 2824 gratia
961 2765 1020 2808 uon
1034 2754 1140 2825 potest
1159 2745 1219 2806 dari

194 2833 251 2892 nisi
268 2851 286 2892 a
300 2833 453 2911 Principe3
469 2853 508 2896 ex
524 2835 634 2911 justitia
647 2854 719 2896 vero
735 2837 799 2896 dari
813 2844 912 2913 potest
932 2856 950 2897 a
973 2853 1168 2914 quocumque
1179 2837 1218 2910 ju·

195 2922 261 2983 dice
272 2919 433 2999 ordinario,
448 2925 499 3002 qui
513 2943 552 2986 ex
564 2943 654 2986 eausa
668 2926 698 2986 in
712 2927 777 3002 lege
791 2928 956 3003 approbata
969 2927 1102 2988 restituit
1118 2931 1220 2986 centra

195 3013 466 3073 suamsententiam
475 3015 736 3089 interlocutoriam,
748 3023 852 3076 contra
866 3033 1088 3093 quamcumque
1101 3022 1218 3076 senteu—
1266 3075 1267 3084 ,

194 3101 267 3161 tiam
277 3102 385 3178 judicis
399 3102 554 3178 inferioris,
571 3106 619 3166 vel
633 3105 754 3181 aeqrmlis
769 3101 923 3181 potestatis
938 3123 945 3179 3
963 3106 1016 3166 sed
1030 3112 1141 3165 contra
1154 3119 1219 3164 seu·

194 3191 317 3268 tentiam
337 3192 445 3267 judicis
460 3195 622 3270 superioris
643 3212 704 3256 nou
720 3201 818 3271 potest
831 3195 997 3256 restituere.
1013 3193 1123 3254 Petilio
1136 3192 1217 3254 resti-

196 3280 316 3341 tutionis
329 3280 360 3339 iu
373 3281 521 3358 integrum
533 3285 710 3360 regulariter
734 3284 930 3361 proponenda
943 3290 988 3344 est
1001 3284 1079 3344 iutra
1098 3281 1218 3361 quadri·

195 3368 316 3429 ennium
334 3369 414 3429 adia
427 3371 557 3430 taesionis
578 3373 810 3448 computandum
825 3377 884 3447 (tl3
901 3379 931 3433 ct
951 3389 1020 3434 cum
1035 3373 1091 3433 fuit
1117 3387 1215 3432 ceram

192 3456 291 3528 jndice
305 3457 435 3532 legitime
450 3459 603 3534 proposita
613 3461 766 3522 sententiae
776 3463 985 3522 executionem
995 3459 1158 3537 ¹suspendit
1167 3463 1215 3532 (a),

194 3544 413 3619 propterquod
438 3545 545 3606 dicitur
569 3549 701 3624 speciem
718 3551 923 3627 appellationis
937 3552 1100 3614 continere.
1118 3553 1216 3612 Plures
