2560 4080
580 225 743 284 -ttio-

173 351 211 417 (1)
224 347 1163 419 Hisqnidemincasibusnilcontrelustitiemdt,eijudexpartinm.
1276 415 1277 418 Ἴ

143 423 344 485 advocatorum,
358 425 386 474 et
397 425 603 488 procuratorum
618 422 803 476 contentiones
813 423 939 486 refrenet,
953 423 978 474 si
994 422 1108 476 testium
1122 438 1165 478 su·

49 529 53 538 -
142 493 275 562 portuen
289 491 489 546 multitudinem
503 493 634 545 cohibeat.
645 493 728 546 (ilem.
747 493 793 546 cit.
807 489 890 560 Sapo,
905 493 929 546 si
939 494 1115 560 exceptiones
1126 495 1166 547 di·

142 564 253 618 latorias
267 563 390 630 repellat,
404 565 428 616 si
438 567 529 630 partes
541 563 634 616 audiet
646 566 729 616 etiem
739 565 966 630 extrejudloium,
977 565 1001 616 si
1011 568 1096 617 testes
1106 579 1167 618 exs-
1276 595 1277 598 =

141 636 227 688 minet
241 649 297 687 non
310 635 416 699 citatos,
437 649 505 702 qnos
524 648 618 687 secum
637 637 843 702 partes-serunt,
858 638 886 688 et
907 636 931 688 ei
957 635 1073 688 testibus
1087 636 1168 689 tidem

141 707 250 766 hebeat,
265 708 312 774 qui
328 707 469 772 assignent
480 719 590 760 musam
603 711 707 760 tontum
722 707 913 770 verosimilem,
926 707 971 759 vel
987 721 1021 758 ex
1034 709 1098 772 jnre
1114 722 1168 762 non
1276 733 1277 770 ι

141 777 244 832 hebent
312 779 317 792 '
348 779 404 830 onii
413 779 517 832 terendi
531 778 800 846 onpeoitotem,quia,
815 777 999 840 ntdicisolet,
1010 778 1170 845 100100000-

142 849 214 904 cedit
229 851 285 902 solu
311 849 367 905 ccli
380 850 494 904 veritate
507 851 636 916 inspectu.
651 849 774 903 Marants
787 851 839 903 loc.
861 850 907 902 cit.
926 863 953 901 n.
969 849 1008 902 31.
1033 850 1121 902 Immo
1134 864 1167 902 ex

140 921 220 988 praxi
230 921 319 988 judici
332 921 460 974 ordinarii
473 922 568 988 nequit
577 921 662 988 judex
683 923 775 987 partes
788 923 818 973 in
839 924 942 973 secreto
962 921 1077 982 audire3
1101 921 1166 974 alios

140 992 237 1046 heberi
249 997 343 1059 posset
353 997 490 1059 tamqnam
500 997 653 1059 suspectus.
665 993 702 1045 lit
712 991 854 1059 injudicio
869 993 1015 1044 summario
1027 993 1114 1057 judex
1127 995 1165 1044 te·

137 1067 228 1125 netur,
240 1078 271 1119 ee
284 1067 354 1129 perti
368 1064 508 1128 exhibere,
519 1064 684 1132 ubicumque
695 1064 746 1116 illa
757 1078 850 1118 secum
860 1062 961 1130 alloqui
971 1062 1097 1124 voluerit,
1109 1063 1166 1117 sive
1196 1075 1199 1084 ’
1276 1113 1277 1126 ,

138 1136 168 1188 in
179 1136 238 1190 loco
254 1136 407 1202 tribunalis,
424 1137 482 1189 sire
495 1135 577 1200 domi,
592 1135 650 1189 sive
661 1135 736 1199 alibi,
745 1149 824 1190 secus
837 1135 925 1204 ipsum
934 1137 1040 1200 partem
1052 1148 1168 1202 gravere
1260 1183 1262 1186 .
1276 1137 1277 1172 ³

137 1206 287 1262 videretur.
299 1207 408 1262 Riccius
419 1206 501 1262 resol.
514 1207 555 1268 lt,
565 1221 594 1261 n.
606 1207 631 1260 2.

172 1415 291 1474 00010
313 1409 459 1487 civilibus,
482 1416 513 1472 et
536 1410 751 1489 temporalibus
768 1412 870 1488 plnres
891 1416 961 1472 sunt
981 1425 1082 1471 causae
1104 1409 1164 1472 hoc
1276 1481 1277 1490 ,

135 1501 227 1564 mode
240 1500 277 1562 00
291 1501 421 1575 bomine,
437 1501 485 1562 vel
505 1517 525 1562 0
545 1500 617 1577 ,iure
636 1501 837 1577 privilegiatae.
852 1505 956 1561 Gausae
977 1498 1022 1560 sic
1040 1499 1163 1577 privile-

137 1591 225 1667 giem
237 1590 276 1650 ab
287 1589 410 1651 homine
423 1596 493 1650 sunt
505 1590 573 1664 illae,
588 1606 655 1666 quae
667 1607 687 1650 e
698 1605 816 1652 summo
829 1589 972 1650 Pontiflce
984 1589 1166 1665 delegantur
1249 1596 1253 1602 '
1276 1659 1277 1672 1

137 1695 208 1740 cum
219 1679 363 1752 clausula,
377 1677 560 1754 simpliciter,
575 1685 601 1740 et
615 1678 650 1738 de
667 1678 768 1756 plano,
786 1679 850 1740 slot
872 1678 999 1754 strepltu
1009 1684 1039 1738 ot
1064 1678 1166 1754 fiptou

131 1767 258 1846 judicli3
273 1773 326 1828 eut
339 1759 409 1828 olim
423 1767 565 1844 clausule,
588 1775 705 1828 serenta
728 1775 848 1828 1001000
860 1767 994 1843 equitate
1003 1767 1165 1843 000100ος

137 1862 189 1918 unt
202 1855 292 1916 etiam
305 1871 376 1916 cum
389 1855 533 1931 clausula,
546 1855 611 1916 solo
627 1857 700 1931 sacti
712 1857 834 1917 0000010
850 1857 989 1932 inspecta.
1014 1853 1065 1916 His
1084 1854 1165 1916 enim
1276 1909 1277 1930 ,

138 1943 278 2006 clausulis
290 1943 480 2004 menifestum
501 1949 548 2004 est
564 1943 710 2020 judicium
727 1945 922 2006 summarium
941 1943 1089 2004 contineri
1110 1949 1168 2019 (l).

136 2033 241 2096 sedin
254 2049 365 2110 genere
377 2033 419 2094 ite
430 2049 538 2094 causae
551 2033 690 2110 delegere
703 2039 804 2110 potest
818 2039 933 2094 tantum
944 2049 1079 2094 summus
1090 2037 1171 2094 Pon·

138 2121 221 2198 tifex,
231 2121 300 2200 qnia
310 2121 360 2183 hic
370 2121 552 2199 procedendi
563 2123 671 2184 modus
676 2123 752 2198 jurIs
764 2122 930 2184 communis
938 2122 1168 2184 correctionem
1276 2127 1277 2130 ’

138 2211 281 2288 continet,
296 2227 388 2290 quem
401 2227 490 2272 nemo
503 2202 603 2272 iacere
616 2217 726 2288 potest,
743 2212 799 2272 nisi
813 2212 877 2288 ipse
890 2210 1035 2272 Pontifex.
1050 2211 1166 2272 Nihilo-

136 2301 236 2364 minus
250 2300 409 2378 cpiscopus
431 2307 530 2378 polest
550 2317 655 2362 causas
674 2302 860 2363 committere
872 2299 1034 2362 summarie
1048 2317 1169 2378 cogno-

136 2391 274 2466 scendae,
286 2397 317 2452 et
328 2389 425 2452 dictae
438 2390 586 2451 clausulas
596 2389 626 2450 in
639 2407 694 2450 eun
707 2390 893 2467 delegatione
903 2389 1047 2464 inserere,
1066 2406 1167 2467 quan·

136 2481 177 2541 do
190 2480 288 2558 agitur
302 2479 341 2540 de
355 2495 449 2541 0οιιο0
463 2479 501 2540 ab
513 2477 580 2557 ipso
590 2477 658 2558 ju'rc
672 2478 834 2540 summaria
846 2478 1007 2550 declarate,
1031 2484 1065 2540 ut
1088 2478 1174 2541 inira

135 2565 239 2632 ¹uidere
252 2569 319 2646 erit,
335 2567 405 2648 quia
419 2567 452 2630 in
463 2568 523 2630 hoc
534 2585 618 2646 0000,
632 2569 714 2630 00110
726 2575 772 2632 eet
788 2567 865 2646 juris
878 2567 1046 2631 communis
1059 2585 1171 2632 conre-
1276 2583 1277 2586 ’

137 2659 197 2722 ctio
212 2663 264 2733 (0).
326 2719 329 2728 .

166 2825 202 2892 (1)
215 2825 361 2891 Delegatus
374 2826 482 2879 tenetur
494 2823 546 2878 boc
567 2837 633 2878 cusu
652 2824 798 2878 summarie
817 2823 975 2892 procedere,
995 2823 1049 2876 nisi
1066 2825 1167 2891 partes

136 2897 313 2958 consentiant,
326 2899 358 2952 ut
369 2896 536 2951 ordinarium
547 2895 680 2962 judicium
694 2897 859 2950 instituatur.
874 2895 961 2950 illem.
977 2898 1023 2950 cit.
1039 2890 1116 2964 Sapo
1130 2896 1170 2952 de
1276 2959 1277 2966 ,

136 2969 214 3026 verb.
233 2967 325 3036 signin
340 2997 371 3008 -
384 2968 418 3036 (ll
432 2967 613 3036 Ridolpbinus
628 2967 679 3021 loc.
694 2967 739 3020 cit.
753 2981 782 3020 n.
796 2967 837 3020 60.

1276 3127 1277 3156 l

171 3177 235 3236 001.
248 3177 351 3234 cause
364 3187 437 3234 vero
451 3171 643 3250 privilegiam
656 3188 696 3232 ex
705 3171 773 3250 jure
787 3169 934 3233 canonico
948 3177 1019 3234 sunt
1030 3189 1038 3233 ι
1048 3175 1080 3232 1ο
1090 3187 1169 3233 cau-
1276 3205 1277 3210 κ

136 3280 179 3324 se
192 3263 231 3330 de
249 3261 401 3324 beneflciis
413 3260 630 3337 ecclesiasticis,
650 3261 702 3324 ubi
716 3262 814 3340 egitir
831 3261 869 3322 de
882 3261 1088 3336 electionibus,
1103 3277 1163 3337 po-

137 3351 356 3426 stulationibus,
380 3351 428 3413 vel
441 3349 671 3427 provisionibus,
691 3357 742 3413 aut
759 3351 797 3411 de
813 3351 1035 3435 personatibus,
1062 3349 1165 3428 digni-

138 3439 257 3514 tatibus,
285 3440 401 3513 offioiis,
428 3440 660 3514 canonicatibus,
675 3441 723 3502 vel
748 3439 927 3517 prebendis,
942 3457 1010 3521 eeu
1036 3441 1166 3517 quibus-

137 3527 184 3585 00
195 3527 348 3589 beneflciis
358 3526 578 3602 ecclesiasticis,
592 3529 633 3590 ed
651 3531 792 3592 ellectum
811 3529 998 3608 providendi,
1011 3545 1050 3590 ne
1064 3529 1164 3591 ecole-

138 3611 189 3672 siae
210 3615 251 3673 ob
273 3615 450 3692 vacantiam,
473 3624 525 3677 eut
549 3617 764 3683 dilationcmin
790 3618 1001 3698 spiritualibus,
1026 3625 1057 3681 et
1084 3625 1166 3682 tem·
