2560 4080
522 223 688 290 -too,-
803 247 806 274 ι

86 372 88 382 ,
122 343 154 410 (l)
167 345 229 411 cap.
246 345 286 411 ro,
298 345 332 399 de
342 349 412 400 sent.
428 349 455 398 et
464 360 493 398 re
504 346 590 413 judie.
605 349 633 400 et
643 359 705 412 esp
722 348 733 398 l
747 346 780 400 de
792 350 897 414 exeept.
911 375 942 386 -
953 348 989 413 (l)
1004 349 1070 415 cap.
1084 350 1110 410 6,

93 415 147 468 eod.
163 443 195 456 -
208 418 243 482 (3)
257 418 320 482 Gap.
337 417 360 481 l,
374 417 432 470 end.
449 418 478 469 in
491 419 515 469 6.
531 418 599 470 llaee
618 417 741 484 exceptio
755 419 930 486 proponenda
944 423 985 472 est
999 434 1015 471 a
1032 424 1110 485 parte

91 487 216 552 litigante.
238 488 345 555 quemn
367 489 615 542 excommunicatus
635 495 677 542 ost
697 489 837 555 toleratus,
850 495 878 542 et
894 491 966 543 intra
978 497 1037 544 noto
1049 491 1109 544 dies

91 559 235 624 probanda,
249 561 318 612 alias
339 573 480 626 opponens
500 561 720 613 condemnandus
733 565 776 613 est
789 561 818 612 in
831 573 963 626 expensas
976 578 985 624 ς
1000 563 1108 628 quando

90 641 149 681 varo
162 631 406 684 exeommunioatus
422 637 465 684 est
477 632 613 691 vitandus,
623 632 709 698 judex
728 645 761 684 ex
779 632 864 685 ollleio
889 633 1046 686 debetcum
1062 648 1106 686 re·

89 701 193 764 pellere.
208 704 272 768 Cap.
290 704 327 761 lt.
342 704 402 755 eod.
412 711 438 755 et
452 717 513 770 esp.
530 703 552 768 t,
567 704 626 756 eod.
641 705 669 755 in
683 704 708 755 6.
728 729 758 744 -
778 704 811 768 (l)
824 704 914 758 ludex
932 704 1015 757 debet
1029 705 1106 770 pert-

89 776 127 823 ter
139 773 284 839 attendero,
296 779 327 826 ut
339 774 453 827 ultimus
468 774 497 826 in
511 774 677 841 replicando,
691 775 735 827 vel
748 775 936 843 respondendo
949 776 986 828 sit
1002 791 1073 829 raus.

120 919 179 975 828.
200 915 358 976 Dilationes
380 915 500 994 proprie
524 917 612 978 dietae
634 924 703 978 sunt
726 917 855 992 termini,
877 917 940 978 sive
966 917 1108 993 induciae,

88 1019 150 1080 quae
162 1004 296 1080 partibus
307 1005 487 1080 litigantibus
499 1006 537 1065 ad
548 1007 732 1082 respectivos
744 1022 847 1066 earum
857 1005 1011 1082 judiciales
1022 1015 1109 1068 aetus
1206 1021 1207 1024 ’

88 1093 317 1168 expediendosa
330 1094 405 1170 lege,
423 1095 470 1155 vel
483 1094 693 1168 conventione,
710 1095 758 1155 vel
772 1093 871 1170 Judiee
887 1096 1107 1158 conceduntur.

88 1182 184 1242 Plures
196 1182 226 1242 in
241 1182 372 1259 quolibet
382 1183 493 1258 judicio
506 1183 617 1246 similes
639 1189 802 1244 eeeurrunt
816 1175 946 1256 termini3
962 1184 1017 1244 sed
1031 1201 1109 1262 prae·

88 1269 163 1346 eipui
172 1278 251 1344 eunt,
262 1270 392 1346 quiante
403 1270 483 1332 litem
493 1279 690 1333 contestatam
700 1272 809 1332 dantur
820 1273 859 1332 ad
870 1265 1105 1346 deliberandum,

88 1358 134 1433 qui
146 1367 214 1434 post
228 1359 309 1420 litem
324 1366 521 1420 contestatam
544 1360 652 1420 dantur
676 1361 712 1420 ad
737 1360 934 1436 probandum,
951 1360 1106 1445 quiquein

86 1447 185 1508 ultima
194 1448 297 1524 Judieii
311 1456 395 1524 parte
409 1449 447 1508 ad
459 1449 636 1510 sententiam
650 1450 858 1526 exequendam
872 1451 1106 1512 constituuntur.

86 1537 164 1597 Unde
176 1536 333 1596 dilationes
346 1536 410 1597 aliae
423 1537 787 1609 dicunturdeliberetoriae‚
800 1538 864 1598 aliae
876 1539 1059 1615 probatoria,
1077 1546 1108 1600 et

87 1624 148 1686 aliae
160 1627 340 1686 eaeeetorta.
357 1630 401 1686 Ex
411 1629 478 1702 jure
492 1627 695 1688 eeclesiastico
715 1628 824 1688 borum
839 1627 1035 1689 terminorum
1049 1628 1105 1688 du-

86 1713 157 1773 ratio
169 1713 346 1791 regulariter
361 1721 407 1774 est
416 1715 509 1792 judici
522 1714 688 1790 arbitraria,
702 1716 772 1793 quia
785 1716 816 1776 in
830 1717 924 1777 saeris
936 1717 1102 1782 maenibus

86 1819 143 1862 uon
157 1801 306 1864 invenitur
319 1803 438 1863 definita
460 1807 518 1878 (l);
542 1805 597 1864 sed
615 1804 674 1864 hoe
692 1805 847 1866 arbitrium
865 1806 1000 1882 prudens
1017 1813 1047 1867 et
1067 1823 1107 1866 ae·
1222 1868 1226 1876 ,

87 1891 174 1967 quum
188 1909 257 1954 esse
270 1891 359 1953 debet
374 1910 381 1951 :
397 1908 468 1953 nam
484 1892 517 1978 sil
527 1892 646 1954 termini
665 1893 806 1969 assignati
824 1895 864 1954 ad
882 1894 1036 1970 negotium
1051 1912 1106 1956 ex·-

36 1983 40 1988 '
85 1981 263 2056 pediendum
276 1979 363 2042 nimis
376 1981 482 2071 breves
495 1982 564 2056 sint,
573 1983 657 2060 justa
670 1983 760 2042 intrat
773 1983 931 2060 appellatio
946 1988 957 2059 (
977 1989 998 2057 ).

113 2093 252 2183 (li'lnrmo
270 2116 412 2168 arbitrium
429 2116 482 2170 boo
497 2117 632 2185 reperitur
644 2120 735 2184 ajuro
748 2119 902 2186 probatum.
918 2081 983 2186 Cap.
1010 2117 1103 2184 Quoad

84 2187 303 2325 ggrttistfltg’ligngr'r
313 2187 426 2325 {lzsent
438 2193 465 2241 et
474 2188 568 2256 rejud.
582 2193 609 2241 et
618 2203 675 2254 cap.
688 2187 755 2242 {lum
766 2189 802 2242 sil
813 2189 846 2242 de
857 2189 948 2258 appel.
962 2216 993 2228 -
1002 2187 1038 2256 (l)
1047 2192 1105 2242 De·

115 2429 175 2487 829.
194 2425 390 2488 Nihilominus
402 2425 432 2506 in
446 2425 532 2502 praxi
547 2424 690 2487 terminus
704 2425 930 2487 deliberatorius
944 2426 1022 2487 solet
1036 2443 1105 2488 esse

84 2514 268 2590 lllldiemm,
282 2522 316 2576 ut
328 2531 399 2576 reus
412 2521 502 2591 queat
510 2515 608 2598 libello
621 2515 817 2590 respondere,
831 2522 865 2576 ut
876 2532 968 2593 supra
977 2516 1042 2592 jam
1056 2516 1109 2576 ob·

84 2604 274 2664 servarimus.
301 2603 455 2664 Terminus
481 2620 554 2665 vero
581 2604 773 2679 probatorius
800 2621 863 2664 non
892 2603 1010 2664 videtur
1039 2621 1108 2666 esse

84 2708 170 2767 posse
190 2683 290 2754 minor
307 2696 355 2754 XV
372 2691 487 2765 diebus,
508 2691 559 2768 qui
581 2699 681 2769 potest
702 2692 885 2769 assignaris
905 2693 1016 2770 judice,
1038 2693 1108 2754 lieet

84 2789 181 2856 partes
197 2799 259 2842 non
274 2787 387 2858 petant,
401 2788 432 2841 et
444 2781 618 2857 regulariter
632 2798 694 2843 non
712 2782 800 2842 debet
821 2781 947 2844 concedi
969 2781 1024 2842 nisi
1038 2783 1105 2844 uni·

86 2886 136 2930 eus
149 2875 206 2944 (l);
223 2887 295 2931 casu
309 2876 408 2930 tamen
422 2887 482 2947 quo
497 2871 595 2947 aliqua
606 2871 686 2948 justa
702 2871 780 2932 adsit
800 2888 903 2946 eausa,
919 2872 965 2932 vel
979 2871 1106 2948 impedi·

83 2967 227 3033 mentum,
241 2976 310 3020 eum
321 2958 365 3020 rei
376 2959 514 3024 examine
528 2966 626 3036 potest
639 2960 787 3035 renovari,
798 2967 829 3022 et
841 2962 918 3022 laeta
929 2960 1108 3036 diligentiori

85 3065 182 3109 oausae
202 3048 380 3124 cognitione,
403 3056 503 3124 potest
525 3050 613 3110 tertio
633 3050 731 3110 adhue
753 3051 887 3123 concedi,
907 3051 1041 3112 sednon
1061 3052 1107 3112 ul·

84 3142 127 3196 tra
139 3143 191 3212 (2).
203 3137 356 3198 Terminus
369 3138 497 3214 denique
511 3139 696 3216 executionis
709 3145 755 3200 est
767 3143 839 3200 xxx
853 3140 978 3214 dierum,
987 3141 1107 3218 quando

85 3243 102 3284 a
116 3227 264 3288 sententia
277 3228 459 3304 appellatum
471 3227 525 3288 luit
539 3233 594 3302 (3);
609 3237 639 3290 el
650 3229 771 3306 quando
785 3229 930 3290 sententia
947 3230 977 3290 in
990 3229 1106 3305 jndice-

23 3331 27 3336 ·
84 3318 146 3374 tum
160 3315 306 3390 transivit,
321 3323 368 3376 est
380 3323 508 3394 quatuor
525 3318 672 3378 mensium
694 3318 725 3377 in
745 3317 863 3378 actione
883 3317 1033 3395 personali
1053 3319 1106 3392 (l),

85 3401 115 3461 in
137 3404 254 3465 actione
275 3421 348 3465 vern
371 3405 454 3480 reali,
475 3405 525 3465 ubi
546 3423 596 3466 res
616 3405 655 3467 sit
676 3423 819 3483 presens,
835 3407 935 3467 statim
955 3412 1023 3483 post
1042 3421 1108 3466 rem

72 3554 76 3562 ,
82 3490 244 3565 iudicatam
255 3492 401 3554 sententia
412 3493 521 3572 exequi
533 3501 643 3571 potest,
661 3502 697 3556 ut
711 3495 788 3556 inira
800 3494 976 3556 ridebimus.

113 3615 150 3682 (¹)
165 3615 229 3685 Gap.
242 3605 375 3675 obmuluit
384 3618 419 3674 de
429 3618 498 3674 odie.
511 3619 599 3687 delae.
615 3606 717 3688 at‘aap.
738 3619 823 3686 mem
843 3617 936 3676 litibus
951 3618 986 3678 de
999 3617 1053 3674 dol.
1076 3622 1106 3674 et
