2494 4062
602 189 640 240 ’-’
659 199 695 254 32
713 228 749 239 -

162 317 344 380 atrociorem
356 325 484 390 tantum,
501 320 711 396 010000100000
728 319 890 382 caminam
901 320 957 381 sibi
967 328 1128 384 reservent
1143 328 1202 400 (3),

163 423 260 484 neque
286 407 461 484 regulariter
480 426 545 484 eos,
567 409 681 490 ¹quibus
710 427 829 470 annexa
849 416 894 472 est
921 413 1204 475 excommunicatio

161 498 329 571 maiornon
344 504 507 573 reservato,
530 499 576 558 vel
598 515 676 558 onus
694 499 899 574 restitutionis,
921 507 973 561 aut
984 502 1108 561 alterius
1121 520 1202 579 ope-

160 584 217 658 ris,
234 603 332 663 neque
345 585 474 663 denique
492 604 555 660 eos,
570 589 621 664 qui
636 589 673 648 ad
689 588 787 649 earnis
800 596 925 666 peccota
940 591 1112 651 referuntur
1124 609 1202 668 pro-

159 681 225 751 0100
235 675 402 750 pericolum
415 675 627 738 scandalorum
642 681 693 749 (l).
709 683 835 738 Possunt
852 677 955 755 utique
977 679 1118 756 Episcopi
1137 681 1201 741 hae

159 762 299 824 facultate
313 763 357 824 uti
371 765 523 840 quomodo
536 766 580 824 eis
592 765 709 826 libuerit
723 783 778 841 per
791 766 932 840 edictum,
947 769 995 827 vel
1009 785 1064 843 per
1079 769 1200 844 episto-

160 853 231 926 lem,
246 853 299 912 sed
314 852 444 930 expedit,
461 859 494 913 ut
513 853 572 915 hoc
594 862 736 930 peragant
761 861 877 915 tantum
894 856 924 914 in
940 857 1062 932 synodo
1077 857 1198 920 (110000-

160 957 234 1000 sena
250 941 289 1000 ob
303 941 446 1017 rationes,
464 959 538 1019 quas
552 943 639 1005 011001
650 943 826 1006 Benedictus
839 947 898 1004 lllll
913 947 964 1018 (1,).

188 1122 225 1189 (1)
236 1124 308 1176 Trid.
323 1125 368 1176 cit.
386 1137 453 1177 sess.
473 1137 530 1188 000.
553 1125 576 1177 7.
596 1125 676 1187 -111
699 1126 730 1178 S.
747 1125 830 1191 cong.
846 1125 999 1179 Planuarii
1016 1127 1086 1195 tout,
1100 1142 1193 1195 penes

157 1193 297 1246 Giraldnm
308 1195 342 1246 ed
356 1196 400 1246 cit.
419 1209 479 1262 cap.
495 1197 568 1249 Trid.
584 1223 614 1234 -
627 1197 663 1262 (3)
674 1196 701 1248 S.
718 1198 800 1262 cong.
822 1197 853 1248 16
867 1199 992 1250 novemb.
1011 1199 1084 1262 1601,
1099 1214 1191 1266 penes

158 1265 299 1318 Giraldum
313 1267 371 1319 eod.
386 1267 435 1320 loc.
455 1295 486 1304 —
500 1267 536 1333 (l)
549 1268 634 1334 Epist.
650 1269 751 1334 encycl.
771 1269 858 1334 ejusd.
878 1270 906 1320 S.
928 1269 1010 1336 Coog.
1029 1285 1115 1338 penes
1138 1271 1189 1323 Gi·

157 1337 265 1390 reldum
278 1339 328 1390 loo.
346 1339 534 1402 011.-·-15)Ι)0
549 1339 646 1403 Syood.
666 1340 682 1390 l.
703 1343 726 1390 5.
742 1354 766 1391 0.
781 1339 804 1390 1.
822 1339 874 1391 Η10
889 1340 956 1392 illud
970 1345 1012 1392 est
1028 1343 1189 1402 notandum,

158 1408 230 1474 quod
245 1423 323 1460 nemo
341 1412 429 1474 potest
446 1423 462 1460 a
477 1410 585 1461 casibus
601 1411 733 1474 Episcopo
754 1411 901 1463 reservatis
915 1412 1061 1477 absolvere,
1078 1414 1186 1464 etiamsi

157 1479 271 1532 haberet
283 1480 438 1532 lacultatem
448 1481 604 1532 absolvendi
619 1481 653 1532 ab
669 1482 795 1533 omnibus
815 1483 924 1534 casibus
938 1485 1000 1535 Sodi
1019 1483 1187 1549 Apostolicae

158 1551 313 1602 reservatis.
328 1551 388 1602 Bul.
410 1547 535 1619 Superba
554 1552 698 1603 Clementis
723 1553 758 1612 X,
782 1557 810 1605 et
832 1555 939 1606 etiamsi
954 1559 1025 1606 esset
1038 1556 1072 1608 de
1085 1554 1189 1608 Ordine

161 1621 287 1672 Fratrum
305 1622 523 1674 mendicantium.
540 1623 666 1674 Gireldns
680 1623 715 1674 ad
731 1637 791 1690 cap.
812 1625 835 1687 1,
854 1624 926 1678 Sess.
940 1625 982 1686 13,
996 1627 1072 1678 Trid.
1085 1625 1119 1680 de
1137 1627 1187 1679 ret.

159 1692 208 1746 ubi
222 1691 301 1746 affert
313 1693 523 1760 propositionem
533 1693 688 1746 damnatam
701 1695 736 1746 ab
749 1697 904 1748 Alexandro
916 1697 977 1750 Vll.

151 1905 155 1939 ³
193 1900 257 1959 336.
273 1899 386 1959 Summi
399 1897 557 1959 Pontifices
578 1895 634 1956 sibi
654 1898 852 1973 quorumdam
879 1913 1005 1958 casuum
1024 1898 1188 1960 absolutio-

157 2004 226 2048 nem
247 1993 402 2048 reservant
423 1994 546 2064 propter
571 1985 692 2061 aliquod
713 1985 921 2060 gravissimum
942 1993 1116 2062 peecatum,
1139 1991 1188 2051 oui

156 2083 282 2137 nonest
303 2076 442 2152 adjuncta
465 2074 746 2148 excommunicatio,
769 2076 851 2151 quod
865 2075 1018 2136 rarissime
1031 2075 1185 2151 contingit,

155 2167 203 2226 vel
218 2172 342 2242 propter
350 2165 495 2241 majorem
507 2163 847 2226 excommunicationem
868 2171 1050 2224 reservatam
1062 2172 1186 2241 peccato

155 2255 334 2331 adjunctam.
351 2259 476 2328 Propter
484 2251 691 2328 gravissimum
699 2259 856 2328 peccatum
866 2268 983 2312 summo
996 2252 1130 2312 Pontifici
1137 2270 1185 2314 re-

156 2351 306 2404 servatur:
322 2349 353 2402 1ο
366 2343 483 2402 Crimen
498 2341 692 2401 ordinationis
701 2343 738 2400 ab
749 2341 896 2418 Episcopo
910 2343 996 2401 tectae
1008 2342 1046 2402 de
1061 2342 1181 2418 clerico,

156 2431 207 2509 qui
220 2439 266 2491 est
287 2430 423 2491 inhabilis
435 2447 488 2506 per
507 2430 674 2500 scientiam,
689 2435 740 2489 aut
761 2434 890 2503 aetatem,
905 2432 952 2490 vel
966 2429 1104 2507 indignus
1114 2448 1185 2506 pro-

154 2531 222 2596 pter
235 2519 427 2592 nativitatem,
444 2525 474 2579 et
487 2535 597 2591 mores,
613 2519 661 2578 vel
674 2523 835 2577 extraneos
848 2517 961 2593 absque
979 2519 1025 2577 sui
1042 2517 1184 2579 ordinarii

155 2607 402 2670 commendatitiis
421 2607 536 2680 litteris,
556 2608 605 2667 vel
619 2607 675 2666 0110
695 2607 733 2666 de
748 2622 838 2666 causa
852 2605 891 2666 ad
903 2606 1114 2683 praescriptum
1121 2607 1183 2667 τ101-

150 2696 268 2758 dentini
281 2699 358 2758 male
372 2702 538 2773 promotus.
558 2695 606 2756 Sic
627 2695 705 2756 enim
724 2693 868 2754 ordinans
883 2695 1082 2771 suspenditur,
1097 2703 1126 2757 et
1139 2692 1184 2756 sui

151 2785 289 2846 beneficii
300 2785 445 2845 fructibus
458 2784 605 2863 privatur,
621 2801 658 2843 00
671 2788 787 2844 tantum
800 2783 838 2842 ab
851 2783 897 2842 his
911 2784 1011 2860 poenis
1031 2802 1049 2844 a
1068 2801 1182 2845 summo

154 2875 298 2936 Pontifice
315 2875 430 2934 absolvi
443 2879 541 2951 potest
556 2878 608 2948 (1).
624 2877 653 2932 2⁰
667 2873 783 2932 Crimen
802 2874 958 2932 calumniae
971 2873 1058 2947 illius,
1073 2872 1121 2948 qui
1132 2879 1182 2934 Sa-

155 2964 308 3024 cerdotem
321 2963 513 3024 innocentem
528 2963 607 3038 apud
621 2962 810 3037 Superiorem
824 2961 1059 3022 ecclesiasticum
1071 2963 1108 3022 de
1125 2964 1181 3024 sol-

153 3049 314 3113 licitatione
323 3059 444 3112 accuset
457 3068 511 3128 per
526 3069 569 3125 se,
589 3056 639 3110 aut
662 3059 813 3127 procurat,
834 3058 867 3109 ut
887 3049 964 3110 alius
981 3056 1108 3110 accuset.
1121 3056 1182 3111 lloc

82 3201 85 3208 ,
153 3149 312 3219 peccatum
340 3144 451 3202 nullam
476 3141 567 3199 habet
590 3140 763 3216 adjunctam
788 3138 1134 3208 excommunicationem,
1154 3147 1183 3200 et

153 3239 254 3316 tamen
270 3236 316 3291 est
333 3235 361 3290 S.
375 3228 444 3290 sedi
457 3234 643 3288 reservatum
658 3231 709 3300 (E).

188 3319 312 3394 Propter
328 3307 669 3370 excommunicationem
682 3323 755 3366 vero
769 3313 893 3382 peccato
908 3308 1080 3384 adjunctam
1093 3307 1178 3386 pluri-

155 3403 196 3462 mi
211 3417 328 3461 summo
339 3397 474 3459 Pontifici
483 3404 675 3458 reservantur
688 3413 788 3471 casus,
801 3414 928 3472 quorum
938 3398 986 3458 alii
996 3401 1179 3460 continentur

152 3489 448 3561 10801106000013),
465 3493 496 3547 et
515 3486 563 3546 alii
585 3487 655 3560 huo,
673 3493 703 3546 et
717 3486 787 3545 illuc
801 3486 833 3544 in
849 3487 1044 3549 conciliorum
1060 3488 1176 3548 canoni-

151 3578 219 3654 bus,
234 3587 264 3640 et
279 3579 310 3640 in
324 3576 499 3656 apostolicis
517 3574 784 3640 constitutionibus
807 3575 998 3638 inveniuntur
1013 3581 1063 3651 (1).
1080 3584 1177 3638 110000-
