2432 4078
595 130 757 189 ...m-

151 269 212 330 quo
230 252 292 312 vito
310 251 340 312 in
357 249 458 313 omnia
475 249 608 310 membra
632 251 816 310 diffunditur.
838 250 978 316 Profecto
998 255 1102 310 sancto
1122 249 1172 308 iio-
1199 265 1201 268 ·

142 357 246 402 mono
253 338 407 400 Gothoiicc
417 346 449 397 ct
463 338 627 414 Apostolioo
641 338 769 399 Emicaio
780 337 873 398 nattis
883 338 1026 412 runconia
1035 338 1174 398 constitu-

150 431 189 488 tis
203 427 311 488 catoris
322 426 456 486 uoluta
467 427 592 502 prolato
607 434 648 486 est
659 444 669 504 3
686 427 737 486 aeci
750 425 914 500 cenopolim
929 425 1135 497 poenitemini,
1150 433 1175 484 ct

142 515 316 582 ,Saloutaria
329 515 427 576 nostri
437 515 605 590 primatem
619 514 744 574 obtinuit
757 517 810 588 (t).
831 519 866 574 Et
886 513 954 573 ideo
968 513 1007 574 eb
1021 511 1105 574 initio
1118 531 1174 590 prae

147 602 263 664 cotue
278 602 425 679 ampliore
445 603 535 675 bona,
552 609 582 662 et
601 601 633 662 in
646 601 787 664 universo
800 601 914 663 mundo
929 600 1057 662 obtinuit
1070 605 1124 674 (2);
1140 617 1174 660 ac

147 690 365 768 posterioribus
390 691 575 768 temporibus
595 690 716 752 arctiori
738 689 859 752 vinculo
879 707 936 750 sua
955 691 1035 750 bona
1060 689 1174 750 fuerunt

138 780 322 854 coneneie,
335 797 406 842 cnm
428 780 459 840 in
477 779 550 856 ipsis
564 779 652 842 cadat
665 786 782 843 tantum
795 779 965 842 centenaria
979 777 1172 855 prescriptio,

144 869 219 930 dum
239 869 272 930 in
290 867 355 930 eliis
374 870 500 954 Qum
518 869 720 932 Ecclesiorum
736 869 835 949 bonis,
856 870 921 930 sola
942 868 1174 944 quadragenaria

148 957 278 1022 sufficio
293 961 349 1031 (3).

178 1131 215 1197 (t)
226 1131 290 1184 Gan.
309 1130 333 1194 3,
344 1131 407 1184 dist.
420 1129 460 1182 at.
477 1129 537 1182 Hac
545 1129 580 1182 de
589 1143 619 1182 re
628 1127 870 1183 iemntNiooicum
881 1131 982 1196 Papam
994 1143 1044 1196 per
1054 1131 1175 1182 sanctum

145 1203 259 1256 Petrum
272 1203 433 1256 Damiannm
446 1202 577 1266 legatam
587 1215 669 1254 sunm
694 1201 939 1254 Mediolanensibus
957 1202 1112 1264 nunciasse,
1128 1201 1173 1252 de-

147 1273 298 1326 trahentem
311 1274 424 1328 cuilibet
437 1273 558 1326 ecclesiae
578 1274 625 1338 J'us
642 1285 722 1326 snum
736 1286 796 1326 esse
813 1274 954 1340 injustum,
968 1273 1016 1326 sed
1030 1273 1175 1324 violantem

146 1345 275 1396 Ecclesia
288 1345 420 1397 Romano
434 1341 607 1408 privilegium
621 1343 655 1394 oh
670 1343 728 1410 ipso
745 1357 851 1398 summo
864 1345 983 1397 omnium
999 1342 1174 1394 ecclesiarum

144 1415 234 1482 capite
246 1415 376 1468 traditum
388 1427 449 1466 esse
463 1413 631 1466 hoereticum.
645 1414 710 1465 Gen.
727 1414 750 1474 1,
763 1414 826 1468 dist.
844 1415 884 1466 ii.
896 1441 926 1454 -
936 1414 971 1478 (i)
989 1415 1093 1464 Auctor
1106 1412 1170 1464 lost

145 1499 204 1538 cen.
223 1487 287 1538 edit.
299 1486 386 1538 Paris.
398 1485 469 1548 1853,
483 1487 502 1536 t.
512 1483 537 1548 Ξ,
547 1483 564 1535 Ι.
576 1484 600 1543 t,
609 1487 660 1535 art
676 1485 697 1547 i,
712 1485 773 1537 hmo
786 1486 883 1538 habet:
894 1506 907 1530 «
918 1484 1038 1536 Ecclesia
1054 1483 1173 1535 Romana

145 1578 158 1604 o
172 1558 266 1620 muita,
283 1571 315 1608 ac
338 1557 458 1621 ingentia
473 1555 555 1606 etiam
577 1554 673 1606 habuit
690 1557 863 1621 patrimonia,
878 1569 973 1620 nempe
1000 1560 1090 1606 terras
1115 1567 1170 1604 am-

145 1627 289 1692 «piisimae
299 1628 379 1691 louge
393 1626 500 1691 lateque
515 1625 819 1690 peritaiiarn,tialliem‚
833 1629 974 1692 Egypturn,
987 1625 1170 1688 Paimstinam,

145 1717 158 1748 ι
177 1712 231 1750 uno
246 1698 329 1750 verbo
340 1711 388 1764 per
398 1695 538 1750 Orientem
547 1700 641 1760 totum,
651 1704 679 1748 et
689 1697 945 1764 Occidentem,quin
958 1700 1041 1750 etiam
1054 1697 1170 1761 integras

144 1791 158 1816 ι
172 1770 334 1833 provinuos,
346 1772 395 1821 aut
409 1767 514 1820 insulas
526 1768 621 1826 tenuit,
639 1771 669 1819 ut
683 1769 750 1820 satis
765 1775 936 1835 compertum
952 1771 994 1822 est
1008 1783 1042 1820 cx
1059 1768 1170 1818 dirersis

145 1837 1170 1906 mmmwmmmmffifflmmmmwmmfflmm

144 1912 273 1966 «multus
286 1915 329 1964 est
350 1912 422 1963 circa
441 1909 703 1966 administrationem
722 1910 819 1962 horum
842 1909 1033 1973 dominiorum,
1053 1909 1169 1975 praedio-

145 1997 238 2042 «rum.
254 1987 282 2034 et
293 1982 504 2050 pomessionum.
520 1998 531 2029 ι
550 2007 581 2018 -
594 1982 630 2046 (3)
641 1981 705 2048 Cap.
723 1981 751 2032 13
761 1984 788 2034 et
805 1981 843 2042 ii,
858 1982 892 2035 de
914 1981 1058 2049 prescript
1074 1984 1102 2034 ot
1113 1993 1167 2045 cap.

42 2064 46 2072 ·
145 2053 170 2114 t,
186 2053 245 2106 eod.
261 2053 289 2106 in
297 2053 321 2106 6.

179 2266 242 2326 600.
257 2263 362 2336 Quoad
374 2260 570 2338 temporalem
579 2263 848 2328 summiPontiticis
857 2264 1066 2342 principatum,
1075 2283 1166 2344 quam·

144 2368 235 2432 quom
243 2353 319 2429 juris
333 2350 425 2412 divini
438 2368 499 2410 non
515 2352 562 2425 sit,
578 2369 647 2412 cum
670 2353 812 2414 Dominus
837 2359 925 2417 Petro
948 2357 1063 2416 nultum
1081 2359 1166 2418 telem

144 2443 175 2502 in
193 2441 333 2502 Ecclesiae
356 2439 569 2501 constitutione
594 2458 739 2520 expresse
760 2445 941 2505 concesserit
961 2445 1163 2522 principatum¹

144 2547 243 2610 nequo
256 2529 387 2592 Ecclesia
400 2527 504 2604 primis
518 2529 634 2592 saecrrtis
649 2532 743 2591 ullum
756 2531 905 2605 habuerim
920 2539 1051 2594 attamen
1064 2533 1165 2594 deinde

145 2620 189 2681 sio
200 2619 298 2680 divina
312 2615 500 2678 Providentia
511 2617 752 2693 disponentem
762 2619 844 2694 juste
853 2609 993 2680 icolesiae
1002 2620 1057 2680 tuit
1069 2619 1164 2694 acqui·

143 2709 228 2780 situs,
244 2714 277 2767 nt
292 2723 372 2766 nunc
386 2721 472 2764 sacer
486 2704 524 2763 sit
540 2709 591 2779 (t),
616 2711 647 2766 ot
660 2706 737 2766 inter
752 2705 831 2767 hona
849 2709 1051 2770 ecclesiastica
1064 2715 1164 2770 Rome-

142 2811 189 2854 nee
198 2799 228 2854 et
241 2792 416 2854 universalis
431 2793 572 2854 Ecoleeiae
586 2797 638 2869 (2),
649 2801 803 2872 tamquam
819 2796 845 2856 ei
863 2798 1049 2873 temporibus
1062 2795 1163 2858 nocuis

139 2881 317 2944 miserrimis
337 2881 459 2942 omnino
480 2882 669 2945 necessarius
687 2888 728 2958 (3)
748 2886 816 2960 jure
835 2891 866 2944 et
880 2887 990 2948 merito
1003 2887 1164 2950 censendus

142 2971 190 3032 sit.
206 2973 299 3030 Porro
313 2985 430 3030 mmmo
439 2971 573 3032 Pontifici
588 2971 758 3034 necessarie
769 2979 816 3034 est
830 2973 1061 3050 independentia
1073 2991 1163 3052 equo

142 3075 272 3135 cumque
286 3057 432 3136 Principe,
441 3064 475 3118 ut
486 3058 665 3133 libertatem,
676 3055 1078 3150 securitatempotestatem,
1088 3065 1162 3140 eius-

87 3218 89 3223 .
142 3167 201 3226 que
216 3146 401 3220 exercitium,
419 3153 451 3206 et
473 3163 576 3222 parem
590 3147 726 3210 omnium
743 3151 993 3227 acceptationem,
1007 3159 1038 3213 et
1051 3167 1162 3213 venera·

140 3239 254 3302 tionem
267 3236 376 3296 habeat
391 3235 428 3294 ad
444 3236 607 3299 Ecclesiam
620 3237 794 3300 universam
804 3239 891 3314 iuxta
912 3239 1013 3302 &vina
1029 3239 1161 3302 mandate

139 3327 314 3406 regendam,
325 3331 355 3385 et
366 3325 593 3400 gubernandam
607 3345 614 3386 :
631 3328 713 3404 atqui
726 3327 792 3388 haec
805 3329 1035 3406 independentia
1047 3331 1160 3390 insum·

113 3477 116 3482 Α
129 3435 190 3482 mo
199 3415 340 3478 Pontitice
351 3416 568 3491 cuiuscumque
579 3415 725 3492 principie
737 3417 856 3480 subdito
865 3419 969 3480 haberi
977 3437 1036 3480 non
1046 3422 1159 3496 potest:

140 3521 218 3580 ergo,
226 3503 363 3568 Pontifex
375 3503 406 3562 in
419 3502 519 3580 nuqua
532 3503 637 3570 mundi
648 3509 735 3580 perte
748 3507 838 3571 dehet
851 3523 920 3572 esse
934 3524 1065 3577 summos
1076 3502 1160 3567 Prin-
