2432 4078
583 165 745 222 ...282-
1211 200 1212 232 ,

159 289 391 356 doctusauetor,
410 284 584 360 praedonum
607 291 637 346 et
649 285 861 364 sandepornm
880 287 991 364 impius
1010 293 1180 364 praetextus,

160 395 221 457 quo
240 367 362 435 liberius'
381 381 493 450 quaeant
512 373 714 434 ecclesiastica
733 375 813 435 bona
835 375 966 452 diripere
981 377 1029 446 (tl.
1048 377 1179 436 Profecto
1211 377 1212 468 l

160 463 290 530 Ecclesia
302 470 348 523 est
359 462 513 522 hominum
526 462 652 524 societas
666 472 810 542 perpetua
823 472 853 525 et
868 463 1059 526 immutabilis
1074 483 1092 524 a
1107 465 1179 526 civili
1211 473 1212 542 ᾗ

160 559 301 620 societate
327 556 542 631 independens,
566 564 596 617 et
622 557 686 633 ipsa
710 558 914 632 excellentior,
936 575 1027 634 quam
1054 558 1182 618 Christus

159 653 245 710 iesus
259 647 373 721 absque
386 646 454 719 iure
468 645 507 704 ad
521 645 744 706 sustentationis
753 647 862 720 media,
876 647 939 706 sive
955 647 993 705 ad
1008 663 1063 705 sua
1077 653 1180 721 tempe-

159 736 231 796 ralia
245 736 335 807 bona,
350 749 538 810 nequaquam
555 735 680 795 fundare
696 735 810 810 potuit:
831 735 912 796 uude
925 753 965 795 ex
979 734 1182 811 jureuaturali

160 831 190 886 et
209 823 310 884 diviua
325 822 420 882 oritur
438 822 577 881 Ecclesiae
604 829 737 898 potestas
754 823 793 882 ad
813 841 866 883 sua
887 825 987 896 bona,
1008 839 1100 898 quam
1118 841 1183 898 pro·
1212 879 1213 900 ,

161 921 263 991 pterea
278 927 339 970 non
352 908 478 990 accepit,
493 927 552 970 nec
570 917 689 986 poterat
705 911 842 986 accipere
855 930 873 971 a
891 911 1085 971 secularibus
1108 911 1182 970 Prin·
1212 911 1213 920 ‘

162 1002 289 1078 cipibus.
314 1003 410 1070 Quare
437 999 467 1056 iu
486 999 580 1057 sacris
604 999 769 1058 canonibus
783 998 930 1058 sancitum
943 998 1006 1071 fuit,
1022 1005 1057 1058 ut
1078 999 1131 1074 qni
1144 1016 1183 1058 ras

162 1090 293 1150 Emlesiee
315 1093 419 1165 petunt
445 1103 465 1146 a
490 1087 611 1162 ueneat
638 1088 795 1147 horrende
822 1086 990 1162 cupiditatis
1015 1088 1183 1161 exemplum

161 1179 325 1256 praebeaut,
339 1180 460 1236 careant
473 1175 611 1248 obtentis,
630 1181 660 1235 et
673 1193 689 1234 a
703 1173 913 1235 commuuione
934 1173 1073 1234 Ecclesiae
1086 1175 1184 1234 exclu2

163 1267 273 1328 dantur
285 1271 336 1338 (t).
348 1269 571 1339 consequenter
584 1263 715 1323 Ecclesia
728 1265 817 1324 habet
829 1264 980 1323 bonomm
993 1279 1120 1322 suorum
1131 1279 1184 1322 nou

163 1358 261 1417 solum
278 1353 490 1430 proprietatem
503 1352 671 1410 absolutam
685 1357 715 1411 et
728 1351 987 1427 independentem,
1004 1351 1060 1410 sed
1073 1357 1105 1410 et
1118 1351 1184 1409 libe-

163 1443 409 1506 remeorumdem
416 1439 710 1499 administrationem.
720 1440 803 1500 Unde
813 1457 852 1499 ex
857 1441 925 1515 jure
936 1437 1092 1512 canonico,
1103 1453 1185 1497 saecu

163 1532 234 1592 laris
246 1537 379 1606 potestas
392 1529 508 1588 rrullnm
519 1529 568 1604 jue
586 1529 676 1587 habet
694 1528 724 1587 in
739 1529 912 1591 eorumdem
932 1528 1080 1587 bonorum
1096 1526 1184 1585 aduri·

163 1619 349 1692 nistratione,
365 1616 519 1688 divisione,
533 1617 751 1692 assignatione,
770 1634 866 1692 neque
876 1623 973 1692 potest
987 1614 1043 1674 sibi
1056 1631 1184 1674 asserere
1214 1643 1215 1652 κ

163 1713 342 1784 potestatem
372 1705 562 1764 examinandi
585 1711 767 1778 contractus
787 1721 899 1780 eosque
917 1703 1065 1780 probandi
1079 1704 1132 1762 ‘vel
1149 1719 1184 1761 re

162 1794 318 1872 probandi,
331 1809 511 1869 quemquam
520 1792 675 1859 utilitatem
683 1793 712 1852 iu
725 1791 817 1869 ipsius
826 1792 964 1853 Eccleaiae
975 1791 1006 1850 id
1015 1792 1130 1852 taceret
1139 1795 1182 1862 (5).

194 1987 229 2051 (l)
240 1985 329 2050 Super
340 1984 391 2036 boc
404 1983 472 2034 salso
486 1984 618 2049 principio
632 1988 835 2052 presumuntur
845 1985 953 2036 fundari
965 1984 1020 2036 illae
1036 1983 1112 2048 leges
1125 1983 1184 2034 civi·

164 2057 213 2116 les,
228 2058 289 2122 qued
303 2057 330 2105 in
346 2055 443 2113 Gellia,
458 2057 486 2106 in
500 2054 642 2118 Hispania,
662 2056 690 2106 in
704 2055 793 2119 ltalia,
808 2061 835 2107 et
850 2057 878 2106 in
893 2056 954 2106 eliis
967 2056 1126 2120 regionibus
1142 2054 1183 2104 Ec·

164 2129 272 2180 alesiam
285 2127 364 2179 bonis
376 2125 502 2176 omnibus
514 2127 572 2178 suis
589 2127 758 2191 iniquissime
782 2127 975 2192 spoliaverunt,
991 2139 1108 2191 qnaeque
1127 2137 1183 2189 pro·

164 2209 258 2264 pterea
269 2211 331 2250 cnm
346 2196 456 2255 morie.
468 2199 526 2249 tem
539 2196 674 2249 antidotia
682 2196 863 2252 characterem
874 2212 932 2263 pree
942 2197 1081 2248 sererent:
1092 2192 1185 2246 erroris

163 2268 271 2330 seilicet,
285 2267 351 2334 qnia
364 2267 464 2331 saitem
477 2266 613 2319 continent
626 2265 781 2321 doctrinam
793 2280 801 2332 ,·
814 2267 949 2320 nuditatis
964 2280 1036 2328 vero,
1047 2266 1114 2331 qnia
1126 2277 1182 2329 pro-

163 2339 299 2392 nunciata
312 2343 374 2391 eunt
391 2337 422 2390 ab
434 2337 626 2402 incompetenti
646 2338 819 2396 auctoritate,
840 2339 911 2388 sicut
926 2337 993 2388 Pius
1006 2337 1044 2388 Vl
1060 2335 1186 2399 archiepi-

163 2425 244 2477 scopo
256 2409 404 2461 Viennensi
416 2408 561 2459 scribebat.
578 2407 695 2459 Tbeiner
709 2409 814 2460 docum.
826 2409 900 2460 ined.
915 2412 977 2460 tom.
992 2407 1012 2467 l,
1027 2422 1055 2458 n.
1072 2410 1096 2458 5.
1110 2433 1139 2442 -
1152 2405 1183 2467 (lt

164 2482 343 2534 Admittentes
356 2483 445 2530 temen
460 2491 553 2530 omnes
567 2479 609 2528 vel
624 2479 657 2528 de
670 2478 769 2530 haeresi
782 2481 926 2544 venerunt,
940 2477 983 2530 vel
999 2479 1079 2528 sectis
1092 2477 1183 2528 tense·

164 2554 250 2615 aistis,
267 2556 315 2603 aut
331 2549 490 2602 Massonieis
508 2548 647 2599 edhaerent
668 2549 706 2600 ad·
721 2549 871 2601 Ecclesiam
894 2547 1125 2600 convellendama
1139 2547 1183 2596 de·

163 2637 242 2676 moue
257 2622 392 2673 institutis.
406 2647 437 2658 -·
453 2621 489 2684 (3)
503 2620 568 2670 inst.
588 2619 648 2669 Jur.
663 2619 726 2670 Gan.
744 2621 809 2671 edit.
827 2620 914 2684 Paris,
928 2633 972 2670 an.
996 2619 1065 2680 1863,
1080 2620 1148 2682 part.
1161 2615 1183 2674 i,

165 2695 294 2758 1.t,cap.
313 2694 378 2743 1.-
396 2692 432 2756 (4)
451 2693 531 2742 Couc.
551 2689 711 2754 Lugdunen.
733 2690 753 2750 t,
769 2690 798 2739 in
811 2703 873 2755 cap.
887 2693 902 2741 2
918 2691 951 2742 de
973 2690 1030 2740 reb.
1042 2689 1112 2740 Eccl.
1133 2698 1185 2735 non

164 2763 244 2814 alien.
259 2762 329 2813 Hinc
341 2761 427 2812 oritur
441 2760 518 2810 ruina
531 2760 682 2810 animarum
697 2764 724 2810 et
737 2773 893 2823 regnorum,
912 2774 972 2810 cum
988 2759 1118 2824 impunita
1134 2757 1183 2805 hu·

160 2833 280 2898 jusmodi
292 2833 395 2883 seelera
409 2843 556 2896 numquam
569 2835 704 2882 maneant.
725 2831 825 2882 Eorum
846 2831 967 2881 divinent
982 2831 1108 2880 ultionem
1121 2826 1185 2889 legi-

164 2917 225 2955 mus
241 2904 269 2952 iu
283 2903 420 2966 punitione
431 2902 577 2952 Heliodori.
590 2901 652 2951 ull
667 2900 790 2951 Machub.
805 2915 865 2965 cap.
882 2901 905 2962 3;
917 2901 945 2951 in
960 2900 1124 2952 confessione
1135 2897 1183 2946 Lu·

165 2973 244 3031 theri,
259 2974 305 3036 qui
327 2973 366 3023 sie
384 2973 491 3024 aiebat:
511 2969 668 3037 Gomprotat
689 2971 867 3034 experientia,
887 2984 939 3032 aot,
954 2971 1001 3036 qni
1015 2966 1184 3021 cranemerae

164 3045 233 3097 bona
246 3041 284 3095 ed
296 3055 321 3094 ee
336 3045 489 3106 traicerent,
503 3042 536 3094 ab
551 3040 705 3094 estendam
720 3039 913 3106 depauperare,
928 3045 952 3093 et
967 3039 1097 3092 rnendr'cos
1107 3034 1183 3101 fierit

100 3122 109 3132 ‘
165 3123 192 3168 et
204 3118 232 3166 tn
245 3114 359 3166 historia
371 3114 481 3165 Heuricl
496 3113 571 3174 VllI,
586 3113 632 3179 qui
647 3117 707 3178 post
721 3111 914 3177 expilationem
931 3110 1103 3163 ecclesiarum
1120 3119 1184 3170 pau·

165 3186 257 3252 perior
269 3183 350 3250 quam
364 3191 425 3236 ante
437 3184 530 3246 evasit,
543 3185 643 3249 quique
657 3187 803 3247 propterea
814 3181 896 3246 ptura
913 3180 1025 3241 tribute,
1036 3183 1060 3232 et
1073 3176 1182 3239 vectiqu-

164 3259 203 3310 lia
216 3257 317 3310 civibm
328 3256 383 3308 anis
396 3254 533 3319 imposuit,
546 3267 629 3319 qnam
641 3265 731 3304 omnes
745 3251 827 3304 simet
842 3265 916 3316 ream
929 3265 978 3314 per
991 3247 1185 3316 qrtinquuointe

164 3332 226 3382 ante
250 3339 335 3380 annos
357 3327 488 3391 fecerunt,
502 3330 532 3374 ut
551 3338 585 3375 ex
609 3324 728 3374 bendere
753 3323 909 3373 transcribit
930 3321 1059 3373 Audisius
1078 3319 1111 3367 da
1129 3319 1184 3379 jur.

164 3405 218 3452 net.
235 3404 261 3451 et
274 3401 345 3463 gent.
360 3397 378 3446 l.
397 3396 421 3456 2,
438 3397 457 3445 t.
478 3395 516 3452 le,
531 3409 557 3445 n.
579 3394 615 3444 n.
638 3393 769 3445 Similiter
791 3393 938 3457 imperator
962 3391 1074 3442 Basilius
1089 3387 1186 3450 iunior

165 3483 274 3522 causam
294 3465 456 3519 universalis
475 3465 669 3526 subversionis,
685 3471 713 3516 et
734 3463 911 3527 contusionis,
929 3475 1011 3527 quam
1027 3457 1187 3526 patiebatur,

164 3540 302 3592 tribuebat
320 3536 484 3590 antecessori
504 3549 553 3588 suo
571 3536 735 3601 Nicephero,
756 3533 804 3600 qui
823 3531 970 3600 imperium
994 3529 1132 3591 muneret,
1160 3531 1188 3577 at
