2494 4062
537 189 677 246 ..5¹1..

104 319 204 376 nuos,
220 308 254 363 et
269 309 326 379 per
338 303 555 380 professionem
570 304 748 381 religiosam,
759 319 826 382 quae
840 303 900 365 duo
911 303 1120 382 impedimenta

100 391 263 452 dirimentis
278 399 360 467 suut,
372 393 509 452 absolute
523 394 677 455 solvuntur
690 393 838 472 sponsalia
851 395 949 471 quoad
963 401 1119 473 utramque

98 489 208 558 partem
224 485 235 551 (
256 487 278 554 t.

127 575 155 630 3⁰
169 576 229 630 Per
255 569 502 644 impedimentum
529 571 670 632 dirimens
693 571 879 648 sponsalibus
906 571 1118 649 superveniens

97 660 155 735 ipsa
167 660 342 718 solvuntur.
358 659 523 719 cumcuim
540 661 597 721 hoc
620 678 690 721 casu
704 661 742 721 sit
762 660 949 722 interdictum
965 662 1115 722 matrimo

99 749 182 820 mum,
206 747 351 823 obligatio
376 749 569 823 sponsalium,
588 749 613 809 si
635 751 733 810 adbuc
751 756 877 824 extaret,
898 749 1060 826 respiceret
1079 749 1117 810 ad

96 836 248 898 moraliter
262 835 454 913 impossibile,
476 839 560 914 cujus
575 840 655 899 nulla
672 845 769 915 petest
783 855 849 900 esse
863 837 1011 914 obligatio.
1027 839 1117 898 Nihil·

96 925 210 985 ominus
236 941 385 985 eumuna
406 943 445 986 ex
467 926 599 1002 partibus
622 944 675 986 sua
697 928 783 1004 culpa
803 944 893 987 eausa
915 925 1116 1002 impedimenti

94 1015 154 1087 luit,
167 1033 206 1075 ex
221 1020 385 1074 Doctorum
396 1014 552 1088 sententia,
562 1018 609 1076 vet
620 1017 768 1077 Pontificis
781 1014 999 1092 dispensatione
1009 1014 1034 1073 si
1045 1032 1115 1090 pos·

93 1103 182 1164 sibilis
198 1102 249 1176 sit,
264 1103 509 1185 impedimentum
530 1121 680 1178 emerere,
694 1106 742 1170 vel
764 1105 905 1164 damnum
928 1119 1066 1177 reparare
1084 1102 1114 1162 iu

93 1191 275 1254 couscientia
289 1199 418 1266 tenetur,
433 1209 472 1267 ue
486 1200 591 1252 contra
604 1195 703 1270 legum
717 1191 826 1254 statuta
843 1208 882 1254 ex
896 1208 951 1252 sua
962 1189 1115 1267 iniquitate

94 1281 288 1341 commodum
302 1287 457 1357 reportare
471 1281 615 1342 videatur.

126 1375 156 1429 4ο
168 1375 225 1429 Per
236 1369 412 1442 absentiam,
428 1376 459 1429 et
469 1368 591 1428 nimiam
600 1368 769 1430 dilationem
781 1369 935 1429 solvuntur
944 1366 1111 1444 sponsalia:

93 1474 145 1535 per
158 1457 334 1531 absentiam,
349 1473 418 1516 eum
431 1474 611 1533 sponsorum
621 1459 705 1532 alter,
721 1458 778 1518 alio
792 1457 893 1528 invito,
908 1457 1002 1532 patria
1015 1455 1111 1516 disce·

94 1547 133 1608 dit
145 1547 245 1608 animo
271 1563 332 1605 nou
353 1547 522 1606 revertendi
536 1553 600 1621 (5),
630 1564 684 1625 per
705 1546 826 1608 nimiam
846 1545 1111 1628 dilationemcum

93 1651 272 1712 sponsorum
288 1637 362 1695 alter
383 1635 507 1710 inJ'ustas
526 1653 626 1696 mores
645 1637 746 1709 nectit,
762 1637 809 1696 vel
829 1637 914 1695 dolos
931 1635 1064 1708 fabricat,
1078 1640 1111 1695 ut

92 1724 165 1784 alins
177 1741 211 1784 se
224 1724 314 1799 longa
327 1740 412 1783 mora
424 1725 543 1784 frustari
557 1732 708 1800 agnoscat.
724 1731 792 1790 llaee
805 1741 876 1785 sane
894 1722 983 1784 unius
1002 1723 1109 1782 absen-

91 1814 140 1886 tia,
155 1820 207 1872 aut
219 1812 311 1872 nimia
323 1811 424 1871 dilatio
436 1812 588 1872 manifeste
602 1814 723 1873 denotat
737 1829 824 1872 suum
835 1831 852 1872 a
863 1812 1050 1888 sponsalibus
1061 1827 1109 1872 ra·

92 1917 217 1974 cessum,
231 1901 282 1978 qui
296 1917 381 1976 aeque
394 1900 548 1962 manifeste
563 1901 664 1976 pandit
673 1901 757 1961 alteri
770 1901 928 1962 recedendi
937 1899 1023 1960 viam.
1037 1905 1109 1960 Pro·

91 1995 191 2066 pterea
203 1989 355 2060 absentiae,
375 1990 422 2048 vel
437 1988 533 2048 nimiae
556 1989 704 2050 dilationis
722 1997 866 2065 pertesus
888 1995 987 2065 potest
1007 2003 1109 2049 eoram

88 2078 183 2152 judice
198 2094 255 2153 pro
280 2077 463 2153 sponsalium
487 2078 679 2139 dissolutione
701 2078 822 2152 instare,
843 2079 963 2154 votique
984 2093 1108 2152 compos

88 2165 147 2238 ssat,
162 2166 214 2225 ubi
226 2166 258 2224 in
270 2167 393 2225 absente
407 2166 465 2225 cito
478 2166 644 2226 revertendi
656 2166 771 2230 animus
785 2183 845 2225 non
860 2172 1048 2242 agnoscatur,
1060 2166 1107 2225 val

89 2261 267 2329 agnoscatur
279 2254 310 2312 in
332 2253 568 2331 procrastinante
589 2256 684 2316 dolus.
709 2261 800 2331 Leges
824 2254 942 2331 quidem
960 2257 1106 2313 Romano-
1215 2272 1219 2280 ·

89 2359 152 2401 rum
175 2341 400 2418 praecipiebant,
420 2348 453 2402 ut
472 2360 581 2419 sponsa
599 2350 772 2420 expectaret
791 2359 932 2420 sponsum
950 2359 1004 2419 per
1022 2341 1106 2400 biun-

88 2431 176 2503 uium,
194 2431 220 2490 si
234 2431 265 2489 in
281 2430 445 2506 provincia,
460 2439 489 2492 et
511 2449 565 2508 per
588 2433 754 2504 triennium,
770 2432 795 2491 si
815 2439 900 2492 extra
924 2429 1107 2506 provinciam

87 2518 206 2594 degeret
221 2523 281 2592 (6);
298 2519 352 2578 sed
366 2518 412 2578 hae
427 2521 505 2595 leges
516 2520 544 2578 iu
557 2522 622 2580 toro
637 2519 839 2581 ecclesiastico
851 2536 912 2578 nou
926 2519 1045 2578 dierunt
1058 2533 1106 2577 re-

87 2615 189 2684 ceptae,
214 2609 245 2667 in
260 2625 320 2684 quo
334 2608 475 2683 temporis
489 2609 695 2669 determinatio
709 2608 847 2686 prudenti
859 2606 967 2685 judicis
984 2605 1105 2667 arbitrio

84 2697 136 2756 mit
150 2712 273 2773 semper
286 2696 389 2756 relicta
403 2700 413 2767 t
433 2700 452 2767 ).

117 2791 147 2846 5⁰
166 2781 226 2845 Per'
238 2800 360 2858 gravem
373 2785 566 2846 mutationem
582 2783 681 2859 animi,
697 2785 842 2862 corporis,
856 2791 907 2844 aut
919 2784 1105 2846 fortunarum

83 2872 113 2933 in
125 2891 188 2934 uno
206 2890 247 2932 ex
260 2871 379 2948 sponsis
392 2881 459 2949 post
475 2874 624 2950 sponsalia
637 2874 868 2950 contingentem,
879 2875 925 2934 vel
939 2880 1026 2933 antea
1040 2872 1105 2933 exi·

83 2969 224 3031 stentem,
235 2969 265 3022 ct
279 2979 339 3021 nou
356 2963 514 3038 cognitam,
534 2964 639 3024 eadem
655 2965 834 3040 quandoque
858 2963 1021 3036 solvuntur,
1036 2961 1105 3038 quia

83 3052 295 3110 contrahentes
313 3068 374 3111 uon
387 3058 547 3112 censentur
559 3068 592 3110 se
606 3051 643 3112 ad
657 3051 878 3111 matrimonium
892 3051 1033 3126 obligare,
1048 3048 1105 3110 nisi

83 3138 139 3199 sub
153 3138 337 3212 conditione,
352 3139 379 3198 sl
392 3155 438 3200 res
451 3141 485 3199 ln
497 3141 595 3200 eodem
607 3148 689 3200 stata
700 3141 918 3216 permanserint
931 3143 982 3212 (8).
1003 3137 1104 3198 Gravis

83 3235 128 3288 est
147 3227 240 3289 animi
262 3228 389 3287 mutatio
411 3228 624 3304 superveniens
642 3227 760 3288 infamia
781 3245 821 3288 ex
840 3228 994 3301 adulterio,
1012 3227 1100 3299 furto,

83 3317 129 3377 vel
158 3317 217 3378 alio
242 3315 376 3390 erimine,
397 3315 472 3376 dura
494 3333 614 3378 morum
632 3315 759 3377 saevities
779 3323 848 3378 aute
870 3317 1018 3393 sponsalia
1040 3329 1102 3374 nou

82 3406 180 3482 agnita
194 3411 248 3481 (tl),
264 3412 295 3466 et
309 3405 442 3482 capitalis
460 3405 611 3466 inimicitia
634 3405 710 3466 inter
732 3406 814 3482 ipsos
832 3404 995 3483 praesertim
1016 3418 1102 3477 spou-

84 3511 133 3556 sos
146 3495 274 3558 excitata
289 3500 360 3570 (tlt).
377 3493 479 3555 Gravis
489 3501 535 3556 est
548 3493 685 3570 corporis
698 3493 821 3555 mutatio
836 3489 1047 3569 superveniens
1057 3489 1100 3550 la·

82 3597 145 3660 pra,
158 3583 317 3662 paralysis,
332 3593 364 3644 et
376 3581 547 3646 deformitas
560 3582 622 3644 sive
636 3600 654 3642 a
667 3582 784 3658 morbo,
801 3579 864 3642 sive
878 3598 896 3640 a
909 3579 1021 3639 scelere
1029 3592 1101 3652 pro·
1166 3665 1171 3674 Ι
