<?xml version="1.0" encoding="UTF-8"?>
<!DOCTYPE html PUBLIC "-//W3C//DTD XHTML 1.0 Transitional//EN"
    "http://www.w3.org/TR/xhtml1/DTD/xhtml1-transitional.dtd">
<html xmlns="http://www.w3.org/1999/xhtml" xml:lang="en" lang="en">
 <head>
  <title>
</title>
<meta http-equiv="Content-Type" content="text/html;charset=utf-8" />
  <meta name='ocr-system' content='tesseract 3.04.00' />
  <meta name='ocr-capabilities' content='ocr_page ocr_carea ocr_par ocr_line ocrx_word'/>
</head>
<body>
  <div class='ocr_page' id='page_1' title='image "./summainstitutio01ferrgoog_0525.png"; bbox 0 0 2560 4080; ppageno 0'>
   <div class='ocr_carea' id='block_1_1' title="bbox 578 301 740 359">
    <p class='ocr_par' dir='ltr' id='par_1_1' title="bbox 578 301 740 359">
     <span class='ocr_line' id='line_1_1' title="bbox 578 301 740 359; baseline 0.019 -3"><span class='ocrx_word' id='word_1_1' title='bbox 578 301 740 359; x_wconf 76' lang='lat' dir='ltr'><strong>-5tt-</strong></span> 
     </span>
    </p>
   </div>
   <div class='ocr_carea' id='block_1_2' title="bbox 28 422 1171 946">
    <p class='ocr_par' dir='ltr' id='par_1_2' title="bbox 28 422 1171 946">
     <span class='ocr_line' id='line_1_2' title="bbox 139 422 1164 502; baseline -0.003 -15"><span class='ocrx_word' id='word_1_2' title='bbox 139 443 180 488; x_wconf 85' lang='lat' dir='ltr'><strong>ex</strong></span> <span class='ocrx_word' id='word_1_3' title='bbox 193 423 324 502; x_wconf 78' lang='lat' dir='ltr'><strong>legitimo</strong></span> <span class='ocrx_word' id='word_1_4' title='bbox 341 422 496 484; x_wconf 67' lang='lat' dir='ltr'><strong>renuntias</strong></span> <span class='ocrx_word' id='word_1_5' title='bbox 509 424 632 486; x_wconf 90' lang='lat' dir='ltr'><strong>decreto</strong></span> <span class='ocrx_word' id='word_1_6' title='bbox 651 423 805 485; x_wconf 82' lang='lat' dir='ltr'><strong>evidenter</strong></span> <span class='ocrx_word' id='word_1_7' title='bbox 829 437 894 486; x_wconf 89' lang='lat' dir='ltr'><strong>rem</strong></span> <span class='ocrx_word' id='word_1_8' title='bbox 906 428 1099 501; x_wconf 76' lang='lat' dir='ltr'><strong>perspectam</strong></span> <span class='ocrx_word' id='word_1_9' title='bbox 1113 423 1164 484; x_wconf 85' lang='lat' dir='ltr'><strong>ba·</strong></span> 
     </span>
     <span class='ocr_line' id='line_1_3' title="bbox 28 510 1168 590; baseline 0.003 -15"><span class='ocrx_word' id='word_1_10' title='bbox 28 519 35 538; x_wconf 88' lang='grc'><em>·</em></span> <span class='ocrx_word' id='word_1_11' title='bbox 138 514 226 587; x_wconf 77' lang='lat' dir='ltr'><strong>beat3</strong></span> <span class='ocrx_word' id='word_1_12' title='bbox 251 518 282 574; x_wconf 82' lang='grc'><strong>3·</strong></span> <span class='ocrx_word' id='word_1_13' title='bbox 297 517 331 573; x_wconf 90' lang='lat' dir='ltr'><strong>ut</strong></span> <span class='ocrx_word' id='word_1_14' title='bbox 344 510 376 572; x_wconf 94' lang='lat' dir='ltr'><strong>in</strong></span> <span class='ocrx_word' id='word_1_15' title='bbox 398 513 518 574; x_wconf 91' lang='lat' dir='ltr'><strong>notorio</strong></span> <span class='ocrx_word' id='word_1_16' title='bbox 544 512 785 590; x_wconf 71' lang='lat' dir='ltr'><strong>presumptionis</strong></span> <span class='ocrx_word' id='word_1_17' title='bbox 807 513 885 574; x_wconf 88' lang='lat' dir='ltr'><strong>adsit</strong></span> <span class='ocrx_word' id='word_1_18' title='bbox 908 513 998 574; x_wconf 86' lang='lat' dir='ltr'><strong>simul</strong></span> <span class='ocrx_word' id='word_1_19' title='bbox 1015 511 1168 578; x_wconf 79' lang='lat' dir='ltr'><strong>notorium</strong></span> 
     </span>
     <span class='ocr_line' id='line_1_4' title="bbox 135 601 1169 680; baseline -0.001 -15"><span class='ocrx_word' id='word_1_20' title='bbox 135 603 224 680; x_wconf 77' lang='lat' dir='ltr'><strong>luris,</strong></span> <span class='ocrx_word' id='word_1_21' title='bbox 236 602 285 664; x_wconf 83' lang='lat' dir='ltr'><strong>vel</strong></span> <span class='ocrx_word' id='word_1_22' title='bbox 299 601 380 677; x_wconf 82' lang='lat' dir='ltr'><strong>scuti,</strong></span> <span class='ocrx_word' id='word_1_23' title='bbox 400 608 429 663; x_wconf 91' lang='lat' dir='ltr'><strong>et</strong></span> <span class='ocrx_word' id='word_1_24' title='bbox 442 609 477 664; x_wconf 94' lang='lat' dir='ltr'><strong>ut</strong></span> <span class='ocrx_word' id='word_1_25' title='bbox 491 619 533 662; x_wconf 81' lang='lat' dir='ltr'><strong>ex</strong></span> <span class='ocrx_word' id='word_1_26' title='bbox 546 602 612 680; x_wconf 86' lang='lat' dir='ltr'><strong>ipso</strong></span> <span class='ocrx_word' id='word_1_27' title='bbox 625 602 705 662; x_wconf 90' lang='lat' dir='ltr'><strong>iacto</strong></span> <span class='ocrx_word' id='word_1_28' title='bbox 721 603 772 680; x_wconf 84' lang='lat' dir='ltr'><strong>jus</strong></span> <span class='ocrx_word' id='word_1_29' title='bbox 785 618 928 678; x_wconf 81' lang='lat' dir='ltr'><strong>expresse</strong></span> <span class='ocrx_word' id='word_1_30' title='bbox 947 601 1169 678; x_wconf 86' lang='lat' dir='ltr'><strong>vehementem,</strong></span> 
     </span>
     <span class='ocr_line' id='line_1_5' title="bbox 138 689 1171 778; baseline -0.001 -26"><span class='ocrx_word' id='word_1_31' title='bbox 138 691 202 752; x_wconf 80' lang='lat' dir='ltr'><strong>sive</strong></span> <span class='ocrx_word' id='word_1_32' title='bbox 230 689 393 752; x_wconf 82' lang='lat' dir='ltr'><strong>violentam</strong></span> <span class='ocrx_word' id='word_1_33' title='bbox 414 691 680 768; x_wconf 74' lang='lat' dir='ltr'><strong>praesumptionem</strong></span> <span class='ocrx_word' id='word_1_34' title='bbox 702 689 831 752; x_wconf 88' lang='lat' dir='ltr'><strong>deducat</strong></span> <span class='ocrx_word' id='word_1_35' title='bbox 855 694 916 764; x_wconf 84' lang='lat'><strong>(3);</strong></span> <span class='ocrx_word' id='word_1_36' title='bbox 942 697 973 778; x_wconf 60' lang='lat' dir='ltr'><strong>tf</strong></span> <span class='ocrx_word' id='word_1_37' title='bbox 994 690 1120 752; x_wconf 89' lang='lat' dir='ltr'><strong>demum</strong></span> <span class='ocrx_word' id='word_1_38' title='bbox 1136 697 1171 751; x_wconf 90' lang='lat' dir='ltr'><strong>ut</strong></span> 
     </span>
     <span class='ocr_line' id='line_1_6' title="bbox 138 778 1170 855; baseline 0.001 -15"><span class='ocrx_word' id='word_1_39' title='bbox 138 784 256 840; x_wconf 90' lang='lat' dir='ltr'><strong>constet</strong></span> <span class='ocrx_word' id='word_1_40' title='bbox 280 796 341 840; x_wconf 92' lang='lat' dir='ltr'><strong>non</strong></span> <span class='ocrx_word' id='word_1_41' title='bbox 363 781 462 840; x_wconf 86' lang='lat' dir='ltr'><strong>solum</strong></span> <span class='ocrx_word' id='word_1_42' title='bbox 488 780 526 841; x_wconf 91' lang='lat' dir='ltr'><strong>de</strong></span> <span class='ocrx_word' id='word_1_43' title='bbox 549 778 726 840; x_wconf 85' lang='lat' dir='ltr'><strong>notorietate</strong></span> <span class='ocrx_word' id='word_1_44' title='bbox 753 778 901 855; x_wconf 59' lang='lat' dir='ltr'><strong>cadumim</strong></span> <span class='ocrx_word' id='word_1_45' title='bbox 935 779 990 840; x_wconf 86' lang='lat' dir='ltr'><strong>aed</strong></span> <span class='ocrx_word' id='word_1_46' title='bbox 1017 779 1109 841; x_wconf 85' lang='lat' dir='ltr'><strong>etiam</strong></span> <span class='ocrx_word' id='word_1_47' title='bbox 1131 779 1170 841; x_wconf 91' lang='lat' dir='ltr'><strong>de</strong></span> 
     </span>
     <span class='ocr_line' id='line_1_7' title="bbox 137 867 703 946; baseline -0.004 -16"><span class='ocrx_word' id='word_1_48' title='bbox 137 868 272 945; x_wconf 78' lang='lat' dir='ltr'><strong>eiusdem</strong></span> <span class='ocrx_word' id='word_1_49' title='bbox 285 868 473 946; x_wconf 85' lang='lat' dir='ltr'><strong>tonnalitate,</strong></span> <span class='ocrx_word' id='word_1_50' title='bbox 488 875 519 930; x_wconf 88' lang='lat' dir='ltr'><strong>et</strong></span> <span class='ocrx_word' id='word_1_51' title='bbox 528 867 640 932; x_wconf 86' lang='lat' dir='ltr'><strong>malitia</strong></span> <span class='ocrx_word' id='word_1_52' title='bbox 652 873 703 944; x_wconf 81' lang='lat' dir='ltr'><strong>(t).</strong></span> 
     </span>
    </p>
   </div>
   <div class='ocr_carea' id='block_1_3' title="bbox 137 1034 1171 2015">
    <p class='ocr_par' dir='ltr' id='par_1_3' title="bbox 137 1034 1171 2015">
     <span class='ocr_line' id='line_1_8' title="bbox 171 1034 1168 1104; baseline -0.002 -16"><span class='ocrx_word' id='word_1_53' title='bbox 171 1037 208 1103; x_wconf 88' lang='lat' dir='ltr'><strong>(i)</strong></span> <span class='ocrx_word' id='word_1_54' title='bbox 222 1037 331 1104; x_wconf 79' lang='lat' dir='ltr'><strong>injure</strong></span> <span class='ocrx_word' id='word_1_55' title='bbox 343 1049 398 1089; x_wconf 91' lang='lat' dir='ltr'><strong>non</strong></span> <span class='ocrx_word' id='word_1_56' title='bbox 412 1040 454 1089; x_wconf 88' lang='lat' dir='ltr'><strong>est</strong></span> <span class='ocrx_word' id='word_1_57' title='bbox 472 1035 611 1089; x_wconf 86' lang='lat' dir='ltr'><strong>delinitum</strong></span> <span class='ocrx_word' id='word_1_58' title='bbox 633 1037 700 1103; x_wconf 91' lang='lat' dir='ltr'><strong>quot</strong></span> <span class='ocrx_word' id='word_1_59' title='bbox 711 1036 825 1103; x_wconf 74' lang='lat' dir='ltr'><strong>praecise</strong></span> <span class='ocrx_word' id='word_1_60' title='bbox 840 1049 963 1102; x_wconf 69' lang='lat' dir='ltr'><strong>persone</strong></span> <span class='ocrx_word' id='word_1_61' title='bbox 974 1034 1168 1102; x_wconf 82' lang='lat' dir='ltr'><strong>requirantur;</strong></span> 
     </span>
     <span class='ocr_line' id='line_1_9' title="bbox 139 1106 1168 1174; baseline -0.003 -12"><span class='ocrx_word' id='word_1_62' title='bbox 139 1107 213 1162; x_wconf 87' lang='lat' dir='ltr'><strong>unde</strong></span> <span class='ocrx_word' id='word_1_63' title='bbox 227 1108 262 1159; x_wconf 83' lang='lat' dir='ltr'><strong>ad</strong></span> <span class='ocrx_word' id='word_1_64' title='bbox 269 1107 390 1174; x_wconf 75' lang='lat' dir='ltr'><strong>judicem</strong></span> <span class='ocrx_word' id='word_1_65' title='bbox 400 1111 506 1174; x_wconf 86' lang='lat' dir='ltr'><strong>spectat</strong></span> <span class='ocrx_word' id='word_1_66' title='bbox 518 1120 663 1160; x_wconf 88' lang='lat' dir='ltr'><strong>numerum</strong></span> <span class='ocrx_word' id='word_1_67' title='bbox 674 1107 798 1160; x_wconf 84' lang='lat' dir='ltr'><strong>delinire.</strong></span> <span class='ocrx_word' id='word_1_68' title='bbox 815 1106 869 1160; x_wconf 80' lang='lat' dir='ltr'><strong>Sed</strong></span> <span class='ocrx_word' id='word_1_69' title='bbox 879 1121 933 1160; x_wconf 91' lang='lat' dir='ltr'><strong>non</strong></span> <span class='ocrx_word' id='word_1_70' title='bbox 947 1107 1047 1159; x_wconf 78' lang='lat' dir='ltr'><strong>desunt</strong></span> <span class='ocrx_word' id='word_1_71' title='bbox 1060 1107 1109 1173; x_wconf 91' lang='lat' dir='ltr'><strong>qui</strong></span> <span class='ocrx_word' id='word_1_72' title='bbox 1119 1107 1168 1159; x_wconf 94' lang='lat' dir='ltr'><strong>do·</strong></span> 
     </span>
     <span class='ocr_line' id='line_1_10' title="bbox 140 1177 1171 1245; baseline -0.002 -13"><span class='ocrx_word' id='word_1_73' title='bbox 140 1183 231 1240; x_wconf 84' lang='lat' dir='ltr'><strong>ceant,</strong></span> <span class='ocrx_word' id='word_1_74' title='bbox 246 1179 274 1230; x_wconf 93' lang='lat' dir='ltr'><strong>in</strong></span> <span class='ocrx_word' id='word_1_75' title='bbox 286 1192 372 1245; x_wconf 78' lang='lat' dir='ltr'><strong>parva</strong></span> <span class='ocrx_word' id='word_1_76' title='bbox 385 1179 576 1231; x_wconf 78' lang='lat' dir='ltr'><strong>communitate</strong></span> <span class='ocrx_word' id='word_1_77' title='bbox 587 1191 645 1243; x_wconf 83' lang='lat' dir='ltr'><strong>aex,</strong></span> <span class='ocrx_word' id='word_1_78' title='bbox 662 1183 710 1230; x_wconf 85' lang='lat' dir='ltr'><strong>aut</strong></span> <span class='ocrx_word' id='word_1_79' title='bbox 722 1179 818 1230; x_wconf 82' lang='lat' dir='ltr'><strong>saitem</strong></span> <span class='ocrx_word' id='word_1_80' title='bbox 832 1191 963 1244; x_wconf 88' lang='lat' dir='ltr'><strong>personas</strong></span> <span class='ocrx_word' id='word_1_81' title='bbox 986 1177 1120 1230; x_wconf 84' lang='lat' dir='ltr'><strong>sufficere.</strong></span> <span class='ocrx_word' id='word_1_82' title='bbox 1137 1204 1171 1218; x_wconf 89' lang='lat'><em>-</em></span> 
     </span>
     <span class='ocr_line' id='line_1_11' title="bbox 138 1248 1171 1317; baseline -0.002 -15"><span class='ocrx_word' id='word_1_83' title='bbox 138 1251 175 1316; x_wconf 77' lang='lat' dir='ltr'><strong>(i)</strong></span> <span class='ocrx_word' id='word_1_84' title='bbox 187 1249 276 1302; x_wconf 79' lang='lat' dir='ltr'><strong>ludex</strong></span> <span class='ocrx_word' id='word_1_85' title='bbox 290 1249 456 1310; x_wconf 78' lang='lat' dir='ltr'><strong>notorietotis</strong></span> <span class='ocrx_word' id='word_1_86' title='bbox 480 1250 508 1301; x_wconf 88' lang='lat' dir='ltr'><strong>in</strong></span> <span class='ocrx_word' id='word_1_87' title='bbox 522 1249 623 1317; x_wconf 90' lang='lat' dir='ltr'><strong>populo</strong></span> <span class='ocrx_word' id='word_1_88' title='bbox 644 1249 785 1302; x_wconf 85' lang='lat' dir='ltr'><strong>existentis</strong></span> <span class='ocrx_word' id='word_1_89' title='bbox 805 1250 993 1314; x_wconf 77' lang='lat' dir='ltr'><strong>probationem</strong></span> <span class='ocrx_word' id='word_1_90' title='bbox 1011 1263 1030 1300; x_wconf 87' lang='lat' dir='ltr'><strong>a</strong></span> <span class='ocrx_word' id='word_1_91' title='bbox 1052 1248 1171 1301; x_wconf 91' lang='lat' dir='ltr'><strong>duorum</strong></span> 
     </span>
     <span class='ocr_line' id='line_1_12' title="bbox 138 1319 1166 1386; baseline -0.001 -14"><span class='ocrx_word' id='word_1_92' title='bbox 138 1321 248 1372; x_wconf 86' lang='lat' dir='ltr'><strong>testium</strong></span> <span class='ocrx_word' id='word_1_93' title='bbox 261 1319 314 1372; x_wconf 87' lang='lat' dir='ltr'><strong>tide</strong></span> <span class='ocrx_word' id='word_1_94' title='bbox 326 1319 471 1386; x_wconf 76' lang='lat' dir='ltr'><strong>dignorum</strong></span> <span class='ocrx_word' id='word_1_95' title='bbox 485 1321 651 1385; x_wconf 79' lang='lat' dir='ltr'><strong>depositione</strong></span> <span class='ocrx_word' id='word_1_96' title='bbox 665 1319 768 1373; x_wconf 87' lang='lat' dir='ltr'><strong>babere</strong></span> <span class='ocrx_word' id='word_1_97' title='bbox 779 1325 875 1386; x_wconf 87' lang='lat' dir='ltr'><strong>potest.</strong></span> <span class='ocrx_word' id='word_1_98' title='bbox 893 1321 1028 1373; x_wconf 68' lang='lat' dir='ltr'><strong>Caeterum</strong></span> <span class='ocrx_word' id='word_1_99' title='bbox 1044 1334 1166 1372; x_wconf 92' lang='lat' dir='ltr'><strong>commu·</strong></span> 
     </span>
     <span class='ocr_line' id='line_1_13' title="bbox 137 1391 1168 1458; baseline -0.001 -15"><span class='ocrx_word' id='word_1_100' title='bbox 137 1392 210 1444; x_wconf 90' lang='lat' dir='ltr'><strong>niter</strong></span> <span class='ocrx_word' id='word_1_101' title='bbox 226 1391 356 1444; x_wconf 87' lang='lat' dir='ltr'><strong>Doctores</strong></span> <span class='ocrx_word' id='word_1_102' title='bbox 368 1393 396 1443; x_wconf 90' lang='lat' dir='ltr'><strong>in</strong></span> <span class='ocrx_word' id='word_1_103' title='bbox 409 1392 513 1443; x_wconf 89' lang='lat' dir='ltr'><strong>notorio</strong></span> <span class='ocrx_word' id='word_1_104' title='bbox 526 1391 590 1442; x_wconf 83' lang='lat' dir='ltr'><strong>iacti</strong></span> <span class='ocrx_word' id='word_1_105' title='bbox 610 1392 795 1458; x_wconf 85' lang='lat' dir='ltr'><strong>permanentis</strong></span> <span class='ocrx_word' id='word_1_106' title='bbox 810 1392 912 1445; x_wconf 85' lang='lat' dir='ltr'><strong>nullam</strong></span> <span class='ocrx_word' id='word_1_107' title='bbox 927 1391 1007 1442; x_wconf 88' lang='lat' dir='ltr'><strong>aliam</strong></span> <span class='ocrx_word' id='word_1_108' title='bbox 1028 1391 1168 1456; x_wconf 88' lang='lat' dir='ltr'><strong>probatio·</strong></span> 
     </span>
     <span class='ocr_line' id='line_1_14' title="bbox 137 1462 1170 1528; baseline 0.001 -14"><span class='ocrx_word' id='word_1_109' title='bbox 137 1475 201 1515; x_wconf 87' lang='lat' dir='ltr'><strong>nem</strong></span> <span class='ocrx_word' id='word_1_110' title='bbox 231 1463 393 1528; x_wconf 88' lang='lat' dir='ltr'><strong>requirunt,</strong></span> <span class='ocrx_word' id='word_1_111' title='bbox 419 1463 484 1515; x_wconf 92' lang='lat' dir='ltr'><strong>dum</strong></span> <span class='ocrx_word' id='word_1_112' title='bbox 513 1463 542 1514; x_wconf 93' lang='lat' dir='ltr'><strong>in</strong></span> <span class='ocrx_word' id='word_1_113' title='bbox 562 1463 666 1514; x_wconf 91' lang='lat' dir='ltr'><strong>notorio</strong></span> <span class='ocrx_word' id='word_1_114' title='bbox 690 1463 755 1514; x_wconf 84' lang='lat' dir='ltr'><strong>lacti</strong></span> <span class='ocrx_word' id='word_1_115' title='bbox 782 1463 949 1514; x_wconf 85' lang='lat' dir='ltr'><strong>transeuntis</strong></span> <span class='ocrx_word' id='word_1_116' title='bbox 979 1462 1170 1528; x_wconf 80' lang='lat' dir='ltr'><strong>probationem</strong></span> 
     </span>
     <span class='ocr_line' id='line_1_15' title="bbox 137 1533 1170 1600; baseline 0 -14"><span class='ocrx_word' id='word_1_117' title='bbox 137 1533 257 1598; x_wconf 81' lang='lat' dir='ltr'><strong>plenam,</strong></span> <span class='ocrx_word' id='word_1_118' title='bbox 282 1539 309 1586; x_wconf 87' lang='lat' dir='ltr'><strong>et</strong></span> <span class='ocrx_word' id='word_1_119' title='bbox 333 1534 361 1585; x_wconf 89' lang='lat' dir='ltr'><strong>in</strong></span> <span class='ocrx_word' id='word_1_120' title='bbox 387 1536 492 1588; x_wconf 87' lang='lat' dir='ltr'><strong>notorio</strong></span> <span class='ocrx_word' id='word_1_121' title='bbox 514 1535 577 1586; x_wconf 84' lang='lat' dir='ltr'><strong>tecti</strong></span> <span class='ocrx_word' id='word_1_122' title='bbox 599 1534 755 1599; x_wconf 88' lang='lat' dir='ltr'><strong>interpolati</strong></span> <span class='ocrx_word' id='word_1_123' title='bbox 781 1534 968 1600; x_wconf 87' lang='lat' dir='ltr'><strong>probationem</strong></span> <span class='ocrx_word' id='word_1_124' title='bbox 990 1533 1170 1598; x_wconf 81' lang='lat' dir='ltr'><strong>semiplenam</strong></span> 
     </span>
     <span class='ocr_line' id='line_1_16' title="bbox 138 1603 1169 1672; baseline 0.002 -17"><span class='ocrx_word' id='word_1_125' title='bbox 138 1603 227 1656; x_wconf 83' lang='lat' dir='ltr'><strong>adbuc</strong></span> <span class='ocrx_word' id='word_1_126' title='bbox 251 1604 400 1670; x_wconf 81' lang='lat' dir='ltr'><strong>requirunt,</strong></span> <span class='ocrx_word' id='word_1_127' title='bbox 415 1605 479 1672; x_wconf 84' lang='lat' dir='ltr'><strong>quia</strong></span> <span class='ocrx_word' id='word_1_128' title='bbox 502 1605 561 1656; x_wconf 83' lang='lat' dir='ltr'><strong>baeo</strong></span> <span class='ocrx_word' id='word_1_129' title='bbox 582 1605 635 1656; x_wconf 92' lang='lat' dir='ltr'><strong>duo</strong></span> <span class='ocrx_word' id='word_1_130' title='bbox 658 1604 754 1656; x_wconf 88' lang='lat' dir='ltr'><strong>ultima</strong></span> <span class='ocrx_word' id='word_1_131' title='bbox 768 1606 838 1656; x_wconf 86' lang='lat' dir='ltr'><strong>iacta</strong></span> <span class='ocrx_word' id='word_1_132' title='bbox 852 1609 963 1671; x_wconf 83' lang='lat' dir='ltr'><strong>possent</strong></span> <span class='ocrx_word' id='word_1_133' title='bbox 986 1604 1169 1670; x_wconf 88' lang='lat' dir='ltr'><strong>probabiliter</strong></span> 
     </span>
     <span class='ocr_line' id='line_1_17' title="bbox 138 1674 1171 1741; baseline 0 -15"><span class='ocrx_word' id='word_1_134' title='bbox 138 1675 241 1740; x_wconf 74' lang='lat' dir='ltr'><strong>negari.</strong></span> <span class='ocrx_word' id='word_1_135' title='bbox 257 1674 402 1741; x_wconf 68' lang='lat' dir='ltr'><strong>lagoenas</strong></span> <span class='ocrx_word' id='word_1_136' title='bbox 414 1678 449 1728; x_wconf 87' lang='lat' dir='ltr'><strong>ad</strong></span> <span class='ocrx_word' id='word_1_137' title='bbox 472 1689 531 1741; x_wconf 88' lang='lat' dir='ltr'><strong>cap.</strong></span> <span class='ocrx_word' id='word_1_138' title='bbox 550 1675 640 1730; x_wconf 79' lang='lat' dir='ltr'><strong>l&#39;estra</strong></span> <span class='ocrx_word' id='word_1_139' title='bbox 653 1675 686 1727; x_wconf 89' lang='lat' dir='ltr'><strong>de</strong></span> <span class='ocrx_word' id='word_1_140' title='bbox 709 1675 806 1728; x_wconf 88' lang='lat' dir='ltr'><strong>cobab.</strong></span> <span class='ocrx_word' id='word_1_141' title='bbox 821 1675 886 1728; x_wconf 85' lang='lat' dir='ltr'><strong>cler.</strong></span> <span class='ocrx_word' id='word_1_142' title='bbox 901 1681 929 1728; x_wconf 90' lang='lat' dir='ltr'><strong>et</strong></span> <span class='ocrx_word' id='word_1_143' title='bbox 949 1675 1016 1726; x_wconf 89' lang='lat' dir='ltr'><strong>mul.</strong></span> <span class='ocrx_word' id='word_1_144' title='bbox 1037 1689 1064 1726; x_wconf 91' lang='lat' dir='ltr'><strong>n.</strong></span> <span class='ocrx_word' id='word_1_145' title='bbox 1079 1676 1119 1727; x_wconf 87' lang='grc'><strong>97.</strong></span> <span class='ocrx_word' id='word_1_146' title='bbox 1136 1700 1171 1716; x_wconf 92' lang='grc'>-</span> 
     </span>
     <span class='ocr_line' id='line_1_18' title="bbox 139 1745 1168 1813; baseline 0.002 -18"><span class='ocrx_word' id='word_1_147' title='bbox 139 1745 175 1812; x_wconf 79' lang='grc'><strong>(3)</strong></span> <span class='ocrx_word' id='word_1_148' title='bbox 189 1745 221 1796; x_wconf 91' lang='lat' dir='ltr'><strong>in</strong></span> <span class='ocrx_word' id='word_1_149' title='bbox 232 1747 335 1797; x_wconf 87' lang='lat' dir='ltr'><strong>notorio</strong></span> <span class='ocrx_word' id='word_1_150' title='bbox 345 1747 426 1812; x_wconf 87' lang='lat' dir='ltr'><strong>juris,</strong></span> <span class='ocrx_word' id='word_1_151' title='bbox 441 1751 468 1799; x_wconf 90' lang='lat' dir='ltr'><strong>et</strong></span> <span class='ocrx_word' id='word_1_152' title='bbox 484 1746 705 1813; x_wconf 75' lang='lat' dir='ltr'><strong>presumptionis</strong></span> <span class='ocrx_word' id='word_1_153' title='bbox 719 1747 867 1813; x_wconf 84' lang='lat' dir='ltr'><strong>requiritur</strong></span> <span class='ocrx_word' id='word_1_154' title='bbox 878 1746 1012 1812; x_wconf 86' lang='lat' dir='ltr'><strong>probatio.</strong></span> <span class='ocrx_word' id='word_1_155' title='bbox 1025 1746 1065 1798; x_wconf 90' lang='lat' dir='ltr'><strong>Id.</strong></span> <span class='ocrx_word' id='word_1_156' title='bbox 1082 1747 1120 1797; x_wconf 92' lang='lat' dir='ltr'><strong>ib.</strong></span> <span class='ocrx_word' id='word_1_157' title='bbox 1135 1773 1168 1784; x_wconf 98' lang='lat'><em>-</em></span> 
     </span>
     <span class='ocr_line' id='line_1_19' title="bbox 139 1816 1166 1884; baseline 0 -16"><span class='ocrx_word' id='word_1_158' title='bbox 139 1817 177 1882; x_wconf 79' lang='lat' dir='ltr'><strong>(l)</strong></span> <span class='ocrx_word' id='word_1_159' title='bbox 190 1816 277 1880; x_wconf 81' lang='lat' dir='ltr'><strong>Ratio,</strong></span> <span class='ocrx_word' id='word_1_160' title='bbox 292 1817 357 1884; x_wconf 85' lang='lat' dir='ltr'><strong>quia</strong></span> <span class='ocrx_word' id='word_1_161' title='bbox 377 1831 432 1869; x_wconf 90' lang='lat' dir='ltr'><strong>non</strong></span> <span class='ocrx_word' id='word_1_162' title='bbox 446 1818 544 1870; x_wconf 83' lang='lat' dir='ltr'><strong>sufficit</strong></span> <span class='ocrx_word' id='word_1_163' title='bbox 555 1832 598 1870; x_wconf 85' lang='lat' dir='ltr'><strong>ex.</strong></span> <span class='ocrx_word' id='word_1_164' title='bbox 614 1832 654 1884; x_wconf 80' lang='lat' dir='ltr'><strong>gr.</strong></span> <span class='ocrx_word' id='word_1_165' title='bbox 675 1817 850 1870; x_wconf 79' lang='lat' dir='ltr'><strong>homicidium</strong></span> <span class='ocrx_word' id='word_1_166' title='bbox 865 1817 950 1869; x_wconf 83' lang='lat' dir='ltr'><strong>fuisse</strong></span> <span class='ocrx_word' id='word_1_167' title='bbox 969 1817 1073 1870; x_wconf 90' lang='lat' dir='ltr'><strong>notorie</strong></span> <span class='ocrx_word' id='word_1_168' title='bbox 1090 1831 1166 1869; x_wconf 90' lang='lat' dir='ltr'><strong>oom-</strong></span> 
     </span>
     <span class='ocr_line' id='line_1_20' title="bbox 139 1888 1167 1955; baseline 0.004 -15"><span class='ocrx_word' id='word_1_169' title='bbox 139 1889 272 1949; x_wconf 82' lang='lat' dir='ltr'><strong>miasum;</strong></span> <span class='ocrx_word' id='word_1_170' title='bbox 288 1888 430 1942; x_wconf 86' lang='lat' dir='ltr'><strong>sedetiam</strong></span> <span class='ocrx_word' id='word_1_171' title='bbox 444 1890 548 1944; x_wconf 89' lang='lat' dir='ltr'><strong>notorie</strong></span> <span class='ocrx_word' id='word_1_172' title='bbox 557 1892 681 1942; x_wconf 83' lang='lat' dir='ltr'><strong>constare</strong></span> <span class='ocrx_word' id='word_1_173' title='bbox 690 1889 778 1954; x_wconf 89' lang='lat' dir='ltr'><strong>debet,</strong></span> <span class='ocrx_word' id='word_1_174' title='bbox 792 1889 820 1941; x_wconf 93' lang='lat' dir='ltr'><strong>id</strong></span> <span class='ocrx_word' id='word_1_175' title='bbox 834 1889 923 1955; x_wconf 83' lang='lat' dir='ltr'><strong>culpo,</strong></span> <span class='ocrx_word' id='word_1_176' title='bbox 934 1889 977 1942; x_wconf 88' lang='lat' dir='ltr'><strong>vel</strong></span> <span class='ocrx_word' id='word_1_177' title='bbox 991 1888 1053 1943; x_wconf 91' lang='lat' dir='ltr'><strong>doio</strong></span> <span class='ocrx_word' id='word_1_178' title='bbox 1064 1889 1167 1944; x_wconf 74' lang='lat' dir='ltr'><strong>fetuum</strong></span> 
     </span>
     <span class='ocr_line' id='line_1_21' title="bbox 139 1959 712 2015; baseline -0.002 -3"><span class='ocrx_word' id='word_1_179' title='bbox 139 1960 233 2014; x_wconf 75' lang='lat' dir='ltr'><strong>nusae.</strong></span> <span class='ocrx_word' id='word_1_180' title='bbox 248 1959 424 2014; x_wconf 82' lang='lat' dir='ltr'><strong>Reidenstuei</strong></span> <span class='ocrx_word' id='word_1_181' title='bbox 435 1962 470 2015; x_wconf 85' lang='lat' dir='ltr'><strong>de</strong></span> <span class='ocrx_word' id='word_1_182' title='bbox 484 1963 601 2014; x_wconf 86' lang='lat' dir='ltr'><strong>accusat.</strong></span> <span class='ocrx_word' id='word_1_183' title='bbox 615 1975 645 2013; x_wconf 91' lang='lat' dir='ltr'><strong>n.</strong></span> <span class='ocrx_word' id='word_1_184' title='bbox 657 1961 712 2012; x_wconf 68' lang='lat'><strong>265.</strong></span> 
     </span>
    </p>
   </div>
   <div class='ocr_carea' id='block_1_4' title="bbox 53 2174 1168 2431">
    <p class='ocr_par' dir='ltr' id='par_1_4' title="bbox 53 2174 1168 2431">
     <span class='ocr_line' id='line_1_22' title="bbox 170 2174 1168 2252; baseline 0.002 -18"><span class='ocrx_word' id='word_1_185' title='bbox 170 2177 233 2235; x_wconf 79' lang='grc'><strong>913.</strong></span> <span class='ocrx_word' id='word_1_186' title='bbox 258 2178 290 2234; x_wconf 92' lang='lat' dir='ltr'><strong>in</strong></span> <span class='ocrx_word' id='word_1_187' title='bbox 305 2174 363 2235; x_wconf 88' lang='lat' dir='ltr'><strong>hoc</strong></span> <span class='ocrx_word' id='word_1_188' title='bbox 376 2175 484 2238; x_wconf 83' lang='lat' dir='ltr'><strong>deinde</strong></span> <span class='ocrx_word' id='word_1_189' title='bbox 501 2175 611 2252; x_wconf 81' lang='lat' dir='ltr'><strong>iudicio</strong></span> <span class='ocrx_word' id='word_1_190' title='bbox 635 2175 779 2237; x_wconf 87' lang='lat' dir='ltr'><strong>criminali</strong></span> <span class='ocrx_word' id='word_1_191' title='bbox 793 2175 955 2237; x_wconf 88' lang='lat' dir='ltr'><strong>summario</strong></span> <span class='ocrx_word' id='word_1_192' title='bbox 971 2177 1034 2236; x_wconf 88' lang='lat' dir='ltr'><strong>nori</strong></span> <span class='ocrx_word' id='word_1_193' title='bbox 1048 2178 1095 2234; x_wconf 88' lang='lat' dir='ltr'><strong>est</strong></span> <span class='ocrx_word' id='word_1_194' title='bbox 1108 2190 1168 2236; x_wconf 87' lang='lat' dir='ltr'><strong>nc·</strong></span> 
     </span>
     <span class='ocr_line' id='line_1_23' title="bbox 135 2257 1167 2342; baseline -0.002 -18"><span class='ocrx_word' id='word_1_195' title='bbox 135 2279 221 2324; x_wconf 88' lang='lat' dir='ltr'><strong>cesse</strong></span> <span class='ocrx_word' id='word_1_196' title='bbox 238 2263 400 2326; x_wconf 87' lang='lat' dir='ltr'><strong>observare</strong></span> <span class='ocrx_word' id='word_1_197' title='bbox 417 2264 493 2342; x_wconf 82' lang='lat' dir='ltr'><strong>J&#39;uris</strong></span> <span class='ocrx_word' id='word_1_198' title='bbox 511 2257 721 2339; x_wconf 66' lang='lat' dir='ltr'><strong>solemnitates</strong></span> <span class='ocrx_word' id='word_1_199' title='bbox 745 2271 780 2326; x_wconf 93' lang='lat' dir='ltr'><strong>ut</strong></span> <span class='ocrx_word' id='word_1_200' title='bbox 801 2281 892 2342; x_wconf 88' lang='lat' dir='ltr'><strong>supra</strong></span> <span class='ocrx_word' id='word_1_201' title='bbox 904 2263 967 2340; x_wconf 81' lang='lat' dir='ltr'><strong>J&#39;am</strong></span> <span class='ocrx_word' id='word_1_202' title='bbox 981 2261 1112 2322; x_wconf 74' lang='lat' dir='ltr'><strong>dumus</strong></span> <span class='ocrx_word' id='word_1_203' title='bbox 1125 2263 1167 2323; x_wconf 87' lang='lat' dir='ltr'><strong>de</strong></span> 
     </span>
     <span class='ocr_line' id='line_1_24' title="bbox 53 2352 1167 2431; baseline 0 -19"><span class='ocrx_word' id='word_1_204' title='bbox 53 2417 55 2422; x_wconf 65' lang='grc'>,</span> <span class='ocrx_word' id='word_1_205' title='bbox 105 2384 108 2392; x_wconf 89' lang='grc'><strong>-</strong></span> <span class='ocrx_word' id='word_1_206' title='bbox 135 2369 281 2429; x_wconf 85' lang='lat' dir='ltr'><strong>processu</strong></span> <span class='ocrx_word' id='word_1_207' title='bbox 308 2353 470 2414; x_wconf 87' lang='lat' dir='ltr'><strong>summario</strong></span> <span class='ocrx_word' id='word_1_208' title='bbox 493 2352 581 2429; x_wconf 84' lang='lat' dir='ltr'><strong>civili,</strong></span> <span class='ocrx_word' id='word_1_209' title='bbox 601 2354 672 2431; x_wconf 92' lang='lat' dir='ltr'><strong>quia</strong></span> <span class='ocrx_word' id='word_1_210' title='bbox 696 2353 858 2414; x_wconf 72' lang='lat' dir='ltr'><strong>canonistas</strong></span> <span class='ocrx_word' id='word_1_211' title='bbox 877 2353 1084 2414; x_wconf 85' lang='lat' dir='ltr'><strong>universaliter</strong></span> <span class='ocrx_word' id='word_1_212' title='bbox 1103 2357 1167 2412; x_wconf 82' lang='lat' dir='ltr'><strong>tra-</strong></span> 
     </span>
    </p>
   </div>
   <div class='ocr_carea' id='block_1_5' title="bbox 39 2440 1164 2519">
    <p class='ocr_par' dir='ltr' id='par_1_5' title="bbox 39 2440 1164 2519">
     <span class='ocr_line' id='line_1_25' title="bbox 39 2440 1164 2519; baseline 0.002 -19"><span class='ocrx_word' id='word_1_213' title='bbox 39 2475 42 2483; x_wconf 92' lang='lat'>·</span> <span class='ocrx_word' id='word_1_214' title='bbox 133 2440 539 2519; x_wconf 75' lang='lat' dir='ltr'><strong>dunt,inbisjudieiis1&#39;uris</strong></span> <span class='ocrx_word' id='word_1_215' title='bbox 559 2443 694 2504; x_wconf 92' lang='lat' dir='ltr'><strong>ordinem</strong></span> <span class='ocrx_word' id='word_1_216' title='bbox 712 2459 773 2504; x_wconf 92' lang='lat' dir='ltr'><strong>non</strong></span> <span class='ocrx_word' id='word_1_217' title='bbox 790 2459 857 2504; x_wconf 88' lang='lat' dir='ltr'><strong>esse</strong></span> <span class='ocrx_word' id='word_1_218' title='bbox 870 2440 1094 2502; x_wconf 83' lang='lat' dir='ltr'><strong>observandum</strong></span> <span class='ocrx_word' id='word_1_219' title='bbox 1108 2444 1164 2514; x_wconf 87' lang='lat' dir='ltr'><strong>(t).</strong></span> 
     </span>
    </p>
   </div>
   <div class='ocr_carea' id='block_1_6' title="bbox 135 2529 1167 2786">
    <p class='ocr_par' dir='ltr' id='par_1_6' title="bbox 135 2529 1167 2786">
     <span class='ocr_line' id='line_1_26' title="bbox 135 2529 1167 2609; baseline 0.002 -19"><span class='ocrx_word' id='word_1_220' title='bbox 135 2529 209 2590; x_wconf 89' lang='lat' dir='ltr'><strong>ilinc</strong></span> <span class='ocrx_word' id='word_1_221' title='bbox 222 2547 282 2590; x_wconf 88' lang='lat' dir='ltr'><strong>uon</strong></span> <span class='ocrx_word' id='word_1_222' title='bbox 303 2530 464 2608; x_wconf 82' lang='lat' dir='ltr'><strong>requiritur</strong></span> <span class='ocrx_word' id='word_1_223' title='bbox 481 2531 643 2609; x_wconf 81' lang='lat' dir='ltr'><strong>accusatio,</strong></span> <span class='ocrx_word' id='word_1_224' title='bbox 657 2533 706 2593; x_wconf 82' lang='lat' dir='ltr'><strong>vel</strong></span> <span class='ocrx_word' id='word_1_225' title='bbox 730 2531 929 2605; x_wconf 86' lang='lat' dir='ltr'><strong>denunciatio,</strong></span> <span class='ocrx_word' id='word_1_226' title='bbox 948 2545 1047 2607; x_wconf 85' lang='lat' dir='ltr'><strong>neque</strong></span> <span class='ocrx_word' id='word_1_227' title='bbox 1072 2529 1167 2592; x_wconf 84' lang='lat' dir='ltr'><strong>libelli</strong></span> 
     </span>
     <span class='ocr_line' id='line_1_27' title="bbox 135 2617 1166 2698; baseline 0.001 -20"><span class='ocrx_word' id='word_1_228' title='bbox 135 2617 257 2694; x_wconf 89' lang='lat' dir='ltr'><strong>oblatio,</strong></span> <span class='ocrx_word' id='word_1_229' title='bbox 273 2635 370 2697; x_wconf 89' lang='lat' dir='ltr'><strong>neque</strong></span> <span class='ocrx_word' id='word_1_230' title='bbox 384 2619 443 2680; x_wconf 88' lang='lat' dir='ltr'><strong>litis</strong></span> <span class='ocrx_word' id='word_1_231' title='bbox 460 2621 648 2695; x_wconf 81' lang='lat' dir='ltr'><strong>contestatio,</strong></span> <span class='ocrx_word' id='word_1_232' title='bbox 668 2637 766 2698; x_wconf 91' lang='lat' dir='ltr'><strong>neque</strong></span> <span class='ocrx_word' id='word_1_233' title='bbox 784 2620 965 2698; x_wconf 87' lang='lat' dir='ltr'><strong>quandoque</strong></span> <span class='ocrx_word' id='word_1_234' title='bbox 978 2635 1051 2680; x_wconf 84' lang='lat' dir='ltr'><strong>uera</strong></span> <span class='ocrx_word' id='word_1_235' title='bbox 1063 2618 1166 2679; x_wconf 89' lang='lat' dir='ltr'><strong>crimi-</strong></span> 
     </span>
     <span class='ocr_line' id='line_1_28' title="bbox 136 2707 1166 2786; baseline 0.001 -19"><span class='ocrx_word' id='word_1_236' title='bbox 136 2707 183 2767; x_wconf 87' lang='lat' dir='ltr'><strong>nis</strong></span> <span class='ocrx_word' id='word_1_237' title='bbox 197 2708 333 2785; x_wconf 91' lang='lat' dir='ltr'><strong>probatio</strong></span> <span class='ocrx_word' id='word_1_238' title='bbox 349 2715 400 2782; x_wconf 81' lang='lat'><em>(2).</em></span> <span class='ocrx_word' id='word_1_239' title='bbox 420 2709 523 2770; x_wconf 81' lang='lat' dir='ltr'><strong>ditatio</strong></span> <span class='ocrx_word' id='word_1_240' title='bbox 542 2725 616 2770; x_wconf 84' lang='lat' dir='ltr'><strong>vero</strong></span> <span class='ocrx_word' id='word_1_241' title='bbox 630 2709 685 2786; x_wconf 89' lang='lat' dir='ltr'><strong>rei,</strong></span> <span class='ocrx_word' id='word_1_242' title='bbox 706 2709 850 2786; x_wconf 91' lang='lat' dir='ltr'><strong>quidquid</strong></span> <span class='ocrx_word' id='word_1_243' title='bbox 864 2710 901 2769; x_wconf 92' lang='lat' dir='ltr'><strong>de</strong></span> <span class='ocrx_word' id='word_1_244' title='bbox 912 2708 1013 2785; x_wconf 86' lang='lat' dir='ltr'><strong>rigore</strong></span> <span class='ocrx_word' id='word_1_245' title='bbox 1022 2707 1108 2785; x_wconf 86' lang='lat' dir='ltr'><strong>juris,</strong></span> <span class='ocrx_word' id='word_1_246' title='bbox 1124 2725 1166 2768; x_wconf 86' lang='lat' dir='ltr'><strong>ex</strong></span> 
     </span>
    </p>
   </div>
   <div class='ocr_carea' id='block_1_7' title="bbox 136 2797 1277 2874">
    <p class='ocr_par' dir='ltr' id='par_1_7' title="bbox 136 2797 1277 2874">
     <span class='ocr_line' id='line_1_29' title="bbox 136 2797 1277 2874; baseline -0.002 -17"><span class='ocrx_word' id='word_1_247' title='bbox 136 2797 222 2872; x_wconf 82' lang='lat' dir='ltr'><strong>praxi</strong></span> <span class='ocrx_word' id='word_1_248' title='bbox 237 2815 255 2857; x_wconf 87' lang='lat' dir='ltr'><strong>a</strong></span> <span class='ocrx_word' id='word_1_249' title='bbox 268 2797 444 2859; x_wconf 83' lang='lat' dir='ltr'><strong>Ductoribus</strong></span> <span class='ocrx_word' id='word_1_250' title='bbox 455 2799 673 2873; x_wconf 88' lang='lat' dir='ltr'><strong>commendata,</strong></span> <span class='ocrx_word' id='word_1_251' title='bbox 689 2805 720 2860; x_wconf 91' lang='lat' dir='ltr'><strong>et</strong></span> <span class='ocrx_word' id='word_1_252' title='bbox 733 2800 841 2874; x_wconf 88' lang='lat' dir='ltr'><strong>astylo</strong></span> <span class='ocrx_word' id='word_1_253' title='bbox 855 2798 1008 2859; x_wconf 80' lang='lat' dir='ltr'><strong>curiarum</strong></span> <span class='ocrx_word' id='word_1_254' title='bbox 1023 2797 1166 2858; x_wconf 84' lang='lat' dir='ltr'><strong>canoniz-</strong></span> <span class='ocrx_word' id='word_1_255' title='bbox 1274 2807 1277 2856; x_wconf 71' lang='lat'>9</span> 
     </span>
    </p>
   </div>
   <div class='ocr_carea' id='block_1_8' title="bbox 111 2885 1166 3052">
    <p class='ocr_par' dir='ltr' id='par_1_8' title="bbox 111 2885 1166 3052">
     <span class='ocr_line' id='line_1_30' title="bbox 138 2885 1166 2964; baseline 0.003 -19"><span class='ocrx_word' id='word_1_256' title='bbox 138 2891 212 2960; x_wconf 83' lang='lat' dir='ltr'><strong>uota,</strong></span> <span class='ocrx_word' id='word_1_257' title='bbox 230 2885 391 2962; x_wconf 90' lang='lat' dir='ltr'><strong>requiritur</strong></span> <span class='ocrx_word' id='word_1_258' title='bbox 411 2886 450 2946; x_wconf 92' lang='lat' dir='ltr'><strong>ad</strong></span> <span class='ocrx_word' id='word_1_259' title='bbox 474 2903 659 2964; x_wconf 88' lang='lat' dir='ltr'><strong>processum,</strong></span> <span class='ocrx_word' id='word_1_260' title='bbox 673 2885 704 2946; x_wconf 90' lang='lat' dir='ltr'><strong>iu</strong></span> <span class='ocrx_word' id='word_1_261' title='bbox 720 2904 780 2963; x_wconf 92' lang='lat' dir='ltr'><strong>quo</strong></span> <span class='ocrx_word' id='word_1_262' title='bbox 795 2903 849 2948; x_wconf 89' lang='lat' dir='ltr'><strong>reo</strong></span> <span class='ocrx_word' id='word_1_263' title='bbox 867 2885 1027 2962; x_wconf 84' lang='lat' dir='ltr'><strong>exponitur</strong></span> <span class='ocrx_word' id='word_1_264' title='bbox 1038 2887 1166 2962; x_wconf 86' lang='lat' dir='ltr'><strong>factum,</strong></span> 
     </span>
     <span class='ocr_line' id='line_1_31' title="bbox 111 2973 1166 3052; baseline 0 -16"><span class='ocrx_word' id='word_1_265' title='bbox 111 3029 114 3036; x_wconf 91' lang='lat'>.</span> <span class='ocrx_word' id='word_1_266' title='bbox 138 2988 194 3048; x_wconf 90' lang='lat' dir='ltr'><strong>pro</strong></span> <span class='ocrx_word' id='word_1_267' title='bbox 208 2991 269 3050; x_wconf 92' lang='lat' dir='ltr'><strong>quo</strong></span> <span class='ocrx_word' id='word_1_268' title='bbox 283 2974 399 3050; x_wconf 88' lang='lat' dir='ltr'><strong>citatur,</strong></span> <span class='ocrx_word' id='word_1_269' title='bbox 419 2980 449 3036; x_wconf 92' lang='lat' dir='ltr'><strong>et</strong></span> <span class='ocrx_word' id='word_1_270' title='bbox 468 2976 533 3052; x_wconf 86' lang='lat' dir='ltr'><strong>ejas</strong></span> <span class='ocrx_word' id='word_1_271' title='bbox 546 2975 664 3036; x_wconf 87' lang='lat' dir='ltr'><strong>auditur</strong></span> <span class='ocrx_word' id='word_1_272' title='bbox 681 2974 824 3051; x_wconf 85' lang='lat' dir='ltr'><strong>defensio,</strong></span> <span class='ocrx_word' id='word_1_273' title='bbox 838 2980 868 3036; x_wconf 90' lang='lat' dir='ltr'><strong>et</strong></span> <span class='ocrx_word' id='word_1_274' title='bbox 882 2973 1043 3051; x_wconf 89' lang='lat' dir='ltr'><strong>requiritur</strong></span> <span class='ocrx_word' id='word_1_275' title='bbox 1057 2974 1097 3034; x_wconf 91' lang='lat' dir='ltr'><strong>ad</strong></span> <span class='ocrx_word' id='word_1_276' title='bbox 1110 2992 1166 3037; x_wconf 86' lang='lat' dir='ltr'><strong>au·</strong></span> 
     </span>
    </p>
   </div>
   <div class='ocr_carea' id='block_1_9' title="bbox 138 3060 1276 3142">
    <p class='ocr_par' dir='ltr' id='par_1_9' title="bbox 138 3060 1276 3142">
     <span class='ocr_line' id='line_1_32' title="bbox 138 3060 1276 3142; baseline 0.003 -20"><span class='ocrx_word' id='word_1_277' title='bbox 138 3060 277 3122; x_wconf 90' lang='lat' dir='ltr'><strong>diendam</strong></span> <span class='ocrx_word' id='word_1_278' title='bbox 289 3069 406 3123; x_wconf 85' lang='lat' dir='ltr'><strong>sentent</strong></span> <span class='ocrx_word' id='word_1_279' title='bbox 394 3063 465 3124; x_wconf 89' lang='lat' dir='ltr'><strong>tiam</strong></span> <span class='ocrx_word' id='word_1_280' title='bbox 469 3065 634 3141; x_wconf 87' lang='lat' dir='ltr'><strong>quaelioet</strong></span> <span class='ocrx_word' id='word_1_281' title='bbox 646 3064 740 3126; x_wconf 86' lang='lat' dir='ltr'><strong>libera</strong></span> <span class='ocrx_word' id='word_1_282' title='bbox 753 3063 903 3142; x_wconf 67' lang='lat' dir='ltr'><strong>straturis</strong></span> <span class='ocrx_word' id='word_1_283' title='bbox 916 3063 1163 3139; x_wconf 85' lang='lat' dir='ltr'><strong>solemnitatibus,</strong></span> <span class='ocrx_word' id='word_1_284' title='bbox 1275 3092 1276 3107; x_wconf 41' lang='grc' dir='ltr'><strong>ι</strong></span> 
     </span>
    </p>
   </div>
   <div class='ocr_carea' id='block_1_10' title="bbox 137 3150 1164 3404">
    <p class='ocr_par' dir='ltr' id='par_1_10' title="bbox 137 3150 1164 3404">
     <span class='ocr_line' id='line_1_33' title="bbox 137 3150 1164 3229; baseline 0.001 -17"><span class='ocrx_word' id='word_1_285' title='bbox 137 3150 331 3228; x_wconf 88' lang='lat' dir='ltr'><strong>promeritam</strong></span> <span class='ocrx_word' id='word_1_286' title='bbox 358 3169 480 3228; x_wconf 90' lang='lat' dir='ltr'><strong>poenam</strong></span> <span class='ocrx_word' id='word_1_287' title='bbox 498 3153 651 3215; x_wconf 86' lang='lat' dir='ltr'><strong>declarare</strong></span> <span class='ocrx_word' id='word_1_288' title='bbox 669 3153 758 3214; x_wconf 87' lang='lat' dir='ltr'><strong>dohet</strong></span> <span class='ocrx_word' id='word_1_289' title='bbox 762 3169 876 3229; x_wconf 89' lang='lat' dir='ltr'><strong>,aqua</strong></span> <span class='ocrx_word' id='word_1_290' title='bbox 888 3158 988 3212; x_wconf 86' lang='lat' dir='ltr'><strong>tameu</strong></span> <span class='ocrx_word' id='word_1_291' title='bbox 1001 3153 1164 3229; x_wconf 89' lang='lat' dir='ltr'><strong>appellatio</strong></span> 
     </span>
     <span class='ocr_line' id='line_1_34' title="bbox 138 3239 1161 3350; baseline 0.002 -50"><span class='ocrx_word' id='word_1_292' title='bbox 138 3257 200 3301; x_wconf 91' lang='lat' dir='ltr'><strong>non</strong></span> <span class='ocrx_word' id='word_1_293' title='bbox 212 3239 299 3300; x_wconf 92' lang='lat' dir='ltr'><strong>datur</strong></span> <span class='ocrx_word' id='word_1_294' title='bbox 306 3244 358 3314; x_wconf 83' lang='lat'><strong>(3)</strong></span> <span class='ocrx_word' id='word_1_295' title='bbox 374 3241 444 3317; x_wconf 89' lang='lat' dir='ltr'><strong>quia</strong></span> <span class='ocrx_word' id='word_1_296' title='bbox 454 3243 519 3304; x_wconf 81' lang='lat' dir='ltr'><strong>haeo</strong></span> <span class='ocrx_word' id='word_1_297' title='bbox 533 3241 739 3318; x_wconf 87' lang='lat' dir='ltr'><strong>pronunciatio</strong></span> <span class='ocrx_word' id='word_1_298' title='bbox 751 3241 850 3318; x_wconf 91' lang='lat' dir='ltr'><strong>potius</strong></span> <span class='ocrx_word' id='word_1_299' title='bbox 862 3247 908 3302; x_wconf 85' lang='lat' dir='ltr'><strong>est</strong></span> <span class='ocrx_word' id='word_1_300' title='bbox 919 3240 1161 3350; x_wconf 59' lang='lat' dir='ltr'><strong>juerio,</strong></span> 
     </span>
     <span class='ocr_line' id='line_1_35' title="bbox 138 3329 451 3404; baseline 0.003 -15"><span class='ocrx_word' id='word_1_301' title='bbox 138 3345 228 3404; x_wconf 90' lang='lat' dir='ltr'><strong>quam</strong></span> <span class='ocrx_word' id='word_1_302' title='bbox 242 3329 388 3390; x_wconf 88' lang='lat' dir='ltr'><strong>sententia</strong></span> <span class='ocrx_word' id='word_1_303' title='bbox 399 3333 451 3402; x_wconf 76' lang='lat' dir='ltr'><strong>(t)</strong></span> 
     </span>
    </p>
   </div>
   <div class='ocr_carea' id='block_1_11' title="bbox 137 3481 1161 3694">
    <p class='ocr_par' dir='ltr' id='par_1_11' title="bbox 137 3481 1161 3694">
     <span class='ocr_line' id='line_1_36' title="bbox 169 3481 1161 3553; baseline 0.009 -23"><span class='ocrx_word' id='word_1_304' title='bbox 169 3481 203 3546; x_wconf 84' lang='lat' dir='ltr'><strong>(i)</strong></span> <span class='ocrx_word' id='word_1_305' title='bbox 215 3481 273 3533; x_wconf 84' lang='lat' dir='ltr'><strong>Hoc</strong></span> <span class='ocrx_word' id='word_1_306' title='bbox 282 3482 395 3548; x_wconf 87' lang='lat' dir='ltr'><strong>proinde</strong></span> <span class='ocrx_word' id='word_1_307' title='bbox 408 3481 510 3534; x_wconf 90' lang='lat' dir='ltr'><strong>modo</strong></span> <span class='ocrx_word' id='word_1_308' title='bbox 502 3497 530 3534; x_wconf 89' lang='lat' dir='ltr'><strong>rn</strong></span> <span class='ocrx_word' id='word_1_309' title='bbox 543 3485 657 3537; x_wconf 86' lang='lat' dir='ltr'><strong>notoriis</strong></span> <span class='ocrx_word' id='word_1_310' title='bbox 671 3483 780 3553; x_wconf 91' lang='lat' dir='ltr'><strong>procedi</strong></span> <span class='ocrx_word' id='word_1_311' title='bbox 794 3485 883 3550; x_wconf 84' lang='lat' dir='ltr'><strong>potest</strong></span> <span class='ocrx_word' id='word_1_312' title='bbox 895 3486 987 3538; x_wconf 90' lang='lat' dir='ltr'><strong>contra</strong></span> <span class='ocrx_word' id='word_1_313' title='bbox 1006 3485 1161 3552; x_wconf 84' lang='lat' dir='ltr'><strong>absentem,</strong></span> 
     </span>
     <span class='ocr_line' id='line_1_37' title="bbox 138 3552 1160 3619; baseline 0.01 -20"><span class='ocrx_word' id='word_1_314' title='bbox 138 3552 165 3599; x_wconf 93' lang='lat' dir='ltr'><strong>et</strong></span> <span class='ocrx_word' id='word_1_315' title='bbox 188 3554 382 3616; x_wconf 88' lang='lat' dir='ltr'><strong>contumacem,</strong></span> <span class='ocrx_word' id='word_1_316' title='bbox 395 3554 487 3605; x_wconf 89' lang='lat' dir='ltr'><strong>contra</strong></span> <span class='ocrx_word' id='word_1_317' title='bbox 507 3558 670 3619; x_wconf 72' lang='lat' dir='ltr'><strong>presentem</strong></span> <span class='ocrx_word' id='word_1_318' title='bbox 682 3557 764 3609; x_wconf 88' lang='lat' dir='ltr'><strong>etiam</strong></span> <span class='ocrx_word' id='word_1_319' title='bbox 785 3555 831 3608; x_wconf 90' lang='lat' dir='ltr'><strong>lito</strong></span> <span class='ocrx_word' id='word_1_320' title='bbox 853 3569 908 3608; x_wconf 89' lang='lat' dir='ltr'><strong>non</strong></span> <span class='ocrx_word' id='word_1_321' title='bbox 925 3559 1084 3617; x_wconf 82' lang='lat' dir='ltr'><strong>contestata,</strong></span> <span class='ocrx_word' id='word_1_322' title='bbox 1101 3570 1160 3609; x_wconf 85' lang='lat' dir='ltr'><strong>ser·</strong></span> 
     </span>
     <span class='ocr_line' id='line_1_38' title="bbox 137 3618 1158 3694; baseline 0.02 -29"><span class='ocrx_word' id='word_1_323' title='bbox 137 3619 198 3668; x_wconf 87' lang='lat' dir='ltr'><strong>vato</strong></span> <span class='ocrx_word' id='word_1_324' title='bbox 219 3618 263 3669; x_wconf 87' lang='lat' dir='ltr'><strong>vel</strong></span> <span class='ocrx_word' id='word_1_325' title='bbox 275 3634 330 3672; x_wconf 91' lang='lat' dir='ltr'><strong>non</strong></span> <span class='ocrx_word' id='word_1_326' title='bbox 341 3625 449 3674; x_wconf 77' lang='lat' dir='ltr'><strong>servato</strong></span> <span class='ocrx_word' id='word_1_327' title='bbox 471 3623 542 3687; x_wconf 82' lang='lat' dir='ltr'><strong>juris</strong></span> <span class='ocrx_word' id='word_1_328' title='bbox 564 3624 667 3678; x_wconf 88' lang='lat' dir='ltr'><strong>ordine.</strong></span> <span class='ocrx_word' id='word_1_329' title='bbox 691 3627 824 3683; x_wconf 88' lang='lat' dir='ltr'><strong>Dicimus.</strong></span> <span class='ocrx_word' id='word_1_330' title='bbox 839 3631 943 3682; x_wconf 77' lang='lat' dir='ltr'><strong>structo</strong></span> <span class='ocrx_word' id='word_1_331' title='bbox 960 3627 1036 3694; x_wconf 78' lang='lat' dir='ltr'><strong>jurio</strong></span> <span class='ocrx_word' id='word_1_332' title='bbox 1051 3627 1158 3688; x_wconf 69' lang='lat' dir='ltr'><strong>ordina</strong></span> 
     </span>
    </p>
   </div>
   <div class='ocr_carea' id='block_1_12' title="bbox 138 3685 1158 3768">
    <p class='ocr_par' dir='ltr' id='par_1_12' title="bbox 138 3685 1158 3768">
     <span class='ocr_line' id='line_1_39' title="bbox 138 3685 1158 3768; baseline 0.02 -34"><span class='ocrx_word' id='word_1_333' title='bbox 138 3685 201 3746; x_wconf 84' lang='lat' dir='ltr'><strong>quie</strong></span> <span class='ocrx_word' id='word_1_334' title='bbox 214 3687 243 3738; x_wconf 87' lang='lat' dir='ltr'><strong>in</strong></span> <span class='ocrx_word' id='word_1_335' title='bbox 254 3690 366 3743; x_wconf 86' lang='lat' dir='ltr'><strong>notoriis</strong></span> <span class='ocrx_word' id='word_1_336' title='bbox 380 3695 469 3756; x_wconf 84' lang='lat' dir='ltr'><strong>potest</strong></span> <span class='ocrx_word' id='word_1_337' title='bbox 479 3705 585 3759; x_wconf 86' lang='lat' dir='ltr'><strong>quoque</strong></span> <span class='ocrx_word' id='word_1_338' title='bbox 598 3696 913 3763; x_wconf 64' lang='lat' dir='ltr'><strong>precaturprecantur</strong></span> <span class='ocrx_word' id='word_1_339' title='bbox 925 3699 1057 3768; x_wconf 79' lang='lat' dir='ltr'><strong>portibus,</strong></span> <span class='ocrx_word' id='word_1_340' title='bbox 1074 3698 1158 3762; x_wconf 79' lang='lat' dir='ltr'><strong>otlito</strong></span> 
     </span>
    </p>
   </div>
   <div class='ocr_carea' id='block_1_13' title="bbox 0 0 1291 4080">
    <p class='ocr_par' dir='ltr' id='par_1_13' title="bbox 0 0 1291 4080">
     <span class='ocr_line' id='line_1_40' title="bbox 0 0 1291 4080; baseline 0 0"><span class='ocrx_word' id='word_1_341' title='bbox 0 0 1291 4080; x_wconf 95' lang='lat' dir='ltr'><strong> </strong></span> 
     </span>
    </p>
   </div>
  </div>
 </body>
</html>
