2560 4080
571 135 729 193 -i'id-
819 169 821 172 ·

128 273 287 336 superare,
302 263 353 318 ant
376 271 587 334 compensum
603 261 633 316 et
649 255 781 332 uicissim
795 257 846 332 qui
860 273 914 334 par
930 258 1073 335 injustam
1089 275 1157 320 rem

124 347 289 424 iudicatum
308 343 418 422 aliquid
432 345 561 406 alienum
579 345 657 406 mala
674 345 733 406 fide
753 351 799 406 cst
820 353 1033 424 consequutus,
1054 347 1158 409 adhuc

130 441 247 498 tenetur
268 434 341 496 illud
357 433 524 507 restituere,
543 451 601 495 nec
622 435 700 495 valet
724 435 928 511 praescribere,
959 437 1030 513 quia
1057 438 1160 497 obstat

128 527 208 586 mala
231 523 316 584 tides.
338 523 396 584 Sed
410 522 435 583 si
449 522 515 600 quis
534 540 589 599 per
605 521 747 600 injustam
769 540 834 584 rem
849 523 1013 600 judicatam
1026 524 1164 585 alienum

128 614 208 674 boun
221 611 280 673 flde
294 611 481 686 obtinuisset,
507 617 610 688 posset
634 611 707 672 illud
724 613 780 672 sibi
795 614 924 672 retinere
937 619 1008 689 post
1021 615 1165 690 comple-

128 709 190 764 tam
203 702 470 780 praescriptionem,
484 717 546 761 non
571 707 650 775 ante,
672 701 741 778 quia
755 701 941 779 praescriptio
960 703 1098 764 medium
1117 708 1166 763 cst

128 790 303 868 acquirendi
316 789 446 852 dominia
459 805 655 864 rerumpnon
667 807 717 850 res
730 790 861 866 jndicata
881 795 933 862 (t).
949 795 1049 863 Quare
1063 791 1119 868 qui
1133 791 1165 851 in

125 879 239 958 judicic
264 879 345 940 bona
367 879 427 940 tide
450 878 584 941 debiturn
599 877 729 955 negarit,
752 885 782 938 et
796 896 851 955 per
872 895 938 939 rem
953 879 1124 956 judicatam
1146 898 1166 938 a

129 968 229 1030 debito
243 968 387 1030 liberatus
399 975 455 1042 est,
474 967 574 1028 adhuc
601 972 718 1027 tenetur
740 965 873 1028 debiturn
898 969 1026 1041 solvere,
1046 966 1073 1027 si
1093 973 1164 1028 ante
1271 951 1272 1012 1

130 1058 312 1135 completam
326 1056 584 1137 praescriptionem
595 1073 635 1116 cx
648 1062 731 1116 certo
742 1055 941 1117 instrumento
955 1065 1115 1132 agnoscat,
1131 1074 1164 1116 se
1271 1075 1272 1084 ³

129 1146 296 1208 debitorem
313 1146 404 1208 fuisse
419 1164 428 1220 ς
445 1151 474 1208 et
497 1144 631 1206 similiter
646 1144 697 1221 qui
716 1147 845 1221 pretium
868 1145 913 1206 rei
927 1146 1164 1206 commodataea

130 1235 364 1298 commodatario
383 1236 500 1297 amisse
517 1251 572 1311 per
592 1251 658 1296 rem
672 1235 837 1311 iudicatam
862 1233 998 1310 obtinuit,
1014 1234 1041 1294 si
1055 1241 1166 1311 postea

130 1341 196 1386 rem
217 1325 435 1386 commodatam
462 1330 631 1400 recuperet,
660 1329 712 1385 aut
733 1323 830 1401 ipsam
851 1339 928 1398 rem,
954 1329 1005 1384 aut
1028 1325 1165 1400 pretium

131 1413 366 1474 commodatario
378 1413 535 1475 restituere
555 1419 673 1474 tenetur
689 1415 742 1486 (a).

162 1561 199 1626 (t)
214 1561 243 1614 S.
256 1561 364 1628 ligurio
376 1561 394 1614 l.
406 1562 431 1627 t,
442 1575 471 1614 n.
489 1559 546 1614 815.
558 1587 588 1602 ·-
604 1561 640 1628 (8)
653 1561 798 1628 zellinger.
815 1560 849 1614 de
866 1563 935 1614 sant.
950 1559 964 1627 ξ
979 1561 1036 1614 tte.

487 2082 691 2166 TITULUS
720 2082 814 2168 xlv.

446 2343 484 2388 DE
500 2341 671 2388 exacuuntur
684 2341 851 2390 SENTENTIAE.

138 2521 282 2576 smmum!
297 2537 304 2572 ι
318 2523 374 2576 858.
388 2522 450 2576 Intra
461 2523 523 2590 qnod
536 2527 625 2589 unpns
639 2523 758 2576 sentmtia
769 2521 871 2575 meantia
886 2522 915 2575 sit
935 2521 1100 2575 6156511618-
1109 2523 1166 2575 859.
1271 2489 1272 2498 ¹

168 2595 199 2646 In
214 2593 294 2661 quibus
307 2595 421 2659 rebus-et
434 2609 480 2661 quo
495 2594 594 2647 ordina?
608 2621 635 2632 -·
652 2594 708 2646 866.
730 2597 751 2646 Α
769 2594 859 2660 quihus,
881 2597 904 2645 at
920 2595 1035 2660 quomodo
1057 2593 1118 2645 fiat?
1137 2622 1166 2632 —

169 2667 224 2718 861.
243 2667 302 2726 Quid
316 2667 428 2734 mendum
447 2667 476 2719 ud
496 2667 564 2719 cuda
583 2667 742 2720 emlesiasiice
760 2666 895 2718 senentiam
915 2665 1069 2732 exequendam
1087 2669 1169 2718 conns

169 2735 314 2790 51118558-
329 2739 384 2790 868.
401 2738 497 2798 Quando
513 2737 583 2804 ludex
596 2738 761 2790 ecclesiasticus
774 2737 849 2803 possit
865 2735 981 2789 brachium
998 2737 1109 2789 saeculare
1121 2737 1165 2788 im·

169 2809 277 2874 plorata?
285 2837 317 2849 -
330 2809 384 2861 863.
402 2813 438 2862 An
449 2810 515 2863 liccat
524 2809 595 2876 ludici
608 2809 710 2862 seculari
721 2813 771 2862 tcta
784 2821 905 2875 processus
918 2811 1012 2875 peterat

178 2999 242 3056 858.
261 2997 423 3071 Sententia,
443 3013 510 3072 quae
532 2997 563 3057 in
580 3011 644 3058 rom
655 2996 816 3072 iudicatam
831 2994 977 3068 transivit,
996 2993 1170 3056 executioni

138 3083 309 3146 mandanda
321 3091 376 3159 cst,
397 3092 427 3146 et
453 3087 573 3162 quidem
593 3085 693 3146 statim
723 3101 762 3146 ex
777 3087 849 3160 'jure
866 3083 1023 3157 canonice,
1047 3084 1170 3160 quando

140 3173 237 3250 agitur
249 3173 288 3234 dc
302 3173 420 3235 actione
442 3175 525 3250 reali,
546 3177 704 3252 deunana,
731 3191 798 3251 quae
824 3174 923 3234 stetim
949 3172 1027 3233 tradi
1044 3179 1169 3249 potest:
1271 3229 1272 3250 χ

141 3264 333 3341 nequeenim
352 3281 422 3325 reus
438 3265 497 3325 hoc
515 3281 589 3325 casu
606 3263 759 3324 offerendo
774 3263 900 3340 pignora
913 3279 946 3322 se
960 3267 1062 3338 potest
1080 3268 1170 3322 atre·

141 3352 253 3413 ditionc
266 3353 395 3414 liberare
409 3357 465 3426 (t);
479 3354 601 3428 quando
618 3369 691 3414 vero
711 3353 810 3428 agitur
822 3352 861 3412 de
875 3350 993 3411 actione
1009 3350 1171 3426 personali,

141 3440 278 3500 executio
291 3439 356 3499 fieri
369 3440 457 3499 debet
468 3439 545 3498 iutra
562 3441 779 3516 quadrimestre
798 3440 878 3500 edic
898 3439 984 3500 editae
999 3438 1169 3511 sentcntiae,

142 3526 190 3582 vel
203 3543 222 3582 a
236 3526 285 3586 dia
304 3527 539 3587 confirmationis
558 3529 589 3587 in
619 3528 818 3605 appellatione
838 3530 936 3604 iactae,
954 3528 996 3588 ita
1016 3535 1120 3589 tamen
1140 3532 1171 3588 ut
1271 3557 1272 3564 ³
