2432 4078
495 129 657 188 *319-

81 253 132 312 iioo
142 249 234 326 ipsum
245 248 320 310 ratio
334 249 507 325 tonstrinam
521 266 591 311 nam
604 249 630 312 si
646 249 678 310 in
693 255 798 311 mutuo
808 249 951 327 recipitur
963 251 1081 314 lucrum

80 345 172 417 praeter
188 347 304 413 sortem,
326 339 437 400 tollitur
456 340 609 416 aequaiitas
632 339 709 400 inter
730 339 843 413 datum,
862 344 892 400 et
910 348 1078 416 acceptum,

79 443 132 505 que
143 433 292 504 tantopere
304 426 472 489 necessaria
485 433 531 488 est
539 428 577 488 ad
587 428 732 504 justitiam
745 435 962 490 contractuum.
978 430 1080 490 Prote·

80 525 119 578 cto
133 517 197 578 haeo
210 535 268 577 non
292 517 377 578 adest
396 517 557 593 aequalitas,
575 517 601 577 si
624 515 674 594 qui
694 525 831 578 mutuum
849 525 969 578 centum
989 516 1081 594 dedit,

79 605 185 683 recipiat
201 613 321 668 cautum
334 607 456 666 decem:
473 606 538 666 haec
551 605 630 666 onim
649 606 754 666 decem
768 622 829 667 non
842 613 969 684 possunt
982 607 1079 682 perci·

79 693 103 769 pi
117 700 146 755 ut
162 695 272 756 tructus
284 694 338 769 rei,
356 711 422 771 quae
442 695 474 754 iu
493 694 658 756 dominium
676 694 847 757 mutuatarii
869 695 1014 772 transivit,
1033 693 1082 758 cui

80 782 125 842 soii
136 777 300 844 nucufloat.
941 859 945 867 x

107 872 251 933 Conclusio
269 871 438 948 huiusmodi
456 872 592 948 procedit
605 874 741 935 absolute
759 873 790 933 iu
808 874 976 948 illamam,
995 887 1087 950 quom

11 1023 12 1030 p
78 965 203 1022 Doctores
215 961 365 1038 appeliant
381 961 584 1038 luorotoriom,
600 968 630 1023 et
645 961 781 1024 consistit
794 962 824 1024 in
837 963 933 1037 lucro,
945 961 1025 1038 quod
1038 979 1089 1021 ra·

77 1049 145 1109 tione
161 1049 252 1110 solius
268 1049 374 1125 mutui,
390 1057 420 1111 et
435 1051 550 1126 absque
568 1068 720 1112 concursu
734 1051 859 1128 alicujus
872 1049 1034 1112 extrinseci
1051 1049 1089 1110 ti·

79 1137 121 1198 tuti
133 1138 299 1215 percipitur.
313 1143 376 1200 Hos
389 1138 468 1200 enim
483 1146 563 1200 esset
574 1142 693 1202 luorum
707 1141 806 1202 iacere
818 1146 922 1201 contra
934 1141 984 1216 ius
998 1145 1087 1202 natu·

78 1227 138 1301 rate,
151 1228 283 1288 divinum
296 1231 348 1302 (4),
362 1233 392 1288 et
412 1228 645 1291 ecclesiasticum
658 1233 715 1302 (t);
732 1229 814 1306 quod
834 1229 1021 1290 manifestem
1041 1227 1089 1288 in-

76 1314 204 1390 justitiam
225 1316 367 1391 continet,
389 1323 419 1378 et
442 1318 481 1376 ad
505 1318 723 1379 restitutionem
748 1317 859 1394 obligat
883 1318 972 1379 etiam
991 1317 1087 1378 haare-

79 1405 124 1464 des
142 1409 190 1480 (6).
211 1405 287 1465 Hinc
306 1406 372 1482 jure
394 1405 560 1482 meritoque
588 1405 759 1466 damnanda
782 1406 982 1482 quorumdam
1000 1405 1090 1468 etism

80 1493 280 1554 catholicorum
294 1494 439 1555 sententia
452 1511 491 1554 ex
505 1491 672 1556 schismatis
686 1495 843 1555 calviniani
857 1493 995 1566 incendio
1009 1501 1087 1570 orta,

79 1599 136 1658 quae
154 1583 191 1642 ab
206 1599 305 1643 usurae
325 1583 392 1644 laba
413 1589 538 1644 excusat
556 1584 674 1645 lucrum
699 1584 887 1644 moderatum
910 1601 948 1644 ex
967 1582 1091 1661 pecunia

79 1671 243 1748 negotiatori
264 1678 397 1733 mutuata
417 1680 603 1748 perceptum,
619 1689 659 1733 ex
682 1689 741 1750 qua
759 1672 823 1750 ipse
844 1672 1009 1750 negotiator
1027 1689 1090 1734 ma-

79 1775 158 1834 gnam
175 1760 300 1826 retrahit
317 1759 471 1820 utilitatem
489 1765 541 1834 (7).
563 1765 671 1821 Notum
695 1753 794 1838 plane,
814 1767 844 1822 et
859 1768 1014 1837 copertum
1032 1767 1090 1837 est,

79 1848 217 1908 neminem
238 1865 329 1926 posse
343 1865 382 1908 ex
397 1865 431 1910 re
444 1850 540 1909 atiena
562 1849 680 1909 lucrum
701 1849 822 1925 facere;
842 1857 873 1910 at
891 1867 940 1910 res
957 1857 1092 1912 mutuato

79 1937 219 2012 italiana,
235 1939 321 2013 cujus
333 1938 415 1997 solus
426 1937 621 1998 mutuatarius
634 1937 722 1999 debet
735 1955 825 1999 omne
839 1939 1043 2014 commodum,
1060 1943 1090 2000 et

79 2027 211 2088 mmnum
230 2027 360 2087 sentire:
383 2026 534 2104 quomodo
548 2043 620 2103 ergo
635 2025 699 2088 fleri
716 2026 836 2103 poterit,
850 2037 883 2088 ut
900 2045 949 2088 ros
964 2035 1025 2088 tota
1037 2027 1094 2105 ipsi

80 2123 185 2191 pereat,
199 2122 230 2176 et
244 2132 349 2176 omnes
364 2115 391 2176 ei
402 2133 463 2175 nou
478 2113 537 2174 sint
548 2115 726 2176 attribuendi
739 2117 864 2190 fructus,
880 2107 934 2178 aad
945 2134 1015 2192 oum
1027 2134 1079 2179 mu

81 2210 171 2266 tuente
185 2205 361 2266 dividendi?
375 2210 498 2281 insuper
513 2203 651 2282 pecunia,
666 2210 696 2264 et
709 2221 758 2265 res
771 2205 927 2282 tangibiles
940 2204 969 2264 in
988 2223 1021 2266 se
1032 2211 1092 2266 ste·

79 2291 134 2353 ritis
152 2301 209 2370 est,
228 2311 287 2354 neo
303 2295 419 2354 fructus
438 2293 543 2366 affert;
558 2294 611 2353 sed
632 2293 696 2352 sola
717 2292 862 2354 industria
875 2311 915 2354 ex
931 2311 967 2354 oa
980 2295 1095 2356 tructus

80 2384 215 2460 percipio
232 2383 314 2459 atqui
328 2382 410 2442 solus
421 2381 617 2446 mutuatarius
630 2381 714 2459 ponit
725 2381 916 2459 industriam3
928 2400 1000 2459 ergo
1011 2385 1094 2444 solus

79 2471 269 2538 mutuatarius
282 2471 371 2532 debet
384 2488 489 2532 omues
502 2471 617 2532 fructus
631 2469 793 2547 colligere(
811 2475 833 2545 ).

108 2672 140 2738 (1)
158 2671 237 2736 Quod
259 2671 436 2724 communiter
449 2672 548 2726 dicitur
567 2683 652 2724 usura
663 2671 818 2738 appellatur
831 2671 911 2724 etiam
925 2670 1020 2740 funus.
1037 2672 1097 2728 Hoo

79 2745 187 2811 utroquo
200 2744 310 2796 nomine
324 2743 457 2796 indicatur
471 2743 585 2802 luorum,
600 2742 673 2808 quod
693 2743 842 2808 percipitur
857 2756 891 2794 ex
904 2747 1007 2795 mutuo.
1023 2743 1097 2798 Dici·

81 2819 122 2865 tur
133 2829 217 2868 usura
231 2815 330 2868 abusu
345 2815 393 2874 rai,
409 2815 473 2880 quia
490 2814 618 2865 nimirum
631 2815 737 2866 luorum
751 2814 900 2882 percipitur
913 2817 1023 2881 proptor
1036 2828 1099 2868 cou-

82 2897 181 2938 oessum
191 2900 273 2940 usum
285 2886 324 2938 roi
336 2905 344 2948 t
358 2891 385 2938 ot
398 2885 498 2939 dicitur
511 2887 600 2938 ioenus
614 2899 631 2936 a
645 2885 722 2948 iaetu,
737 2886 794 2937 sivo
807 2888 895 2952 partu,
910 2887 974 2952 quia
984 2886 1099 2950 luorum,

81 2959 147 3020 quod
160 2958 311 3024 parcipitur
321 2959 460 3022 apeounia
470 2959 599 3016 mutuata,
609 2955 724 3008 hahetur
732 2959 869 3022 nmquam
880 2957 967 3022 ipsius
977 2959 1099 3022 pecunia

80 3031 176 3091 partus.
195 3029 286 3091 Quare
302 3033 454 3081 contractus
468 3027 619 3087 usurarius,
634 3032 661 3079 et
670 3031 822 3080 contractus
837 3028 1017 3084 frenaratitius
1027 3029 1097 3080 idern

83 3104 180 3152 sonant.
193 3127 225 3139 -
238 3099 275 3165 (i)
288 3100 352 3166 Cap.
367 3101 381 3150 3
396 3100 430 3151 de
443 3113 519 3151 usur.
533 3098 561 3149 iu
574 3112 627 3164 quo
641 3099 808 3163 gravissimas
822 3113 911 3164 poenas
925 3106 1017 3152 contra
1030 3113 1098 3152 usu-

83 3170 162 3222 rarios
175 3169 364 3222 decernuntur.
373 3196 400 3207 —
411 3171 447 3235 (3)
457 3159 620 3221 Ciamunio.
632 3169 665 3222 do
679 3183 754 3221 usur.
769 3169 818 3220 ubi
832 3171 884 3222 suh
900 3184 980 3236 poeua
991 3185 1098 3223 excom·

82 3241 266 3293 manicationis
275 3241 400 3293 omuibus
410 3239 589 3305 potestatibus
599 3244 626 3290 et
631 3240 770 3304 judicibus
781 3242 991 3306 prohibetur‚no
999 3244 1101 3293 statuta

53 3324 55 3334 ⁴
83 3309 113 3361 tis
125 3312 259 3364 solvendis
277 3313 368 3364 usuris
390 3313 498 3371 iaciant,
511 3311 697 3375 autiudiosnt.
714 3339 742 3350 «-
756 3311 792 3377 (i)
812 3311 1039 3364 Exod.201›erit.
1058 3311 1100 3375 85,

84 3379 186 3436 Denter.
205 3384 236 3436 23
254 3387 282 3436 ot
298 3385 361 3436 Luo.
382 3397 440 3450 cap.
462 3385 477 3436 6
496 3384 512 3441 t
529 3383 558 3434 tt
573 3381 621 3434 ubi
639 3381 771 3436 habemus
792 3382 937 3436 :Mutuum
950 3382 1012 3436 aaa
1027 3381 1100 3442 nituit
1133 3400 1134 3403 ¹

85 3449 143 3506 inda
153 3463 298 3522 sperantes.
311 3483 338 3494 -
350 3455 388 3522 (5)
396 3455 454 3508 Hoc
467 3454 572 3508 eruitur
581 3467 615 3506 ox
628 3453 721 3508 multis
730 3453 815 3508 sacris
826 3453 975 3506 canonibus
985 3452 1046 3519 dist.
1057 3453 1100 3508 rt.

87 3535 154 3580 raus.
170 3527 209 3592 it,
222 3541 249 3595 q.
259 3527 274 3581 3
286 3527 340 3582 ott
353 3530 381 3582 et
394 3527 434 3581 tit.
447 3525 792 3583 consummarentur
807 3525 934 3581 moment
945 3549 976 3566 -
985 3523 1021 3592 (t)
1030 3525 1098 3594 cap.
