2494 4062
497 147 638 206 ..71-

92 283 129 324 tea
141 269 210 325 tabet
225 242 383 338 patestatem
404 268 597 334 impedimenta
612 239 822 324 matrimonium
828 270 992 344 ‚dirimaatia
1004 271 1086 328 iada·

90 341 154 406 aedi,
167 343 209 393 rect
222 357 252 394 ea
267 347 384 406 potestus
399 343 473 394 ctctte'
489 343 649 398 auctoritati
663 342 798 408 competet,
814 358 831 396 a
845 357 898 410 qua
908 344 1086 410 impedimen-

88 417 109 466 ta
119 413 248 466 existentia
262 413 382 466 tattenda
392 418 462 466 sant.
480 415 581 479 Syllab.
593 429 668 480 prop.
685 415 724 464 68.
742 442 771 452 -
788 416 824 478 (t)
839 416 916 466 Hauc
930 423 1088 479 potestatam

87 484 150 534 habet
161 485 278 536 Ecclesia
288 487 353 548 jure
364 498 412 536 suo
423 485 522 549 nativo,
534 499 565 536 ax
579 499 610 537 eo
621 485 690 550 quod
706 499 722 536 a
735 485 839 537 Christo
855 487 974 538 instituta
988 487 1038 538 tuit
1052 487 1087 538 ad

15 557 16 610 ὲ
88 555 270 607 sanctificandos
285 562 314 607 et
329 555 471 607 salvandos
485 556 622 617 hominem
638 561 664 606 et
682 570 742 608 eam
757 562 829 606 certo
852 560 952 608 certius
966 560 1088 610 mutuata

87 640 127 677 nou
138 633 174 677 eat
193 641 209 676 a
223 631 357 694 potestate
381 625 462 689 civiti,
477 640 538 692 quae
556 640 703 693 numquam
725 627 889 678 matrimonii
904 630 1088 682 sanctificandi

89 703 221 760 potestatem
246 698 353 748 habuit.
369 698 432 749 ideo
460 698 529 750 tatsa
545 698 633 762 prima
650 697 737 748 iroute
751 706 863 764 apparet
880 713 997 765 sequens
1010 701 1087 752 dam·

89 774 133 817 nata
141 769 283 833 propositio
298 789 304 818 ι
317 768 433 821 Ecclesia
442 769 606 834 sequtoeteae
615 767 715 820 cacalia
726 767 886 822 dirimentia
895 769 1089 835 iteepadimeata

87 837 286 906 tetaeerecaptt,
305 853 361 891 000
374 841 438 906 jure
460 839 580 904 proprio,
593 839 639 890 sed
661 839 782 904 ettojaee
804 854 862 904 asa,
886 841 956 906 qaod
973 857 991 894 a
1014 841 1089 895 civiti
1174 865 1178 874 ·

85 911 538 975 00101010010100100001801101).
556 925 634 976 prop.
655 910 696 960 dt.
713 935 741 947 -
753 910 789 974 (3)
808 911 878 962 Sess.
898 913 937 973 tt,
953 927 978 964 c.
998 913 1084 966 3011.

85 978 238 1044 Zattingerde
254 995 350 1047 spons.
368 983 440 1033 019
456 987 482 1033 ct
498 996 573 1046 seqq.
593 981 642 1031 lsti
655 981 805 1032 ‘tridentini
818 995 934 1034 canones
954 991 1089 1036 suntvare

84 1049 212 1116 dogmatici,
228 1058 255 1106 et
279 1067 375 1104 eorum
400 1053 509 1104 definita
538 1059 656 1114 potestas
680 1052 844 1102 assentari
858 1054 1088 1120 auctoritatepro·

83 1123 156 1174 venire
168 1137 265 1188 prosus
281 1126 387 1188 nequit,
401 1137 462 1189 quae
481 1123 542 1175 fidoi
554 1125 652 1194 dogma
666 1122 748 1173 dandi
770 1125 878 1174 omnino
892 1124 1024 1188 impotens
1039 1130 1087 1176 ast.

83 1190 151 1253 Quam
164 1195 196 1245 ob
213 1209 328 1246 causam
340 1197 402 1258 jura
412 1196 539 1246 damnata
554 1195 605 1245 suit
619 1207 737 1260 sequens
754 1197 919 1260 propositio:
937 1193 1091 1250 Tridentini

83 1275 185 1328 anates,
199 1267 247 1332 qut
273 1265 460 1319 anathematis
482 1279 622 1317 cantaram
646 1263 699 1315 etta
712 1263 847 1327 interant,
862 1265 909 1332 qai
930 1266 1091 1332 facultatem

82 1333 255 1398 impedimenta
273 1337 438 1390 dirimentia
452 1336 598 1390 inducendi
613 1333 730 1387 Ecclesiae
744 1347 841 1399 acpare
858 1338 968 1400 auderet,
983 1337 1091 1390 oetaeo

82 1409 130 1458 tant
144 1406 298 1471 dramatici,
313 1409 354 1460 cet
373 1408 404 1459 de
421 1407 471 1460 hac
485 1412 613 1460 taatuata
634 1407 763 1471 potestate
777 1406 947 1472 tntetttpendt
958 1413 1031 1461 rant.
1048 1409 1088 1460 lb.

82 1479 239 1541 000010.-
263 1480 299 1544 (d)
320 1481 395 1530 luter
417 1479 474 1531 haec
497 1476 821 1544 impedimentaquidam
840 1480 928 1531 adhuc
951 1483 1092 1532 numerant

83 1552 206 1600 amentiam
233 1557 262 1603 et
288 1552 418 1610 turorem,
435 1565 495 1616 quae
510 1565 527 1602 a
542 1551 621 1602 nobis
644 1548 791 1600 omittenda
804 1550 930 1602 videntur
944 1572 950 1614 ς
966 1566 1030 1603 nam
1043 1565 1092 1616 per

83 1633 107 1670 ea
118 1622 141 1670 iu
157 1625 259 1673 trintum
276 1623 479 1672 matrimonium
496 1628 537 1674 cst
553 1622 668 1680 nultum,
682 1621 711 1668 in
731 1625 861 1685 quantum
874 1623 962 1675 detuit
980 1635 1094 1675 consen·

84 1703 127 1750 aas,
142 1693 232 1758 dequo
248 1693 319 1745 aiibi
335 1700 491 1746 tractamus.

109 1916 162 1974 366.
182 1919 270 1976 Nunc
286 1913 325 1974 de
344 1913 477 1989 singulis.
500 1917 591 1973 Error
612 1913 643 1973 in
661 1914 849 1975 matrimonio
871 1903 970 1990 potest
982 1913 1092 1992 duplici

82 2003 156 2064 modo
174 2006 363 2079 contingere,
388 2019 495 2078 nempe
520 2002 600 2062 circa
621 2019 788 2080 persanata,
813 2011 843 2063 et
867 2003 945 2063 circa
962 2021 1092 2080 persona

83 2093 229 2165 0001110100.
258 2098 352 2153 Error
372 2091 451 2152 circa
466 2108 625 2167 personam
639 2093 753 2152 nullum
783 2091 903 2152 omnino
924 2090 1012 2152 etiam
1024 2093 1092 2166 jure

82 2188 178 2243 naturae
191 2182 295 2243 reddit
317 2180 550 2255 matrimonium,
572 2181 652 2257 quod
666 2197 824 2253 consensu,
838 2186 868 2240 et
880 2180 972 2240 libera
985 2182 1092 2240 rotun-

84 2274 131 2330 tate
152 2273 318 2348 pcrficitur,
346 2287 416 2330 cum
438 2269 563 2330 errantis
590 2271 688 2330 nullus
707 2269 744 2329 sit
770 2286 945 2342 consensus,
963 2276 993 2328 et
1012 2270 1093 2330 nulla

83 2361 269 2436 1010010011).
284 2365 344 2420 Nec
359 2360 463 2433 refert,
480 2375 518 2418 an
536 2375 620 2418 error
635 2375 714 2432 cum,
729 2360 777 2418 vel
800 2359 864 2418 sinc
880 2358 949 2417 dolo
964 2357 1091 2417 interic-

84 2449 154 2525 ncrit,
177 2469 215 2511 an
236 2447 329 2510 fuerit
343 2447 535 2521 antecedens,
560 2446 685 2508 atdans
708 2463 829 2506 causam
843 2445 1021 2518 contractui,
1045 2446 1093 2506 vel

84 2539 285 2609 concomitans,
305 2543 334 2596 et
353 2535 487 2595 incidens
507 2535 537 2594 in
558 2542 744 2594 contractum
761 2536 949 2610 :appellatur
973 2540 1091 2595 antece-

85 2624 144 2686 dens
160 2629 208 2687 itte
237 2642 335 2697 error,
358 2642 417 2700 quo
442 2624 573 2700 cognito,
593 2624 658 2699 quis
673 2641 732 2682 000
747 2623 851 2684 fuisset
873 2623 1093 2685 matrimonium

85 2723 289 2786 contracturae,
305 2713 355 2789 qui
378 2713 501 2787 proinde
532 2712 640 2772 dicitur
670 2713 742 2772 darc
761 2729 883 2772 causam
905 2713 1090 2786 contractui3

84 2807 233 2880 appellatur
255 2795 458 2863 concomitans
473 2800 531 2873 ittc,
557 2819 616 2878 quo
643 2801 773 2878 cognito,
795 2801 861 2876 quis
882 2801 980 2860 adhuc
991 2799 1094 2860 fuisset

84 2895 292 2954 matrimonium
307 2898 524 2964 contracturae,
542 2889 593 2966 qui
610 2891 736 2966 proinde
759 2888 866 2949 dicitur
883 2889 1014 2950 incidere
1021 2891 1092 2949 'tan-

85 2985 136 3042 tum
147 2985 175 3042 iu
190 2988 349 3044 contractu
364 2984 414 3052 (i).

112 3075 195 3132 Error
211 3072 295 3132 circa
318 3084 454 3144 personae
475 3067 640 3143 qtralitates,
659 3074 692 3126 ut
717 3066 796 3128 circa
810 3068 969 3140 fortunam,
985 3066 1094 3128 sanita*

85 3165 144 3234 1010,
158 3161 351 3230 nobilitatem,
375 3163 405 3216 ct
425 3143 631 3232 integritatem,
654 3155 768 3216 etiamsi
790 3174 827 3216 ex
846 3157 915 3216 dolo
928 3155 1093 3232 proveniat,

86 3257 127 3308 aut
142 3251 177 3310 sit
197 3249 390 3318 antecedens,
411 3263 465 3321 per
487 3262 519 3304 se
539 3261 599 3304 000
614 3252 713 3320 potest
732 3245 912 3317 matrimonii
926 3244 1095 3304 firmitatem
1150 3273 1152 3277 ·

86 3333 214 3412 impedire
228 3359 234 3398 :
250 3354 320 3397 nam
332 3336 379 3394 hae
395 3333 549 3409 qualitates
576 3349 636 3391 non
655 3333 765 3394 cadunt
786 3334 816 3393 in
834 3340 1006 3394 contractus
1024 3332 1113 3391 sub--

87 3428 194 3501 tractim
216 3425 269 3488 sad
287 3424 422 3502 ejusdem
435 3422 638 3504 accidentalia,
656 3429 686 3480 et
700 3422 876 3482 extrinsecae
896 3439 994 3482 causae
1015 3423 1093 3478 sunt.

88 3514 228 3591 Praeterea,
243 3516 269 3576 si
289 3515 329 3574 ob
346 3513 451 3572 harum
466 3512 639 3586 qualitatum
652 3527 786 3570 crrorem
801 3513 914 3570 nultum
928 3510 1013 3567 deret
1031 3521 1093 3564 ma-

614 3617 618 3638 .
