2560 4080
583 275 744 331 -ttln-

133 398 737 465 miminerbteeeoeisoognoeeeret.ane1.
757 398 812 464 jnr.
832 396 910 451 Pont
927 395 964 450 ed
977 408 1080 452 mnam
1096 395 1165 456 tuto,

135 485 197 540 pag.
211 470 284 534 maa,
296 473 323 523 et
336 469 510 524 Stremlerde
523 485 595 538 pren.
612 471 676 524 eccl.
692 471 763 536 part.
777 470 801 528 3,
817 471 882 521 sect.
899 467 921 532 l,
932 481 957 520 c.
971 468 997 520 i.

175 669 238 726 cll.
248 669 346 726 Sacrae
353 667 602 742 congregationes
612 661 680 725 enit
691 664 780 726 veluti
795 663 918 725 totidem
931 661 1039 722 summi
1048 660 1169 722 Pontib-

141 754 185 814 cis
196 759 331 828 Senatus,
343 761 373 815 et
385 753 553 827 vicariatus,
566 754 618 832 qui
631 751 855 814 acardinalibus
865 751 1031 828 prasertim
1042 767 1167 827 compc-

141 841 190 902 siti
197 846 238 914 (l)
246 841 367 903 nomine
375 841 483 904 summi
491 841 651 915 Pontificio,
659 847 690 902 et
701 840 733 900 in
746 842 854 902 eodem
869 839 1006 901 tribunali
1019 843 1061 910 (2)
1074 857 1170 916 nego-

142 929 183 990 tia
193 927 394 992 ecclesiastica
403 931 627 992 sibicommissa
638 947 708 991 cim
721 936 869 1006 potestate
881 929 1053 1006 apostolica
1069 932 1122 1002 (3),
1137 937 1168 990 ct

142 1017 293 1079 ordinaria
305 1025 346 1094 (l)
358 1026 555 1096 cognoscunt,
572 1026 602 1080 ct
615 1019 769 1079 deliniunt.
780 1018 895 1078 idcirco
911 1017 1089 1090 decisiones,
1105 1017 1167 1078 sive

141 1107 295 1168 sententiae
313 1125 332 1167 a
350 1109 444 1168 sacris
463 1107 746 1184 congregationibus
772 1107 896 1183 prolatae
915 1106 1026 1164 nullam
1047 1105 1169 1182 proprie

142 1195 251 1258 dictam
264 1196 492 1274 appellationem
505 1196 652 1273 rccipiunt
662 1201 714 1270 (5),
734 1197 804 1273 quia
816 1196 971 1256 sententiae
985 1201 1055 1256 sunt
1068 1200 1166 1272 Papae,

141 1302 232 1362 aquo
247 1302 307 1346 non
321 1287 498 1362 appellatur,
510 1303 579 1346 cum
592 1303 643 1346 eas
666 1303 721 1363 per
734 1301 890 1346 sacrarum
900 1301 1023 1344 suarum
1038 1289 1168 1360 congre·

141 1373 295 1452 gationum
306 1373 504 1436 ministerium
517 1375 641 1451 profert,
656 1381 686 1434 et
703 1390 817 1447 omnes,
834 1390 911 1450 quos
924 1373 1098 1449 respiciunt,
1114 1391 1170 1450 per

142 1463 247 1524 orbem
261 1463 424 1524 catholicos
437 1462 467 1522 in
483 1470 612 1540 utroquo
632 1465 698 1524 loro
718 1463 860 1546 obligant,
876 1469 1026 1538 tamquam
1047 1463 1169 1538 pontill-

142 1551 196 1612 ciae
210 1551 386 1626 decisiones,
406 1551 437 1612 in
462 1552 507 1626 iis,
524 1569 591 1628 quae
606 1551 728 1628 siugulis
746 1551 1030 1628 congregationibus
1047 1553 1170 1613 luerunt

138 1658 160 1700 a
171 1646 250 1718 Papa
263 1642 433 1715 commissa,
449 1642 529 1718 quia,
545 1648 578 1702 ut
593 1643 634 1702 ait
646 1641 822 1702 Benedictus
838 1647 908 1714 lllll,
923 1657 999 1701 voce
1013 1658 1170 1702 sacrarum

141 1729 410 1808 Congregationum
431 1749 501 1792 sues
514 1730 601 1792 Sedes
614 1729 776 1808 Apostolicu
790 1729 920 1790 colorat
933 1731 1095 1791 sententias
1114 1734 1166 1804 (6).

172 1907 207 1974 (l)
221 1908 287 1960 Tres
305 1908 334 1960 in
348 1908 469 1974 qualibet
485 1909 694 1974 congregatione
707 1908 741 1960 ad
757 1907 874 1973 legitime
896 1909 1102 1972 deliberandum
1116 1909 1167 1962 de-

141 1981 207 2034 bent
219 1995 279 2034 esse
294 1980 466 2042 Cardinales;
480 1994 543 2032 nam
557 1980 636 2032 aliter
647 1980 742 2031 baberi
756 1994 809 2031 non
826 1983 919 2045 posset
931 1979 1091 2033 deliberatio
1110 1983 1168 2034 col·

140 2053 255 2118 legialis.
268 2052 352 2104 ldulto
366 2057 455 2104 nmen
468 2052 560 2118 plures
574 2055 638 2102 sunt
652 2051 807 2104 cardinales
821 2052 856 2103 ad
869 2053 953 2116 Papae
975 2053 1120 2104 arbitrium
1137 2053 1167 2104 S.

140 2125 380 2190 Cougregationem
391 2123 572 2186 efformanles,
582 2122 653 2174 inter
662 2136 730 2188 quos
739 2137 810 2176 unus
820 2125 990 2176 constituitur
1000 2125 1137 2176 Praeiectu
1144 2139 1168 2190 s,

140 2199 250 2258 excepta
260 2195 471 2262 congregatione
494 2193 580 2246 saneti
594 2193 691 2258 Officii,
706 2197 784 2260 cujus
800 2196 873 2258 Papa
896 2194 965 2246 solet
980 2195 1034 2246 sibi
1047 2195 1167 2248 retinere

138 2269 336 2336 praefecturam,
355 2271 383 2318 et
399 2265 569 2318 cardinalem
588 2265 728 2330 assignare
750 2266 943 2328 secretarium
965 2265 1030 2318 dum
1051 2266 1080 2317 in
1105 2267 1169 2319 aliis

140 2337 398 2404 congregationibus
419 2337 581 2390 seoreterius
607 2350 641 2388 ex
663 2349 774 2388 numero
797 2338 977 2390 Praelatorum
1000 2340 1162 2390 assumitur.

136 2413 274 2464 Praeterea
299 2411 384 2461 sacrat
403 2408 643 2473 Congregationes,
669 2408 717 2459 illa
735 2413 846 2473 excepta
867 2409 978 2461 concilii
1001 2409 1166 2473 Tridentini,

137 2495 202 2536 suos
216 2481 319 2534 habent
333 2495 366 2532 ex
380 2484 465 2531 caetus
478 2478 656 2531 ecclesiastici
675 2479 840 2530 doctioribus
854 2480 918 2532 viris
935 2481 1117 2532 Consultores.
1136 2507 1163 2518 -

137 2555 174 2620 (t)
186 2554 267 2619 Viget
280 2552 309 2604 in
329 2552 381 2604 boc
400 2551 523 2615 analogia
537 2563 599 2602 cum
626 2550 756 2602 tribunali
780 2551 917 2618 Episcopi,
931 2553 1046 2618 eiusque
1059 2552 1167 2603 vicarii

138 2624 282 2692 generalis.
299 2651 330 2660 —
343 2623 378 2688 (3)
393 2621 459 2674 Haee
483 2625 602 2686 potestas
625 2627 665 2673 est
682 2623 846 2686 Apostolice,
861 2622 925 2688 quia
941 2628 982 2674 est
1005 2622 1067 2687 ipsa
1091 2625 1166 2689 pote-

139 2701 195 2748 stas
208 2698 299 2760 Papae,
310 2708 362 2760 qun
375 2693 505 2750 consulto.
518 2707 566 2758 pro
581 2695 635 2743 toto
648 2692 779 2744 catholico
789 2693 854 2746 orbe
869 2707 902 2746 ea
915 2693 1092 2754 deliniuntur,
1103 2708 1168 2759 quae

139 2771 202 2820 sunt
215 2767 267 2834 ipsi
278 2769 424 2818 reservata.
440 2791 471 2800 —
484 2763 520 2828 (l)
530 2764 577 2814 Est
588 2763 733 2825 ordinaria,
748 2765 813 2829 quia
829 2777 877 2829 per
901 2778 1069 2816 summorum
1091 2767 1166 2816 Pon·

139 2839 240 2890 titloum
254 2835 459 2888 constitutiones
471 2835 499 2887 in
513 2840 673 2899 perpetuum
687 2835 831 2886 consertor.
848 2835 908 2886 Bul.
921 2833 1056 2888 lrnmenso
1068 2837 1169 2890 aterni

139 2909 208 2962 Sinti
221 2909 255 2972 V,
270 2912 298 2960 et
313 2908 394 2958 durat
416 2905 515 2968 adbuc,
530 2906 667 2958 pontilicis
682 2906 751 2957 Sede
767 2915 888 2966 vacante,
905 2909 935 2957 ut
957 2921 1050 2959 omnes
1065 2909 1168 2960 Docto-

138 2996 182 3034 res
195 2980 314 3038 tradunt,
335 2983 362 3029 et
374 2978 496 3044 ipsarum
514 2991 653 3028 sacrarum
677 2977 920 3042 Congregationum
940 2982 1032 3044 praxis
1052 2980 1166 3033 demon·

138 3056 206 3105 strat
218 3072 224 3102 :
235 3053 326 3113 immo,
338 3053 427 3101 creato
440 3063 508 3100 novo
520 3049 659 3106 Pontiflee,
676 3062 760 3100 sacrae
772 3050 1001 3115 congregationes
1016 3065 1086 3103 nova
1101 3067 1163 3104 oon-

137 3123 287 3176 firmatione
308 3133 362 3172 non
386 3121 515 3183 indigent.
531 3121 571 3172 De
593 3121 662 3171 lacto
676 3125 766 3171 tamen
787 3122 866 3185 quasi
881 3123 1057 3188 suspenditur
1071 3138 1167 3176 aarum
1275 3123 1276 3130 ’

134 3195 287 3263 jurisdictio
302 3194 364 3244 dum
387 3191 544 3242 Gordineles
556 3191 744 3255 ingrediuntur
753 3194 915 3245 conclavead
924 3194 1079 3258 eligendum
1093 3197 1165 3248 Pon·

138 3269 245 3326 tineam,
254 3265 318 3330 quie
329 3277 361 3314 eo
375 3266 494 3328 tempore
506 3262 539 3314 de
551 3263 717 3328 alionegotio
727 3266 827 3328 praeter
842 3266 923 3329 Papae
940 3265 1100 3318 electionem
1113 3274 1168 3320 tra·

138 3345 211 3390 ctare
224 3351 279 3388 non
288 3338 411 3400 possunt,
420 3347 507 3399 neque
521 3333 588 3384 alios
598 3334 733 3398 officiales,
743 3339 790 3386 aut
799 3335 853 3387 alia
862 3337 1022 3388 documenta
1033 3340 1166 3405 recipere,

137 3412 190 3462 nisi
204 3409 275 3459 adsit
285 3419 384 3469 urgens
397 3406 558 3468 necessitas,
570 3410 616 3456 aut
625 3405 735 3472 aliquod
750 3409 806 3458 tom
823 3407 934 3473 prande.
949 3412 974 3460 cl
984 3412 1042 3460 tom
1056 3411 1164 3464 euidens

137 3477 287 3538 perieulum
316 3474 490 3539 illimineret,
516 3475 586 3540 quod
614 3476 736 3529 omnibns
768 3482 793 3532 et
827 3478 939 3543 singulis
973 3476 1165 3544 cardinalitio

136 3546 308 3612 presentibus
330 3545 496 3600 concorditer
519 3545 657 3602 videretur
675 3548 718 3602 illl
733 3549 854 3603 colenter
877 3551 1081 3606 occurrendum·
1099 3554 1164 3621 Cap.

138 3615 188 3681 3,(
205 3616 278 3668 idem
294 3629 396 3682 qaoque
418 3616 452 3668 de
467 3616 543 3668 elect.
554 3615 582 3670 in
594 3619 618 3671 t.
633 3647 664 3658 -·
677 3621 713 3686 (5)
725 3621 779 3674 Sed
793 3621 875 3687 justis
896 3621 929 3674 de
951 3623 1041 3676 causis
1054 3637 1090 3676 ex
1104 3638 1166 3690 par·
