2410 4068
568 137 726 196 „233-

138 265 214 316 ciens
226 263 376 330 permanet,
392 260 471 313 alteri
492 273 523 314 ex
536 259 588 312 hoc
603 261 690 327 capite
701 261 906 326 juspotronatus
920 258 994 311 baud
1009 259 1160 325 acqniutnr,

139 335 202 388 licet
214 334 304 384 dotem
319 333 412 397 duplo,
422 332 467 384 vel
478 333 558 400 triplo
567 335 697 398 majorem
707 332 821 392 dederit,
834 331 1002 397 quiquidem
1012 344 1067 382 non
1077 333 1161 396 patro·

138 420 199 468 nus,
214 403 262 456 sed
276 404 433 456 benefactor
448 417 557 469 semper
571 406 657 455 audii.
672 402 847 456 Reiffenstuel
860 404 894 454 de
905 405 998 468 jnrep.
1015 417 1042 453 n.
1053 402 1077 455 6,
1089 429 1117 438 -
1128 401 1161 465 (l)

140 476 286 540 Disputent
304 475 354 525 boo
367 474 400 528 de
416 489 444 526 re
457 475 597 536 Doctores,
609 489 643 526 an
657 478 713 527 tres
728 475 807 526 dictae
821 486 911 526 oausae
925 473 1044 526 debeant
1055 487 1161 524 concur-

102 574 107 584 ·
141 560 202 598 rere
216 545 307 608 simul,
322 549 350 596 et
363 545 523 609 copulative,
535 559 568 596 an
586 559 641 596 nna
655 550 760 596 tentum
773 546 936 610 disjunctive
951 542 1088 594 sufficiat?
1101 543 1160 603 Qui-

142 618 204 668 dem
218 618 333 682 primarn
357 621 468 668 tuentur
484 623 599 682 parturn,
620 617 683 682 quie
697 617 756 668 sinc
777 630 909 668 concursu
927 615 1011 666 trium
1028 629 1161 670 causarum

142 688 264 740 Ecclesia
279 687 313 739 ad
329 701 389 739 esse
402 687 500 738 deduci
515 702 569 740 non
583 693 679 754 potest.
694 689 732 739 At
749 701 813 739 vera
830 690 940 754 putatur
959 687 1087 750 secunda,
1106 685 1161 752 quia
1201 707 1202 710 ¹

139 761 186 823 jus
201 759 377 810 indistinctis
393 760 500 823 legibus
513 761 656 823 patronum
672 760 747 822 iacit,
766 761 813 825 qui
835 761 938 812 tantum
959 759 1065 822 tundat,
1079 763 1105 810 et
1121 757 1161 820 qui

143 833 248 881 tantum
261 830 387 891 aedificat,
399 835 426 880 et
439 830 485 896 qui
499 835 604 882 tantum
621 831 703 882 dotat.
716 831 891 884 Reiffenstnel
907 831 960 882 loc.
970 830 1017 882 cit.
1028 844 1057 882 n.
1069 830 1084 882 4
1096 829 1162 882 cillo

142 901 216 953 Luca
230 901 360 968 dejurep.
375 901 443 953 disc.
457 903 496 954 55.

179 1092 245 1148 too.
256 1087 333 1148 llodi
345 1087 523 1160 secundarii,
538 1087 646 1162 quibus
656 1087 882 1162 jaspatronatus
892 1083 1056 1161 sequimur
1065 1102 1103 1145 ex
1111 1101 1164 1161 gre·

139 1172 195 1251 lia,
205 1185 275 1237 sunt
285 1177 356 1250 duo,
368 1193 490 1252 nempe:
502 1174 689 1251 privilegium
707 1174 815 1234 summi
826 1175 987 1249 Pontiflcis,
999 1173 1162 1252 etpraescri-

144 1266 216 1343 ptio.
224 1271 325 1326 Potest
338 1265 426 1342 plane
437 1281 572 1324 summus
584 1264 721 1324 Pontifex
729 1263 817 1324 elicui
827 1265 1056 1339 J'uspatronatus
1067 1279 1162 1322 conce·

144 1357 234 1428 dere,
255 1357 308 1416 sed
318 1372 388 1416 cum
400 1354 523 1415 nimium
540 1353 735 1429 multiplicata
751 1353 782 1412 in
800 1353 933 1412 Ecclesia
949 1350 1162 1427 haecprivilegia

145 1451 257 1516 essent,
269 1442 431 1504 Concilium
441 1442 640 1502 tridentinum
651 1441 757 1502 eadem
766 1441 882 1502 sustulit
892 1447 921 1502 et
930 1441 1094 1516 abrogavit,
1103 1439 1162 1498 licet
1203 1501 1204 1508 ,

144 1531 263 1606 patroni
277 1547 316 1590 ex
331 1530 484 1607 privilegio
497 1546 600 1590 veram
612 1530 766 1604 heberent,
780 1530 930 1606 autquasi
949 1530 1160 1605 possessionem
1203 1523 1204 1606 J

146 1619 347 1694 praesentandi
362 1624 402 1691 (t)
421 1617 563 1694 Exceptio
579 1625 678 1678 umen
691 1619 768 1678 facta
788 1618 842 1678 luit
861 1618 891 1676 iu
908 1616 1069 1694 privilegiis
1089 1631 1160 1676 sum-

145 1707 202 1766 mis
211 1707 406 1782 Principibus,
422 1714 452 1766 et
465 1707 495 1766 in
510 1707 644 1767 savorem
657 1708 824 1768 studiorum
839 1707 1024 1782 generalium
1047 1721 1159 1766 conces·
1203 1749 1204 1782 3

147 1795 198 1869 sie,
212 1811 279 1876 quae
293 1794 454 1854 Tridentini
467 1801 568 1856 Patres
581 1794 611 1854 in
626 1813 681 1854 suo
695 1797 804 1855 robore
819 1812 940 1856 manere
960 1796 1159 1856 decreverunt.

148 1888 255 1956 Quare,
267 1884 336 1944 side
343 1885 571 1959 jurepatronatu
580 1901 634 1960 per
643 1883 982 1960 privilegiumacquisito
991 1885 1030 1943 sit
1038 1882 1159 1960 orracstio,
1203 1929 1204 1962 ,

147 1973 318 2044 videndum,
333 1989 372 2032 au
386 1972 474 2032 fuerit
497 1979 578 2044 ante,
592 1975 640 2032 vel
660 1979 729 2048 post
750 1973 951 2033 tridentinum
970 1986 1160 2036 conoessum:

148 2077 219 2120 nam
232 2061 257 2120 si
269 2068 337 2120 ante
352 2076 530 2122 concessum
543 2063 719 2137 reperiatur,
732 2061 822 2123 salvis
831 2061 926 2121 citatis
937 2059 1158 2137 exceptionibus,
1203 2117 1204 2140 ,

150 2155 301 2224 tamquam
328 2150 449 2208 omnino
468 2149 646 2226 abrogatum
669 2150 840 2213 habendum
860 2150 937 2224 erit3
962 2149 988 2208 si
1011 2167 1081 2210 vero
1103 2153 1159 2224 post
1203 2223 1204 2231 ἵ

127 2303 133 2312 ,
149 2237 352 2298 tridentinum
365 2237 532 2314 inveniatur
546 2255 734 2310 concessum,
754 2241 853 2300 adhuc
866 2238 1085 2298 observandum
1103 2235 1157 2306 erit,

149 2325 218 2402 quia
232 2327 384 2404 privilegia
398 2333 466 2403 post
480 2327 672 2388 conciliuma
689 2327 814 2388 summis
829 2326 1019 2396 Pontificibus
1032 2339 1160 2386 concessa

147 2417 197 2491 Jus
210 2433 322 2477 novum
333 2417 446 2476 iaciunt
460 2426 470 2490 (
490 2421 511 2488 ).

136 2588 140 2596 2
183 2565 219 2630 (i)
234 2563 306 2617 Sese.
318 2565 359 2624 ts,
376 2578 400 2616 c.
412 2565 438 2624 9,
449 2563 482 2614 de
493 2563 541 2614 rel.
558 2591 588 2600 -
599 2563 634 2628 (t)
649 2561 826 2616 Reiffenstuel
842 2561 892 2615 loc.
904 2563 950 2614 cit.
967 2557 1049 2614 usli.
1063 2559 1114 2612 Hoc
1124 2562 1157 2608 ta·
1203 2579 1204 2582 ¹

152 2649 215 2686 men
237 2636 409 2701 privilegium
426 2636 656 2698 jurispatronatus
677 2648 730 2685 non
746 2637 836 2699 potest
854 2634 998 2700 episcopus
1018 2631 1157 2687 concedere,

152 2707 277 2772 quiahoc
290 2712 332 2758 est
344 2708 368 2759 ei
385 2705 540 2770 aGregorio
556 2706 595 2756 lX
609 2705 791 2756 interdictum.
807 2705 873 2770 Cap.
887 2707 911 2769 2,
922 2705 956 2756 de
971 2705 1028 2756 reb.
1040 2702 1105 2755 llocl.
1115 2712 1159 2752 non

153 2778 235 2828 alien.
249 2779 327 2830 Unde
341 2779 367 2828 S.
380 2777 557 2842 Congregutio
567 2776 680 2827 Concilii
693 2775 849 2834 declaravit,
856 2778 1063 2841 juspatronatns
1076 2787 1106 2825 ex
1116 2769 1159 2848 prij
1203 2773 1204 2776 ’

152 2848 250 2912 vilegio
265 2847 392 2912 Episcopi
413 2861 570 2898 concessum
585 2861 638 2898 non
651 2847 790 2912 prodesse,
810 2846 915 2898 etiamsi
928 2847 1056 2910 pratensi
1069 2847 1157 2911 patron
1203 2883 1204 2886 ,

152 2931 202 2981 per
220 2931 304 2968 annos
324 2923 432 2968 contum
448 2917 627 2983 quadraginta
648 2919 675 2968 iu
698 2917 808 2982 paciilce
827 2919 998 2982 possessione
1011 2918 1090 2984 hujus
1099 2911 1157 2980 juris

151 2989 311 3040 exstiterint.
322 2987 401 3040 Card.
416 2989 506 3054 Soglia
516 2987 584 3040 lust.
592 2992 647 3054 jur.
659 2989 726 3053 priv.
740 2989 753 3052 ἕ
767 2989 821 3040 roa.

189 3161 252 3218 551.
269 3156 493 3233 Praescriptione
506 3157 641 3218 similiter
655 3125 818 3234 acquiritur
828 3158 1053 3233 juspatronatus
1064 3172 1100 3215 ex
1110 3166 1159 3228 gra·

153 3247 194 3307 tia
209 3247 304 3321 magis
318 3261 407 3323 quarn
421 3263 460 3306 ex
471 3245 584 3322 justitia
597 3251 648 3318 (t).
665 3246 722 3306 Sed
744 3246 802 3306 hoo
816 3247 907 3306 modo
921 3247 970 3308 vel
983 3244 1160 3323 acquiritura

156 3336 279 3413 privatis
297 3334 507 3412 personis,ch
529 3353 547 3394 a
568 3335 706 3411 personis
729 3334 867 3410 publicis,
892 3343 923 3394 et
942 3334 1119 3411 potentibus,
1138 3329 1161 3384 ut

156 3431 226 3486 sunt
239 3425 372 3486 minores
383 3424 545 3500 Principes,
561 3427 701 3498 Berones,
712 3423 830 3499 aliique,
842 3422 1080 3499 jurisdictionem
1091 3417 1161 3478 inlo-

156 3529 193 3572 co
207 3512 345 3574 mneflcii
358 3519 546 3586 exercentes,
560 3517 591 3572 et
603 3517 637 3572 ut
650 3518 719 3572 sunt
741 3527 862 3589 quoque
881 3513 1103 3575 communitates
1117 3519 1160 3566 sa·
