<?xml version="1.0" encoding="UTF-8"?>
<!DOCTYPE html PUBLIC "-//W3C//DTD XHTML 1.0 Transitional//EN"
    "http://www.w3.org/TR/xhtml1/DTD/xhtml1-transitional.dtd">
<html xmlns="http://www.w3.org/1999/xhtml" xml:lang="en" lang="en">
 <head>
  <title>
</title>
<meta http-equiv="Content-Type" content="text/html;charset=utf-8" />
  <meta name='ocr-system' content='tesseract 3.04.00' />
  <meta name='ocr-capabilities' content='ocr_page ocr_carea ocr_par ocr_line ocrx_word'/>
</head>
<body>
  <div class='ocr_page' id='page_1' title='image "./summainstitutio01ferrgoog_0339.png"; bbox 0 0 2432 4078; ppageno 0'>
   <div class='ocr_carea' id='block_1_1' title="bbox 551 173 704 230">
    <p class='ocr_par' dir='ltr' id='par_1_1' title="bbox 551 173 704 230">
     <span class='ocr_line' id='line_1_1' title="bbox 551 173 704 230; baseline -0.007 -15"><span class='ocrx_word' id='word_1_1' title='bbox 551 173 704 230; x_wconf 67' lang='lat'><strong>..323-</strong></span> 
     </span>
    </p>
   </div>
   <div class='ocr_carea' id='block_1_2' title="bbox 113 289 1142 902">
    <p class='ocr_par' dir='ltr' id='par_1_2' title="bbox 113 289 1142 902">
     <span class='ocr_line' id='line_1_2' title="bbox 115 289 1136 370; baseline -0.004 -14"><span class='ocrx_word' id='word_1_2' title='bbox 115 293 275 370; x_wconf 72' lang='lat' dir='ltr'>naufragio,</span> <span class='ocrx_word' id='word_1_3' title='bbox 290 291 439 366; x_wconf 87' lang='lat' dir='ltr'>incendio,</span> <span class='ocrx_word' id='word_1_4' title='bbox 455 291 551 366; x_wconf 87' lang='lat' dir='ltr'>ruina,</span> <span class='ocrx_word' id='word_1_5' title='bbox 564 292 671 370; x_wconf 80' lang='lat' dir='ltr'>bellico</span> <span class='ocrx_word' id='word_1_6' title='bbox 685 292 822 365; x_wconf 89' lang='lat' dir='ltr'>tumulto,</span> <span class='ocrx_word' id='word_1_7' title='bbox 835 297 886 352; x_wconf 90' lang='lat' dir='ltr'>aut</span> <span class='ocrx_word' id='word_1_8' title='bbox 899 289 956 352; x_wconf 85' lang='lat' dir='ltr'>alin</span> <span class='ocrx_word' id='word_1_9' title='bbox 968 289 1056 352; x_wconf 81' lang='lat' dir='ltr'>simili</span> <span class='ocrx_word' id='word_1_10' title='bbox 1070 307 1136 352; x_wconf 87' lang='lat' dir='ltr'>cau·</span> 
     </span>
     <span class='ocr_line' id='line_1_3' title="bbox 113 379 1138 457; baseline -0.002 -13"><span class='ocrx_word' id='word_1_11' title='bbox 113 403 157 457; x_wconf 86' lang='lat' dir='ltr'>sa,</span> <span class='ocrx_word' id='word_1_12' title='bbox 176 381 387 456; x_wconf 84' lang='lat' dir='ltr'>necessarium,</span> <span class='ocrx_word' id='word_1_13' title='bbox 408 380 471 440; x_wconf 91' lang='lat' dir='ltr'>sive</span> <span class='ocrx_word' id='word_1_14' title='bbox 493 379 658 440; x_wconf 75' lang='lat' dir='ltr'>miserabile</span> <span class='ocrx_word' id='word_1_15' title='bbox 683 381 858 456; x_wconf 85' lang='lat' dir='ltr'>appellatur:</span> <span class='ocrx_word' id='word_1_16' title='bbox 883 383 947 440; x_wconf 88' lang='lat' dir='ltr'>lloe</span> <span class='ocrx_word' id='word_1_17' title='bbox 968 379 1138 442; x_wconf 76' lang='lat' dir='ltr'>miserabile</span> 
     </span>
     <span class='ocr_line' id='line_1_4' title="bbox 114 468 1137 548; baseline -0.003 -16"><span class='ocrx_word' id='word_1_18' title='bbox 114 473 283 548; x_wconf 89' lang='lat' dir='ltr'>depositum</span> <span class='ocrx_word' id='word_1_19' title='bbox 295 473 425 546; x_wconf 75' lang='lat' dir='ltr'>maiores</span> <span class='ocrx_word' id='word_1_20' title='bbox 439 469 529 530; x_wconf 89' lang='lat' dir='ltr'>habet</span> <span class='ocrx_word' id='word_1_21' title='bbox 542 469 639 544; x_wconf 81' lang='lat' dir='ltr'>alege</span> <span class='ocrx_word' id='word_1_22' title='bbox 652 469 782 541; x_wconf 79' lang='lat' dir='ltr'>favores,</span> <span class='ocrx_word' id='word_1_23' title='bbox 802 468 871 544; x_wconf 87' lang='lat' dir='ltr'>quia</span> <span class='ocrx_word' id='word_1_24' title='bbox 889 468 919 528; x_wconf 94' lang='lat' dir='ltr'>in</span> <span class='ocrx_word' id='word_1_25' title='bbox 934 469 1068 544; x_wconf 89' lang='lat' dir='ltr'>deposito</span> <span class='ocrx_word' id='word_1_26' title='bbox 1083 486 1137 530; x_wconf 78' lang='lat' dir='ltr'>ro·</span> 
     </span>
     <span class='ocr_line' id='line_1_5' title="bbox 114 557 1138 635; baseline -0.003 -15"><span class='ocrx_word' id='word_1_27' title='bbox 114 558 242 620; x_wconf 90' lang='lat' dir='ltr'>luntario</span> <span class='ocrx_word' id='word_1_28' title='bbox 265 560 419 635; x_wconf 90' lang='lat' dir='ltr'>deponens</span> <span class='ocrx_word' id='word_1_29' title='bbox 431 565 530 635; x_wconf 90' lang='lat' dir='ltr'>potest</span> <span class='ocrx_word' id='word_1_30' title='bbox 546 557 602 617; x_wconf 90' lang='lat' dir='ltr'>rite</span> <span class='ocrx_word' id='word_1_31' title='bbox 617 557 673 616; x_wconf 90' lang='lat' dir='ltr'>sibi</span> <span class='ocrx_word' id='word_1_32' title='bbox 686 557 843 616; x_wconf 89' lang='lat' dir='ltr'>consulere</span> <span class='ocrx_word' id='word_1_33' title='bbox 857 557 981 617; x_wconf 86' lang='lat' dir='ltr'>infideli</span> <span class='ocrx_word' id='word_1_34' title='bbox 1005 557 1138 633; x_wconf 78' lang='lat' dir='ltr'>deligen-</span> 
     </span>
     <span class='ocr_line' id='line_1_6' title="bbox 115 647 1140 725; baseline 0 -17"><span class='ocrx_word' id='word_1_35' title='bbox 115 649 155 708; x_wconf 90' lang='lat' dir='ltr'>do</span> <span class='ocrx_word' id='word_1_36' title='bbox 169 648 349 725; x_wconf 85' lang='lat' dir='ltr'>depositaria</span> <span class='ocrx_word' id='word_1_37' title='bbox 363 665 371 721; x_wconf 81' lang='lat'>3</span> <span class='ocrx_word' id='word_1_38' title='bbox 387 647 417 706; x_wconf 90' lang='lat' dir='ltr'>in</span> <span class='ocrx_word' id='word_1_39' title='bbox 435 647 595 708; x_wconf 80' lang='lat' dir='ltr'>miserabili</span> <span class='ocrx_word' id='word_1_40' title='bbox 611 663 681 706; x_wconf 89' lang='lat' dir='ltr'>vero</span> <span class='ocrx_word' id='word_1_41' title='bbox 705 662 830 706; x_wconf 87' lang='lat' dir='ltr'>necesse</span> <span class='ocrx_word' id='word_1_42' title='bbox 849 652 905 716; x_wconf 73' lang='lat' dir='ltr'>est,</span> <span class='ocrx_word' id='word_1_43' title='bbox 927 652 959 705; x_wconf 88' lang='lat' dir='ltr'>ut</span> <span class='ocrx_word' id='word_1_44' title='bbox 985 647 1140 723; x_wconf 89' lang='lat' dir='ltr'>deponens</span> 
     </span>
     <span class='ocr_line' id='line_1_7' title="bbox 115 734 1141 814; baseline -0.003 -16"><span class='ocrx_word' id='word_1_45' title='bbox 115 738 200 798; x_wconf 91' lang='lat' dir='ltr'>illum</span> <span class='ocrx_word' id='word_1_46' title='bbox 211 744 347 814; x_wconf 88' lang='lat' dir='ltr'>acceptet</span> <span class='ocrx_word' id='word_1_47' title='bbox 357 736 580 812; x_wconf 85' lang='lat' dir='ltr'>depositarium,</span> <span class='ocrx_word' id='word_1_48' title='bbox 595 751 685 812; x_wconf 89' lang='lat' dir='ltr'>qaam</span> <span class='ocrx_word' id='word_1_49' title='bbox 698 735 727 793; x_wconf 93' lang='lat' dir='ltr'>in</span> <span class='ocrx_word' id='word_1_50' title='bbox 744 734 966 796; x_wconf 76' lang='lat' dir='ltr'>circumstantia</span> <span class='ocrx_word' id='word_1_51' title='bbox 980 741 1083 810; x_wconf 90' lang='lat' dir='ltr'>potest</span> <span class='ocrx_word' id='word_1_52' title='bbox 1093 736 1141 795; x_wconf 89' lang='lat' dir='ltr'>ha·</span> 
     </span>
     <span class='ocr_line' id='line_1_8' title="bbox 115 822 1142 902; baseline -0.004 -14"><span class='ocrx_word' id='word_1_53' title='bbox 115 827 197 888; x_wconf 88' lang='lat' dir='ltr'>bere.</span> <span class='ocrx_word' id='word_1_54' title='bbox 208 826 344 898; x_wconf 82' lang='lat' dir='ltr'>Ulterius,</span> <span class='ocrx_word' id='word_1_55' title='bbox 357 825 406 902; x_wconf 92' lang='lat' dir='ltr'>qni</span> <span class='ocrx_word' id='word_1_56' title='bbox 420 822 588 900; x_wconf 90' lang='lat' dir='ltr'>depositum</span> <span class='ocrx_word' id='word_1_57' title='bbox 600 823 799 884; x_wconf 83' lang='lat' dir='ltr'>voluntarium</span> <span class='ocrx_word' id='word_1_58' title='bbox 812 822 902 883; x_wconf 88' lang='lat' dir='ltr'>violat</span> <span class='ocrx_word' id='word_1_59' title='bbox 916 823 1063 899; x_wconf 73' lang='lat' dir='ltr'>delinquit</span> <span class='ocrx_word' id='word_1_60' title='bbox 1074 841 1142 884; x_wconf 85' lang='lat' dir='ltr'>con</span> 
     </span>
    </p>
   </div>
   <div class='ocr_carea' id='block_1_3' title="bbox 114 906 1141 1343">
    <p class='ocr_par' dir='ltr' id='par_1_3' title="bbox 114 906 1141 1343">
     <span class='ocr_line' id='line_1_9' title="bbox 116 906 1137 988; baseline -0.001 -13"><span class='ocrx_word' id='word_1_61' title='bbox 116 925 162 976; x_wconf 85' lang='lat' dir='ltr'>tra</span> <span class='ocrx_word' id='word_1_62' title='bbox 175 915 266 974; x_wconf 88' lang='lat' dir='ltr'>tidem</span> <span class='ocrx_word' id='word_1_63' title='bbox 274 915 371 974; x_wconf 87' lang='lat' dir='ltr'>amico</span> <span class='ocrx_word' id='word_1_64' title='bbox 390 913 536 986; x_wconf 79' lang='lat' dir='ltr'>debitsm3</span> <span class='ocrx_word' id='word_1_65' title='bbox 549 913 603 972; x_wconf 90' lang='lat' dir='ltr'>sed</span> <span class='ocrx_word' id='word_1_66' title='bbox 617 911 668 988; x_wconf 94' lang='lat' dir='ltr'>qni</span> <span class='ocrx_word' id='word_1_67' title='bbox 679 911 769 974; x_wconf 88' lang='lat' dir='ltr'>violat</span> <span class='ocrx_word' id='word_1_68' title='bbox 783 906 952 988; x_wconf 88' lang='lat' dir='ltr'>depositum</span> <span class='ocrx_word' id='word_1_69' title='bbox 969 912 1137 974; x_wconf 80' lang='lat' dir='ltr'>miserabile</span> 
     </span>
     <span class='ocr_line' id='line_1_10' title="bbox 115 999 1137 1079; baseline -0.002 -15"><span class='ocrx_word' id='word_1_70' title='bbox 115 1003 259 1079; x_wconf 91' lang='lat' dir='ltr'>delinquit</span> <span class='ocrx_word' id='word_1_71' title='bbox 279 1009 383 1062; x_wconf 79' lang='lat' dir='ltr'>cenna</span> <span class='ocrx_word' id='word_1_72' title='bbox 405 1001 538 1062; x_wconf 81' lang='lat' dir='ltr'>officium</span> <span class='ocrx_word' id='word_1_73' title='bbox 559 999 750 1060; x_wconf 86' lang='lat' dir='ltr'>humanitatis</span> <span class='ocrx_word' id='word_1_74' title='bbox 780 1005 811 1060; x_wconf 90' lang='lat' dir='ltr'>et</span> <span class='ocrx_word' id='word_1_75' title='bbox 830 999 958 1076; x_wconf 88' lang='lat' dir='ltr'>pietatis,</span> <span class='ocrx_word' id='word_1_76' title='bbox 977 1001 1092 1063; x_wconf 87' lang='lat' dir='ltr'>afflicto</span> <span class='ocrx_word' id='word_1_77' title='bbox 1110 1011 1137 1062; x_wconf 89' lang='lat' dir='ltr'>et</span> 
     </span>
     <span class='ocr_line' id='line_1_11' title="bbox 114 1088 1141 1165; baseline -0.004 -11"><span class='ocrx_word' id='word_1_78' title='bbox 114 1089 277 1154; x_wconf 82' lang='lat' dir='ltr'>miserabili</span> <span class='ocrx_word' id='word_1_79' title='bbox 290 1089 432 1151; x_wconf 90' lang='lat' dir='ltr'>debitum.</span> <span class='ocrx_word' id='word_1_80' title='bbox 448 1094 509 1149; x_wconf 88' lang='lat' dir='ltr'>llac</span> <span class='ocrx_word' id='word_1_81' title='bbox 522 1089 559 1150; x_wconf 88' lang='lat' dir='ltr'>de</span> <span class='ocrx_word' id='word_1_82' title='bbox 571 1105 689 1148; x_wconf 71' lang='lat' dir='ltr'>musae</span> <span class='ocrx_word' id='word_1_83' title='bbox 702 1093 903 1148; x_wconf 79' lang='lat' dir='ltr'>Romanarum</span> <span class='ocrx_word' id='word_1_84' title='bbox 916 1088 1033 1165; x_wconf 84' lang='lat' dir='ltr'>legibus</span> <span class='ocrx_word' id='word_1_85' title='bbox 1046 1088 1141 1165; x_wconf 91' lang='lat' dir='ltr'>depo·</span> 
     </span>
     <span class='ocr_line' id='line_1_12' title="bbox 115 1176 1141 1254; baseline 0 -16"><span class='ocrx_word' id='word_1_86' title='bbox 115 1178 163 1238; x_wconf 90' lang='lat' dir='ltr'>siti</span> <span class='ocrx_word' id='word_1_87' title='bbox 176 1177 301 1238; x_wconf 88' lang='lat' dir='ltr'>violator</span> <span class='ocrx_word' id='word_1_88' title='bbox 314 1177 450 1254; x_wconf 88' lang='lat' dir='ltr'>inprime</span> <span class='ocrx_word' id='word_1_89' title='bbox 465 1194 537 1238; x_wconf 90' lang='lat' dir='ltr'>casu</span> <span class='ocrx_word' id='word_1_90' title='bbox 550 1195 568 1236; x_wconf 90' lang='lat' dir='ltr'>a</span> <span class='ocrx_word' id='word_1_91' title='bbox 579 1176 679 1253; x_wconf 80' lang='lat' dir='ltr'>judice</span> <span class='ocrx_word' id='word_1_92' title='bbox 688 1176 885 1238; x_wconf 75' lang='lat' dir='ltr'>damnabatur</span> <span class='ocrx_word' id='word_1_93' title='bbox 897 1176 928 1238; x_wconf 93' lang='lat' dir='ltr'>in</span> <span class='ocrx_word' id='word_1_94' title='bbox 941 1177 1096 1254; x_wconf 90' lang='lat' dir='ltr'>simplum,</span> <span class='ocrx_word' id='word_1_95' title='bbox 1113 1185 1141 1239; x_wconf 89' lang='lat' dir='ltr'>et</span> 
     </span>
     <span class='ocr_line' id='line_1_13' title="bbox 114 1266 485 1343; baseline -0.008 -15"><span class='ocrx_word' id='word_1_96' title='bbox 114 1267 144 1328; x_wconf 92' lang='lat' dir='ltr'>in</span> <span class='ocrx_word' id='word_1_97' title='bbox 159 1268 292 1330; x_wconf 69' lang='lat' dir='ltr'>meando</span> <span class='ocrx_word' id='word_1_98' title='bbox 304 1266 336 1326; x_wconf 96' lang='lat' dir='ltr'>in</span> <span class='ocrx_word' id='word_1_99' title='bbox 349 1267 485 1343; x_wconf 90' lang='lat' dir='ltr'>duplum.</span> 
     </span>
    </p>
   </div>
   <div class='ocr_carea' id='block_1_4' title="bbox 112 1447 1144 2156">
    <p class='ocr_par' dir='ltr' id='par_1_4' title="bbox 112 1447 1144 2156">
     <span class='ocr_line' id='line_1_14' title="bbox 146 1447 1140 1516; baseline 0 -14"><span class='ocrx_word' id='word_1_100' title='bbox 146 1451 181 1516; x_wconf 88' lang='lat' dir='ltr'>(l)</span> <span class='ocrx_word' id='word_1_101' title='bbox 193 1451 218 1502; x_wconf 76' lang='grc' dir='ltr'><strong>Α</strong></span> <span class='ocrx_word' id='word_1_102' title='bbox 229 1449 351 1516; x_wconf 87' lang='lat' dir='ltr'>deposito</span> <span class='ocrx_word' id='word_1_103' title='bbox 373 1447 572 1515; x_wconf 86' lang='lat' dir='ltr'>aliquantulum</span> <span class='ocrx_word' id='word_1_104' title='bbox 585 1447 675 1500; x_wconf 85' lang='lat' dir='ltr'>diliert</span> <span class='ocrx_word' id='word_1_105' title='bbox 696 1451 872 1516; x_wconf 81' lang='lat' dir='ltr'>sequestrum,</span> <span class='ocrx_word' id='word_1_106' title='bbox 886 1463 935 1500; x_wconf 88' lang='lat' dir='ltr'>seu</span> <span class='ocrx_word' id='word_1_107' title='bbox 952 1448 1140 1514; x_wconf 73' lang='lat' dir='ltr'>sequestrate,</span> 
     </span>
     <span class='ocr_line' id='line_1_15' title="bbox 115 1519 1139 1586; baseline 0 -16"><span class='ocrx_word' id='word_1_108' title='bbox 115 1519 178 1574; x_wconf 89' lang='lat' dir='ltr'>lieet</span> <span class='ocrx_word' id='word_1_109' title='bbox 191 1535 207 1572; x_wconf 89' lang='lat' dir='ltr'>a</span> <span class='ocrx_word' id='word_1_110' title='bbox 220 1521 381 1574; x_wconf 87' lang='lat' dir='ltr'>Doctoribus</span> <span class='ocrx_word' id='word_1_111' title='bbox 391 1522 442 1572; x_wconf 88' lang='lat' dir='ltr'>sub</span> <span class='ocrx_word' id='word_1_112' title='bbox 464 1519 586 1586; x_wconf 88' lang='lat' dir='ltr'>deposito</span> <span class='ocrx_word' id='word_1_113' title='bbox 600 1519 852 1584; x_wconf 83' lang='lat' dir='ltr'>comprehendatur.</span> <span class='ocrx_word' id='word_1_114' title='bbox 873 1520 943 1572; x_wconf 87' lang='lat' dir='ltr'>Nam</span> <span class='ocrx_word' id='word_1_115' title='bbox 966 1525 1139 1586; x_wconf 88' lang='lat' dir='ltr'>sequestrum</span> 
     </span>
     <span class='ocr_line' id='line_1_16' title="bbox 115 1589 1139 1656; baseline -0.002 -13"><span class='ocrx_word' id='word_1_116' title='bbox 115 1591 145 1643; x_wconf 86' lang='lat' dir='ltr'>nt</span> <span class='ocrx_word' id='word_1_117' title='bbox 160 1593 317 1643; x_wconf 88' lang='lat' dir='ltr'>auctoritate</span> <span class='ocrx_word' id='word_1_118' title='bbox 337 1592 437 1656; x_wconf 88' lang='lat' dir='ltr'>judicis</span> <span class='ocrx_word' id='word_1_119' title='bbox 452 1591 480 1642; x_wconf 92' lang='lat' dir='ltr'>in</span> <span class='ocrx_word' id='word_1_120' title='bbox 494 1605 523 1642; x_wconf 91' lang='lat' dir='ltr'>re</span> <span class='ocrx_word' id='word_1_121' title='bbox 537 1591 664 1656; x_wconf 79' lang='lat' dir='ltr'>litigiosa,</span> <span class='ocrx_word' id='word_1_122' title='bbox 678 1589 787 1656; x_wconf 90' lang='lat' dir='ltr'>quando</span> <span class='ocrx_word' id='word_1_123' title='bbox 803 1591 881 1642; x_wconf 86' lang='lat' dir='ltr'>adest</span> <span class='ocrx_word' id='word_1_124' title='bbox 896 1593 971 1656; x_wconf 84' lang='lat' dir='ltr'>juste</span> <span class='ocrx_word' id='word_1_125' title='bbox 994 1604 1088 1650; x_wconf 86' lang='lat' dir='ltr'>causa.</span> <span class='ocrx_word' id='word_1_126' title='bbox 1101 1591 1139 1643; x_wconf 86' lang='lat' dir='ltr'>uti</span> 
     </span>
     <span class='ocr_line' id='line_1_17' title="bbox 115 1661 1135 1728; baseline -0.003 -13"><span class='ocrx_word' id='word_1_127' title='bbox 115 1668 188 1715; x_wconf 87' lang='lat' dir='ltr'>esset</span> <span class='ocrx_word' id='word_1_128' title='bbox 210 1662 362 1728; x_wconf 86' lang='lat' dir='ltr'>perieulum</span> <span class='ocrx_word' id='word_1_129' title='bbox 382 1663 464 1727; x_wconf 71' lang='lat' dir='ltr'>luge,</span> <span class='ocrx_word' id='word_1_130' title='bbox 486 1667 575 1714; x_wconf 91' lang='lat' dir='ltr'>matus</span> <span class='ocrx_word' id='word_1_131' title='bbox 598 1675 745 1724; x_wconf 86' lang='lat' dir='ltr'>armorum,</span> <span class='ocrx_word' id='word_1_132' title='bbox 762 1666 790 1712; x_wconf 89' lang='lat' dir='ltr'>at</span> <span class='ocrx_word' id='word_1_133' title='bbox 814 1661 947 1714; x_wconf 91' lang='lat' dir='ltr'>bonorum</span> <span class='ocrx_word' id='word_1_134' title='bbox 968 1661 1135 1726; x_wconf 88' lang='lat' dir='ltr'>dilapidatio.</span> 
     </span>
     <span class='ocr_line' id='line_1_18' title="bbox 115 1731 1140 1798; baseline -0.003 -13"><span class='ocrx_word' id='word_1_135' title='bbox 115 1734 201 1786; x_wconf 88' lang='lat' dir='ltr'>Porro</span> <span class='ocrx_word' id='word_1_136' title='bbox 222 1737 390 1798; x_wconf 87' lang='lat' dir='ltr'>sequestrum</span> <span class='ocrx_word' id='word_1_137' title='bbox 418 1732 580 1798; x_wconf 77' lang='lat' dir='ltr'>regulariter</span> <span class='ocrx_word' id='word_1_138' title='bbox 598 1733 627 1784; x_wconf 86' lang='lat' dir='ltr'>fit</span> <span class='ocrx_word' id='word_1_139' title='bbox 645 1736 738 1784; x_wconf 90' lang='lat' dir='ltr'>contra</span> <span class='ocrx_word' id='word_1_140' title='bbox 756 1731 864 1795; x_wconf 86' lang='lat' dir='ltr'>invitos,</span> <span class='ocrx_word' id='word_1_141' title='bbox 881 1733 1024 1798; x_wconf 85' lang='lat' dir='ltr'>eidemque</span> <span class='ocrx_word' id='word_1_142' title='bbox 1038 1731 1140 1797; x_wconf 80' lang='lat' dir='ltr'>subjici</span> 
     </span>
     <span class='ocr_line' id='line_1_19' title="bbox 117 1803 1142 1871; baseline -0.001 -15"><span class='ocrx_word' id='word_1_143' title='bbox 117 1808 230 1871; x_wconf 84' lang='lat' dir='ltr'>possunt</span> <span class='ocrx_word' id='word_1_144' title='bbox 245 1817 288 1856; x_wconf 87' lang='lat' dir='ltr'>res</span> <span class='ocrx_word' id='word_1_145' title='bbox 309 1804 424 1856; x_wconf 88' lang='lat' dir='ltr'>mobiles</span> <span class='ocrx_word' id='word_1_146' title='bbox 450 1808 477 1855; x_wconf 90' lang='lat' dir='ltr'>et</span> <span class='ocrx_word' id='word_1_147' title='bbox 491 1805 652 1864; x_wconf 89' lang='lat' dir='ltr'>immobiles,</span> <span class='ocrx_word' id='word_1_148' title='bbox 676 1803 757 1854; x_wconf 90' lang='lat' dir='ltr'>immo</span> <span class='ocrx_word' id='word_1_149' title='bbox 771 1809 798 1856; x_wconf 88' lang='lat' dir='ltr'>at</span> <span class='ocrx_word' id='word_1_150' title='bbox 820 1817 953 1870; x_wconf 73' lang='lat' dir='ltr'>personae,</span> <span class='ocrx_word' id='word_1_151' title='bbox 968 1809 1000 1854; x_wconf 89' lang='lat' dir='ltr'>ut</span> <span class='ocrx_word' id='word_1_152' title='bbox 1020 1804 1142 1855; x_wconf 79' lang='lat' dir='ltr'>Alexan-</span> 
     </span>
     <span class='ocr_line' id='line_1_20' title="bbox 116 1875 1141 1943; baseline -0.001 -15"><span class='ocrx_word' id='word_1_153' title='bbox 116 1877 165 1928; x_wconf 90' lang='lat' dir='ltr'>der</span> <span class='ocrx_word' id='word_1_154' title='bbox 173 1875 214 1926; x_wconf 87' lang='grc' dir='ltr'>ΙΙΙ</span> <span class='ocrx_word' id='word_1_155' title='bbox 225 1876 332 1926; x_wconf 88' lang='lat' dir='ltr'>videtur</span> <span class='ocrx_word' id='word_1_156' title='bbox 346 1875 521 1926; x_wconf 88' lang='lat' dir='ltr'>insinuarain</span> <span class='ocrx_word' id='word_1_157' title='bbox 530 1889 589 1943; x_wconf 88' lang='lat' dir='ltr'>cap.</span> <span class='ocrx_word' id='word_1_158' title='bbox 602 1876 640 1934; x_wconf 81' lang='lat' dir='ltr'>tt.</span> <span class='ocrx_word' id='word_1_159' title='bbox 652 1875 685 1927; x_wconf 87' lang='lat' dir='ltr'>de</span> <span class='ocrx_word' id='word_1_160' title='bbox 700 1877 829 1939; x_wconf 77' lang='lat' dir='ltr'>sponsal,</span> <span class='ocrx_word' id='word_1_161' title='bbox 846 1875 894 1926; x_wconf 91' lang='lat' dir='ltr'>ubi</span> <span class='ocrx_word' id='word_1_162' title='bbox 908 1875 1036 1940; x_wconf 88' lang='lat' dir='ltr'>puellam,</span> <span class='ocrx_word' id='word_1_163' title='bbox 1048 1875 1082 1926; x_wconf 91' lang='lat' dir='ltr'>de</span> <span class='ocrx_word' id='word_1_164' title='bbox 1093 1889 1141 1927; x_wconf 88' lang='lat' dir='ltr'>cn·</span> 
     </span>
     <span class='ocr_line' id='line_1_21' title="bbox 112 1946 1144 2012; baseline -0.002 -14"><span class='ocrx_word' id='word_1_165' title='bbox 112 1949 160 2011; x_wconf 87' lang='lat' dir='ltr'>jns</span> <span class='ocrx_word' id='word_1_166' title='bbox 173 1947 342 1998; x_wconf 87' lang='lat' dir='ltr'>matrimonio</span> <span class='ocrx_word' id='word_1_167' title='bbox 359 1946 473 2012; x_wconf 82' lang='lat' dir='ltr'>quaestio</span> <span class='ocrx_word' id='word_1_168' title='bbox 493 1951 559 2004; x_wconf 85' lang='lat' dir='ltr'>erat,</span> <span class='ocrx_word' id='word_1_169' title='bbox 572 1947 655 2011; x_wconf 87' lang='lat' dir='ltr'>jussit</span> <span class='ocrx_word' id='word_1_170' title='bbox 669 1947 780 1998; x_wconf 88' lang='lat' dir='ltr'>honeste</span> <span class='ocrx_word' id='word_1_171' title='bbox 795 1946 881 1997; x_wconf 87' lang='lat' dir='ltr'>teneri</span> <span class='ocrx_word' id='word_1_172' title='bbox 899 1947 927 1996; x_wconf 95' lang='lat' dir='ltr'>in</span> <span class='ocrx_word' id='word_1_173' title='bbox 940 1946 1029 2009; x_wconf 90' lang='lat' dir='ltr'>domo,</span> <span class='ocrx_word' id='word_1_174' title='bbox 1045 1946 1074 1996; x_wconf 93' lang='lat' dir='ltr'>in</span> <span class='ocrx_word' id='word_1_175' title='bbox 1088 1959 1144 2012; x_wconf 88' lang='lat' dir='ltr'>qua</span> 
     </span>
     <span class='ocr_line' id='line_1_22' title="bbox 115 2017 1143 2084; baseline 0.001 -17"><span class='ocrx_word' id='word_1_176' title='bbox 115 2017 183 2069; x_wconf 91' lang='lat' dir='ltr'>nihil</span> <span class='ocrx_word' id='word_1_177' title='bbox 197 2017 231 2069; x_wconf 90' lang='lat' dir='ltr'>de</span> <span class='ocrx_word' id='word_1_178' title='bbox 241 2029 273 2070; x_wconf 88' lang='lat' dir='ltr'>ea</span> <span class='ocrx_word' id='word_1_179' title='bbox 289 2022 361 2068; x_wconf 87' lang='lat' dir='ltr'>esset</span> <span class='ocrx_word' id='word_1_180' title='bbox 372 2017 531 2082; x_wconf 85' lang='lat' dir='ltr'>timendum,</span> <span class='ocrx_word' id='word_1_181' title='bbox 545 2017 630 2070; x_wconf 89' lang='lat' dir='ltr'>donee</span> <span class='ocrx_word' id='word_1_182' title='bbox 643 2031 726 2070; x_wconf 89' lang='lat' dir='ltr'>causa</span> <span class='ocrx_word' id='word_1_183' title='bbox 741 2017 884 2069; x_wconf 87' lang='lat' dir='ltr'>terminata</span> <span class='ocrx_word' id='word_1_184' title='bbox 905 2017 1011 2070; x_wconf 83' lang='lat' dir='ltr'>luisset.</span> <span class='ocrx_word' id='word_1_185' title='bbox 1022 2017 1143 2084; x_wconf 86' lang='lat' dir='ltr'>Insuper</span> 
     </span>
     <span class='ocr_line' id='line_1_23' title="bbox 115 2087 990 2156; baseline 0.001 -15"><span class='ocrx_word' id='word_1_186' title='bbox 115 2091 286 2156; x_wconf 87' lang='lat' dir='ltr'>sequestrum</span> <span class='ocrx_word' id='word_1_187' title='bbox 298 2103 348 2156; x_wconf 90' lang='lat' dir='ltr'>pro</span> <span class='ocrx_word' id='word_1_188' title='bbox 362 2101 453 2154; x_wconf 89' lang='lat' dir='ltr'>onere,</span> <span class='ocrx_word' id='word_1_189' title='bbox 465 2091 492 2142; x_wconf 87' lang='lat' dir='ltr'>et</span> <span class='ocrx_word' id='word_1_190' title='bbox 503 2103 569 2140; x_wconf 87' lang='lat' dir='ltr'>cura</span> <span class='ocrx_word' id='word_1_191' title='bbox 582 2087 711 2142; x_wconf 83' lang='lat' dir='ltr'>custodies</span> <span class='ocrx_word' id='word_1_192' title='bbox 724 2089 853 2141; x_wconf 86' lang='lat' dir='ltr'>salarium</span> <span class='ocrx_word' id='word_1_193' title='bbox 865 2087 990 2142; x_wconf 87' lang='lat' dir='ltr'>admittit.</span> 
     </span>
    </p>
   </div>
   <div class='ocr_carea' id='block_1_5' title="bbox 115 2307 1213 3622">
    <p class='ocr_par' dir='ltr' id='par_1_5' title="bbox 115 2307 1213 3622">
     <span class='ocr_line' id='line_1_24' title="bbox 151 2307 1144 2386; baseline 0.001 -18"><span class='ocrx_word' id='word_1_194' title='bbox 151 2311 213 2368; x_wconf 73' lang='lat'>652.</span> <span class='ocrx_word' id='word_1_195' title='bbox 234 2313 267 2369; x_wconf 93' lang='lat' dir='ltr'>ln</span> <span class='ocrx_word' id='word_1_196' title='bbox 280 2307 341 2368; x_wconf 88' lang='lat' dir='ltr'>vim</span> <span class='ocrx_word' id='word_1_197' title='bbox 354 2309 444 2386; x_wconf 87' lang='lat' dir='ltr'>hujus</span> <span class='ocrx_word' id='word_1_198' title='bbox 457 2315 629 2370; x_wconf 85' lang='lat' dir='ltr'>contractus</span> <span class='ocrx_word' id='word_1_199' title='bbox 643 2309 839 2385; x_wconf 89' lang='lat' dir='ltr'>depositarius</span> <span class='ocrx_word' id='word_1_200' title='bbox 859 2315 979 2370; x_wconf 86' lang='lat' dir='ltr'>tenetur</span> <span class='ocrx_word' id='word_1_201' title='bbox 1001 2325 1066 2369; x_wconf 88' lang='lat' dir='ltr'>rem</span> <span class='ocrx_word' id='word_1_202' title='bbox 1085 2323 1144 2369; x_wconf 88' lang='lat' dir='ltr'>ou-</span> 
     </span>
     <span class='ocr_line' id='line_1_25' title="bbox 115 2397 1145 2474; baseline -0.001 -16"><span class='ocrx_word' id='word_1_203' title='bbox 115 2397 227 2458; x_wconf 88' lang='lat' dir='ltr'>stodire</span> <span class='ocrx_word' id='word_1_204' title='bbox 241 2415 277 2458; x_wconf 88' lang='lat' dir='ltr'>ea</span> <span class='ocrx_word' id='word_1_205' title='bbox 290 2397 451 2474; x_wconf 86' lang='lat' dir='ltr'>diligentia,</span> <span class='ocrx_word' id='word_1_206' title='bbox 466 2415 557 2474; x_wconf 58' lang='lat' dir='ltr'>marn</span> <span class='ocrx_word' id='word_1_207' title='bbox 571 2399 692 2458; x_wconf 84' lang='lat' dir='ltr'>adhibet</span> <span class='ocrx_word' id='word_1_208' title='bbox 704 2397 733 2458; x_wconf 94' lang='lat' dir='ltr'>in</span> <span class='ocrx_word' id='word_1_209' title='bbox 743 2399 834 2458; x_wconf 89' lang='lat' dir='ltr'>rebus</span> <span class='ocrx_word' id='word_1_210' title='bbox 845 2398 916 2472; x_wconf 87' lang='lat' dir='ltr'>suis,</span> <span class='ocrx_word' id='word_1_211' title='bbox 928 2415 1028 2474; x_wconf 88' lang='lat' dir='ltr'>neque</span> <span class='ocrx_word' id='word_1_212' title='bbox 1041 2404 1145 2473; x_wconf 82' lang='lat' dir='ltr'>potest</span> 
     </span>
     <span class='ocr_line' id='line_1_26' title="bbox 115 2487 1145 2564; baseline -0.001 -17"><span class='ocrx_word' id='word_1_213' title='bbox 115 2505 152 2547; x_wconf 87' lang='lat' dir='ltr'>aa</span> <span class='ocrx_word' id='word_1_214' title='bbox 165 2487 218 2562; x_wconf 89' lang='lat' dir='ltr'>uti,</span> <span class='ocrx_word' id='word_1_215' title='bbox 233 2488 305 2564; x_wconf 91' lang='lat' dir='ltr'>quin</span> <span class='ocrx_word' id='word_1_216' title='bbox 328 2487 494 2547; x_wconf 89' lang='lat' dir='ltr'>secundum</span> <span class='ocrx_word' id='word_1_217' title='bbox 519 2491 719 2548; x_wconf 88' lang='lat' dir='ltr'>Romanarum</span> <span class='ocrx_word' id='word_1_218' title='bbox 739 2488 821 2560; x_wconf 68' lang='lat' dir='ltr'>lenes</span> <span class='ocrx_word' id='word_1_219' title='bbox 841 2487 912 2546; x_wconf 84' lang='lat' dir='ltr'>tnrti</span> <span class='ocrx_word' id='word_1_220' title='bbox 932 2503 1003 2547; x_wconf 90' lang='lat' dir='ltr'>reus</span> <span class='ocrx_word' id='word_1_221' title='bbox 1022 2487 1145 2546; x_wconf 87' lang='lat' dir='ltr'>evadat.</span> 
     </span>
     <span class='ocr_line' id='line_1_27' title="bbox 116 2575 1147 2651; baseline 0 -16"><span class='ocrx_word' id='word_1_222' title='bbox 116 2580 190 2636; x_wconf 90' lang='lat' dir='ltr'>ltem</span> <span class='ocrx_word' id='word_1_223' title='bbox 212 2583 329 2637; x_wconf 90' lang='lat' dir='ltr'>tenetur</span> <span class='ocrx_word' id='word_1_224' title='bbox 347 2591 413 2636; x_wconf 90' lang='lat' dir='ltr'>rem</span> <span class='ocrx_word' id='word_1_225' title='bbox 435 2575 597 2650; x_wconf 86' lang='lat' dir='ltr'>deponenti</span> <span class='ocrx_word' id='word_1_226' title='bbox 617 2575 783 2649; x_wconf 88' lang='lat' dir='ltr'>restituere,</span> <span class='ocrx_word' id='word_1_227' title='bbox 808 2576 1057 2651; x_wconf 81' lang='lat' dir='ltr'>quandocumque</span> <span class='ocrx_word' id='word_1_228' title='bbox 1075 2591 1147 2635; x_wconf 88' lang='lat' dir='ltr'>eam</span> 
     </span>
     <span class='ocr_line' id='line_1_28' title="bbox 115 2657 1145 2742; baseline -0.002 -18"><span class='ocrx_word' id='word_1_229' title='bbox 115 2665 279 2742; x_wconf 83' lang='lat' dir='ltr'>repetierit3</span> <span class='ocrx_word' id='word_1_230' title='bbox 301 2671 331 2724; x_wconf 91' lang='lat' dir='ltr'>at</span> <span class='ocrx_word' id='word_1_231' title='bbox 351 2663 377 2723; x_wconf 92' lang='lat' dir='ltr'>si</span> <span class='ocrx_word' id='word_1_232' title='bbox 399 2657 567 2740; x_wconf 82' lang='lat' dir='ltr'>depositum</span> <span class='ocrx_word' id='word_1_233' title='bbox 592 2665 703 2724; x_wconf 83' lang='lat' dir='ltr'>lactum</span> <span class='ocrx_word' id='word_1_234' title='bbox 725 2663 762 2724; x_wconf 90' lang='lat' dir='ltr'>sit</span> <span class='ocrx_word' id='word_1_235' title='bbox 786 2663 906 2738; x_wconf 88' lang='lat' dir='ltr'>elerico,</span> <span class='ocrx_word' id='word_1_236' title='bbox 930 2665 979 2724; x_wconf 91' lang='lat' dir='ltr'>vel</span> <span class='ocrx_word' id='word_1_237' title='bbox 1001 2663 1145 2738; x_wconf 80' lang='lat' dir='ltr'>religioso</span> 
     </span>
     <span class='ocr_line' id='line_1_29' title="bbox 116 2751 1144 2828; baseline -0.002 -16"><span class='ocrx_word' id='word_1_238' title='bbox 116 2751 229 2828; x_wconf 89' lang='lat' dir='ltr'>absque</span> <span class='ocrx_word' id='word_1_239' title='bbox 246 2751 370 2828; x_wconf 81' lang='lat' dir='ltr'>capituli</span> <span class='ocrx_word' id='word_1_240' title='bbox 388 2769 548 2826; x_wconf 89' lang='lat' dir='ltr'>consensu,</span> <span class='ocrx_word' id='word_1_241' title='bbox 567 2752 616 2812; x_wconf 90' lang='lat' dir='ltr'>ille</span> <span class='ocrx_word' id='word_1_242' title='bbox 635 2753 716 2812; x_wconf 90' lang='lat' dir='ltr'>solus</span> <span class='ocrx_word' id='word_1_243' title='bbox 738 2751 895 2828; x_wconf 79' lang='lat' dir='ltr'>obligetur,</span> <span class='ocrx_word' id='word_1_244' title='bbox 916 2767 977 2812; x_wconf 93' lang='lat' dir='ltr'>non</span> <span class='ocrx_word' id='word_1_245' title='bbox 1001 2751 1144 2825; x_wconf 87' lang='lat' dir='ltr'>eeclesia,</span> 
     </span>
     <span class='ocr_line' id='line_1_30' title="bbox 116 2839 1145 2918; baseline 0.002 -20"><span class='ocrx_word' id='word_1_246' title='bbox 116 2839 172 2899; x_wconf 90' lang='lat' dir='ltr'>nisi</span> <span class='ocrx_word' id='word_1_247' title='bbox 185 2841 328 2916; x_wconf 90' lang='lat' dir='ltr'>probetur</span> <span class='ocrx_word' id='word_1_248' title='bbox 349 2840 379 2898; x_wconf 95' lang='lat' dir='ltr'>in</span> <span class='ocrx_word' id='word_1_249' title='bbox 394 2842 458 2918; x_wconf 86' lang='lat' dir='ltr'>ejus</span> <span class='ocrx_word' id='word_1_250' title='bbox 475 2841 631 2900; x_wconf 89' lang='lat' dir='ltr'>utilitatem</span> <span class='ocrx_word' id='word_1_251' title='bbox 652 2840 821 2917; x_wconf 89' lang='lat' dir='ltr'>depositum</span> <span class='ocrx_word' id='word_1_252' title='bbox 840 2857 961 2901; x_wconf 85' lang='lat' dir='ltr'>versum</span> <span class='ocrx_word' id='word_1_253' title='bbox 982 2841 1098 2914; x_wconf 74' lang='lat' dir='ltr'>insse(</span> <span class='ocrx_word' id='word_1_254' title='bbox 1119 2846 1145 2913; x_wconf 90' lang='lat'>).</span> 
     </span>
     <span class='ocr_line' id='line_1_31' title="bbox 116 2929 1146 3007; baseline 0 -19"><span class='ocrx_word' id='word_1_255' title='bbox 116 2931 243 2988; x_wconf 76' lang='lat' dir='ltr'>leuetur</span> <span class='ocrx_word' id='word_1_256' title='bbox 258 2929 385 3007; x_wconf 89' lang='lat' dir='ltr'>denique</span> <span class='ocrx_word' id='word_1_257' title='bbox 405 2937 547 3006; x_wconf 85' lang='lat' dir='ltr'>praestare</span> <span class='ocrx_word' id='word_1_258' title='bbox 561 2930 673 3003; x_wconf 87' lang='lat' dir='ltr'>dolum,</span> <span class='ocrx_word' id='word_1_259' title='bbox 698 2937 728 2990; x_wconf 88' lang='lat' dir='ltr'>et</span> <span class='ocrx_word' id='word_1_260' title='bbox 743 2931 861 3006; x_wconf 88' lang='lat' dir='ltr'>eulpam</span> <span class='ocrx_word' id='word_1_261' title='bbox 874 2930 975 3004; x_wconf 88' lang='lat' dir='ltr'>latam,</span> <span class='ocrx_word' id='word_1_262' title='bbox 990 2946 1052 2990; x_wconf 91' lang='lat' dir='ltr'>non</span> <span class='ocrx_word' id='word_1_263' title='bbox 1067 2944 1146 2988; x_wconf 81' lang='lat' dir='ltr'>vero</span> 
     </span>
     <span class='ocr_line' id='line_1_32' title="bbox 115 3016 1146 3095; baseline -0.002 -19"><span class='ocrx_word' id='word_1_264' title='bbox 115 3016 223 3090; x_wconf 87' lang='lat' dir='ltr'>levem,</span> <span class='ocrx_word' id='word_1_265' title='bbox 244 3016 300 3076; x_wconf 90' lang='lat' dir='ltr'>nisi</span> <span class='ocrx_word' id='word_1_266' title='bbox 320 3017 385 3094; x_wconf 92' lang='lat' dir='ltr'>ipse</span> <span class='ocrx_word' id='word_1_267' title='bbox 406 3018 542 3095; x_wconf 90' lang='lat' dir='ltr'>deposito</span> <span class='ocrx_word' id='word_1_268' title='bbox 556 3035 590 3078; x_wconf 90' lang='lat' dir='ltr'>se</span> <span class='ocrx_word' id='word_1_269' title='bbox 608 3017 755 3092; x_wconf 87' lang='lat' dir='ltr'>obtulerit,</span> <span class='ocrx_word' id='word_1_270' title='bbox 770 3025 822 3078; x_wconf 93' lang='lat' dir='ltr'>aut</span> <span class='ocrx_word' id='word_1_271' title='bbox 841 3017 1014 3078; x_wconf 87' lang='lat' dir='ltr'>mercedem</span> <span class='ocrx_word' id='word_1_272' title='bbox 1028 3035 1083 3094; x_wconf 90' lang='lat' dir='ltr'>pro</span> <span class='ocrx_word' id='word_1_273' title='bbox 1095 3016 1146 3076; x_wconf 87' lang='lat' dir='ltr'>rei</span> 
     </span>
     <span class='ocr_line' id='line_1_33' title="bbox 116 3105 1149 3182; baseline 0 -18"><span class='ocrx_word' id='word_1_274' title='bbox 116 3105 251 3166; x_wconf 88' lang='lat' dir='ltr'>custodia</span> <span class='ocrx_word' id='word_1_275' title='bbox 271 3113 376 3166; x_wconf 87' lang='lat' dir='ltr'>contra</span> <span class='ocrx_word' id='word_1_276' title='bbox 398 3105 525 3182; x_wconf 89' lang='lat' dir='ltr'>depositi</span> <span class='ocrx_word' id='word_1_277' title='bbox 542 3113 679 3167; x_wconf 88' lang='lat' dir='ltr'>naturam</span> <span class='ocrx_word' id='word_1_278' title='bbox 698 3106 847 3182; x_wconf 83' lang='lat' dir='ltr'>receperit</span> <span class='ocrx_word' id='word_1_279' title='bbox 869 3111 925 3180; x_wconf 56' lang='grc' dir='ltr'>(ῆς</span> <span class='ocrx_word' id='word_1_280' title='bbox 943 3123 1050 3166; x_wconf 88' lang='lat' dir='ltr'>casum</span> <span class='ocrx_word' id='word_1_281' title='bbox 1067 3121 1149 3164; x_wconf 84' lang='lat' dir='ltr'>vero</span> 
     </span>
     <span class='ocr_line' id='line_1_34' title="bbox 115 3192 1146 3272; baseline -0.003 -19"><span class='ocrx_word' id='word_1_282' title='bbox 115 3193 269 3255; x_wconf 80' lang='lat' dir='ltr'>fortuitum</span> <span class='ocrx_word' id='word_1_283' title='bbox 283 3211 344 3254; x_wconf 91' lang='lat' dir='ltr'>non</span> <span class='ocrx_word' id='word_1_284' title='bbox 367 3194 484 3270; x_wconf 76' lang='lat' dir='ltr'>cogitur</span> <span class='ocrx_word' id='word_1_285' title='bbox 508 3202 735 3272; x_wconf 66' lang='lat' dir='ltr'>praestareque</span> <span class='ocrx_word' id='word_1_286' title='bbox 753 3193 784 3254; x_wconf 93' lang='lat' dir='ltr'>iu</span> <span class='ocrx_word' id='word_1_287' title='bbox 804 3210 874 3254; x_wconf 90' lang='lat' dir='ltr'>eum</span> <span class='ocrx_word' id='word_1_288' title='bbox 895 3211 956 3254; x_wconf 92' lang='lat' dir='ltr'>non</span> <span class='ocrx_word' id='word_1_289' title='bbox 972 3195 1077 3254; x_wconf 87' lang='lat' dir='ltr'>transit</span> <span class='ocrx_word' id='word_1_290' title='bbox 1093 3192 1146 3252; x_wconf 87' lang='lat' dir='ltr'>rei</span> 
     </span>
     <span class='ocr_line' id='line_1_35' title="bbox 116 3281 1148 3360; baseline 0 -18"><span class='ocrx_word' id='word_1_291' title='bbox 116 3281 289 3356; x_wconf 87' lang='lat' dir='ltr'>dominium,</span> <span class='ocrx_word' id='word_1_292' title='bbox 305 3300 498 3359; x_wconf 71' lang='lat' dir='ltr'>nequamus,</span> <span class='ocrx_word' id='word_1_293' title='bbox 511 3282 867 3360; x_wconf 85' lang='lat' dir='ltr'>nequeverepossessio,</span> <span class='ocrx_word' id='word_1_294' title='bbox 885 3283 939 3342; x_wconf 87' lang='lat' dir='ltr'>sed</span> <span class='ocrx_word' id='word_1_295' title='bbox 959 3288 1075 3343; x_wconf 90' lang='lat' dir='ltr'>tantum</span> <span class='ocrx_word' id='word_1_296' title='bbox 1085 3297 1148 3342; x_wconf 86' lang='lat' dir='ltr'>ou·</span> 
     </span>
     <span class='ocr_line' id='line_1_36' title="bbox 116 3369 1147 3446; baseline 0 -16"><span class='ocrx_word' id='word_1_297' title='bbox 116 3371 225 3443; x_wconf 71' lang='lat' dir='ltr'>stadia,</span> <span class='ocrx_word' id='word_1_298' title='bbox 241 3371 435 3445; x_wconf 86' lang='lat' dir='ltr'>exceptiones</span> <span class='ocrx_word' id='word_1_299' title='bbox 448 3378 548 3432; x_wconf 85' lang='lat' dir='ltr'>tamen</span> <span class='ocrx_word' id='word_1_300' title='bbox 562 3371 627 3431; x_wconf 90' lang='lat' dir='ltr'>fieri</span> <span class='ocrx_word' id='word_1_301' title='bbox 640 3373 760 3445; x_wconf 90' lang='lat' dir='ltr'>debent,</span> <span class='ocrx_word' id='word_1_302' title='bbox 775 3370 798 3430; x_wconf 91' lang='lat' dir='ltr'>si</span> <span class='ocrx_word' id='word_1_303' title='bbox 814 3388 867 3446; x_wconf 89' lang='lat' dir='ltr'>per</span> <span class='ocrx_word' id='word_1_304' title='bbox 877 3377 1000 3446; x_wconf 89' lang='lat' dir='ltr'>pactum</span> <span class='ocrx_word' id='word_1_305' title='bbox 1017 3369 1089 3431; x_wconf 90' lang='lat' dir='ltr'>adid</span> <span class='ocrx_word' id='word_1_306' title='bbox 1105 3387 1147 3430; x_wconf 84' lang='lat' dir='ltr'>se</span> 
     </span>
     <span class='ocr_line' id='line_1_37' title="bbox 117 3453 1213 3535; baseline 0.004 -20"><span class='ocrx_word' id='word_1_307' title='bbox 117 3456 298 3534; x_wconf 84' lang='lat' dir='ltr'>obligaverit,</span> <span class='ocrx_word' id='word_1_308' title='bbox 312 3457 338 3516; x_wconf 88' lang='lat' dir='ltr'>si</span> <span class='ocrx_word' id='word_1_309' title='bbox 353 3458 464 3532; x_wconf 91' lang='lat' dir='ltr'>dolum,</span> <span class='ocrx_word' id='word_1_310' title='bbox 479 3459 527 3518; x_wconf 89' lang='lat' dir='ltr'>vel</span> <span class='ocrx_word' id='word_1_311' title='bbox 538 3459 658 3535; x_wconf 88' lang='lat' dir='ltr'>culpam</span> <span class='ocrx_word' id='word_1_312' title='bbox 668 3453 759 3520; x_wconf 81' lang='lat' dir='ltr'>la‘tam</span> <span class='ocrx_word' id='word_1_313' title='bbox 772 3459 935 3533; x_wconf 88' lang='lat' dir='ltr'>admiserit,</span> <span class='ocrx_word' id='word_1_314' title='bbox 950 3467 981 3521; x_wconf 87' lang='lat' dir='ltr'>et</span> <span class='ocrx_word' id='word_1_315' title='bbox 993 3460 1020 3520; x_wconf 90' lang='lat' dir='ltr'>si</span> <span class='ocrx_word' id='word_1_316' title='bbox 1031 3461 1060 3520; x_wconf 94' lang='lat' dir='ltr'>in</span> <span class='ocrx_word' id='word_1_317' title='bbox 1072 3474 1147 3519; x_wconf 87' lang='lat' dir='ltr'>mo·</span> <span class='ocrx_word' id='word_1_318' title='bbox 1212 3503 1213 3507; x_wconf 65' lang='lat'>,</span> 
     </span>
     <span class='ocr_line' id='line_1_38' title="bbox 116 3542 1147 3622; baseline 0.005 -20"><span class='ocrx_word' id='word_1_319' title='bbox 116 3559 151 3602; x_wconf 87' lang='lat' dir='ltr'>ra</span> <span class='ocrx_word' id='word_1_320' title='bbox 164 3542 301 3620; x_wconf 89' lang='lat' dir='ltr'>culpabili</span> <span class='ocrx_word' id='word_1_321' title='bbox 318 3544 492 3605; x_wconf 89' lang='lat' dir='ltr'>restituendi</span> <span class='ocrx_word' id='word_1_322' title='bbox 510 3545 607 3620; x_wconf 88' lang='lat' dir='ltr'>fuerit,</span> <span class='ocrx_word' id='word_1_323' title='bbox 629 3547 698 3622; x_wconf 90' lang='lat' dir='ltr'>quia</span> <span class='ocrx_word' id='word_1_324' title='bbox 711 3545 757 3608; x_wconf 90' lang='lat' dir='ltr'>his</span> <span class='ocrx_word' id='word_1_325' title='bbox 778 3546 808 3607; x_wconf 93' lang='lat' dir='ltr'>in</span> <span class='ocrx_word' id='word_1_326' title='bbox 822 3547 942 3608; x_wconf 83' lang='lat' dir='ltr'>casibus</span> <span class='ocrx_word' id='word_1_327' title='bbox 959 3565 1062 3610; x_wconf 89' lang='lat' dir='ltr'>casum</span> <span class='ocrx_word' id='word_1_328' title='bbox 1074 3545 1147 3607; x_wconf 83' lang='lat' dir='ltr'>ior-</span> 
     </span>
    </p>
   </div>
   <div class='ocr_carea' id='block_1_6' title="bbox 0 0 1223 4078">
    <p class='ocr_par' dir='ltr' id='par_1_6' title="bbox 0 0 1223 4078">
     <span class='ocr_line' id='line_1_39' title="bbox 0 0 1223 4078; baseline 0 0"><span class='ocrx_word' id='word_1_329' title='bbox 0 0 1223 4078; x_wconf 95' lang='lat' dir='ltr'> </span> 
     </span>
    </p>
   </div>
  </div>
 </body>
</html>
