2524 4080
502 189 662 246 -359-

86 307 174 362 nitatur
185 313 285 363 tantum
299 311 442 364 assertioni
451 311 577 378 alicujus,
591 311 638 378 qui
653 310 835 378 possidentem
846 312 946 374 monet,
960 321 1017 363 rem
1029 321 1046 362 a
1057 323 1087 364 se

83 392 219 443 possessam
230 397 283 436 non
295 395 356 436 asse
368 397 455 446 suam,
468 383 636 448 praescriptio
652 397 706 434 uon
719 383 932 448 interrumpitur,
945 381 1009 448 quia
1022 395 1086 449 pos·

83 449 162 504 sidens
174 467 227 506 uon
240 457 346 506 tenatur
363 453 404 506 iili
420 454 553 516 crederer
579 453 603 506 si
623 467 688 506 vero
711 453 879 506 denuncians
896 453 968 520 quod
990 453 1088 506 asserit

82 523 152 574 certis
172 524 337 578 documentis
359 526 465 591 probat,
487 525 694 592 interrumpitur
705 525 883 594 prescriptio,
897 525 962 592 quia
974 538 1024 591 per
1036 523 1088 578 hoc

80 593 143 646 mala
155 594 220 648 fides
230 596 375 650 inducitur.

106 773 163 831 691.
182 775 291 834 Cursus
302 771 535 850 prescriptionis
548 773 729 852 quandoque
748 773 949 852 suspenditur,
965 779 995 836 et
1016 781 1088 836 tunc

77 855 133 934 ipsa
144 861 326 940 prescriptio
342 863 450 924 dicitur
468 861 607 924 deumne.
624 879 694 924 cum
715 863 775 926 hoo
795 863 949 940 contingit,
971 869 1089 942 tempus

75 948 205 1025 medium,
221 969 282 1030 quo
296 951 479 1030 praescriptio
493 949 642 1028 dormivit,
656 952 841 1027 subducitur,
854 959 883 1014 et
902 959 1019 1029 tempus
1028 969 1089 1030 ¹an·

76 1035 156 1098 terim
176 1057 247 1102 cum
265 1039 432 1117 posteriore
455 1041 645 1118 conjungitur
667 1043 706 1102 ad
729 1042 983 1119 prescriptionem
1006 1059 1089 1104 com·
1180 1039 1182 1052 '

73 1125 212 1199 piendam.
228 1135 274 1190 Ex
284 1131 352 1207 jure
363 1131 508 1191 canonico
520 1130 704 1208 praescriptio
719 1131 846 1192 dormit:
862 1136 892 1191 1ο
906 1149 976 1192 cum
994 1132 1090 1194 fervet

20 1291 22 1298 Ι
74 1212 184 1294 helam,
210 1220 260 1280 vel
285 1219 440 1293 hostilitas,
467 1219 536 1297 quia
560 1221 622 1280 non
644 1221 732 1280 detur
753 1220 874 1282 libertas
896 1220 1004 1296 agendi
1029 1224 1087 1296 (i);

72 1305 99 1360 2⁰
114 1322 181 1367 cum
201 1305 335 1369 Ecclesia
357 1325 412 1368 suo
432 1314 478 1368 est
496 1307 616 1371 viduata
637 1312 770 1384 Pastore,
795 1309 865 1386 quia
888 1309 1015 1370 naturali
1033 1325 1089 1370 suo

72 1389 220 1460 defensore
237 1403 319 1458 caret
334 1401 393 1470 (E),
411 1401 441 1457 3ο
456 1413 525 1458 cum
541 1399 695 1472 Praelatus,
718 1399 767 1460 rel
785 1404 886 1458 rector
906 1397 1045 1460 Ecclesiae
1057 1397 1089 1458 in

69 1480 199 1546 heresim
218 1488 334 1564 lapsus,
347 1487 394 1546 rel
413 1486 698 1562 excommunicatus,
713 1489 762 1548 rel
779 1505 954 1564 suspensus,
967 1488 1016 1548 vel
1039 1505 1088 1550 ca·

69 1577 132 1644 ptus
146 1575 184 1633 ab
197 1573 346 1648 hostibus,
359 1575 408 1634 vel
418 1573 449 1634 in
461 1574 582 1635 exilium
595 1577 698 1653 pulsus
712 1575 775 1650 luit,
793 1577 863 1654 quia
873 1575 1005 1638 Ecclesia
1019 1594 1089 1638 cen-

69 1662 144 1716 satur
158 1658 246 1735 quasi
258 1676 366 1720 vacare
375 1664 434 1734 t3),
450 1666 481 1720 t⁰
495 1675 564 1720 cum
576 1662 726 1737 praelatus,
738 1663 787 1721 vel
801 1667 911 1734 rector,
925 1660 976 1738 qui
987 1663 1090 1723 Eccle-

68 1743 114 1804 aiae
132 1747 215 1808 bona
234 1747 312 1808 male
331 1747 479 1821 alienavit,
503 1748 602 1809 adhuc
623 1747 711 1823 vivit,
725 1749 794 1826 quia
818 1766 880 1811 non
902 1749 1091 1825 praesumitur
1189 1769 1193 1777 ’

68 1833 146 1896 facile
159 1838 276 1898 iactum
289 1853 378 1897 suum
395 1838 472 1896 uelle
491 1853 635 1898 revocare
648 1843 702 1911 (ὓς
728 1843 760 1898 5⁰
778 1855 847 1898 cum
869 1837 966 1915 agitur
980 1838 1017 1899 de
1035 1843 1092 1900 Ec·

67 1922 150 1985 clesia
164 1932 301 1988 Romana
314 1926 424 1987 dormit
435 1923 621 2002 praescriptio
636 1933 770 2004 tempore
784 1927 962 2002 schismatis,
978 1927 1048 2006 quia
1061 1929 1092 1990 ic

67 2008 120 2072 hoc
133 2013 271 2076 Ecclesia
284 2019 416 2075 llomaue
428 2020 475 2076 est
487 2013 669 2091 privilegiata
684 2031 695 2090 q
715 2021 735 2089 ).

92 2165 126 2232 (1)
139 2167 208 2221 Gan.
226 2167 266 2230 13,
280 2183 303 2220 o.
321 2167 360 2228 id,
375 2181 402 2234 q.
424 2167 447 2226 3,
471 2181 529 2232 cap.
554 2167 584 2218 11)
600 2166 634 2219 de
647 2165 798 2233 praescript.
821 2167 894 2234 quod
915 2167 1094 2222 communiter

66 2241 219 2292 extenditur
233 2240 268 2292 ad
284 2244 390 2304 tempus
406 2238 501 2306 pastis.
515 2265 546 2276 -
566 2238 601 2304 (tt
627 2239 692 2304 Gap.
710 2239 762 2299 1,1
780 2241 807 2292 et
828 2241 868 2302 15,
886 2240 920 2292 de
939 2241 1093 2307 prmscript.

64 2311 130 2372 quod
147 2311 307 2364 extenditur
323 2311 358 2362 ad
372 2323 473 2370 casum,
493 2323 547 2376 quo
568 2311 690 2364 Ecclesia
711 2311 874 2376 Episcopum
895 2311 996 2366 tabeat
1011 2313 1093 2366 inuti·

64 2377 122 2432 lem.
136 2383 205 2448 Cep.
219 2382 246 2446 2,
259 2383 292 2434 de
306 2381 402 2434 transl.
417 2381 500 2448 episc.
513 2407 543 2418 -
556 2381 592 2447 (3)
604 2381 691 2432 Gloss.
703 2381 732 2432 in
748 2380 793 2432 cit.
810 2395 869 2432 can.
887 2383 925 2445 13,
940 2397 963 2434 c.
979 2384 1019 2448 id,
1033 2397 1059 2450 q.
1069 2384 1094 2436 3.

64 2477 91 2486 -
103 2452 138 2518 (l)
153 2455 224 2519 Arg.
237 2467 295 2504 can.
313 2453 351 2512 10,
364 2467 386 2504 c.
404 2452 441 2516 16,
455 2465 480 2518 q.
498 2451 522 2515 3,
542 2456 569 2503 et
583 2453 620 2504 ih.
635 2451 723 2504 Gloss.
744 2480 775 2490 —
789 2449 825 2518 (5)
839 2451 900 2520 Eap.
921 2453 958 2512 11,
978 2452 1011 2504 de
1024 2467 1095 2520 prae-

63 2526 154 2645 scrgpi.
170 2523 247 2591 quod
260 2524 289 2576 in
303 2539 369 2577 casu
385 2521 496 2591 speciali
509 2522 543 2575 ed
563 2523 632 2576 alias
652 2523 781 2576 ecclesias
803 2523 964 2584 extenditur,
984 2523 1049 2591 Gap.
1071 2524 1094 2591 i,

66 2605 94 2644 ec
116 2635 121 2646 .

95 2776 159 2832 695.
182 2777 315 2847 Tempus
328 2769 445 2842 deinde,
460 2773 521 2846 quo
534 2767 687 2845 possessio
701 2769 743 2830 ad‘
759 2768 1014 2846 prescriptionem
1027 2785 1097 2846 per-

60 2859 226 2922 ficiendam
248 2859 358 2920 durare
382 2858 481 2933 debet,
505 2857 621 2917 varium
643 2865 698 2932 est,
720 2864 750 2918 et
773 2875 912 2919 ererum
926 2866 1042 2934 natura,
1062 2873 1098 2920 ac

61 2947 298 3010 circumstantiis
317 2947 475 3024 dependet.
497 2952 557 3006 ilec
576 2947 614 3008 de
634 2963 667 3007 re
688 2948 854 3008 secuudum
874 2947 1097 3010 canonmtarum

59 3038 238 3101 doctrinam
251 3043 409 3113 sequentes
419 3035 605 3112 assignamus
616 3037 747 3112 regulas.

94 3130 217 3206 Regula
235 3131 265 3187 t·
289 3129 342 3186 llea
364 3125 485 3185 nuchilca
502 3124 735 3201 praescriberetur
756 3126 893 3198 tmeucto,
914 3127 1000 3188 ruodo
1017 3124 1096 3187 adsit

58 3215 136 3279 lone
147 3217 239 3294 fides,
260 3224 287 3276 ct
301 3216 404 3292 justus
423 3213 539 3274 titulus.
560 3213 698 3288 Dicimus,
717 3214 804 3273 modo
827 3215 905 3274 odet
918 3215 994 3276 boue
1010 3213 1095 3289 fides,

60 3308 131 3382 quia
147 3321 225 3367 cum
237 3306 317 3365 mala
326 3305 386 3364 iide
400 3302 570 3380 praecriptio
584 3317 646 3362 non
660 3301 753 3362 currit
767 3321 773 3362 :
788 3302 859 3364 hinc
869 3304 918 3362 iur
930 3315 1097 3378 numquam

59 3393 254 3471 praescrihit3
271 3393 327 3470 qui·
341 3407 415 3453 vero
428 3409 447 3450 a
460 3392 526 3452 iure
545 3390 626 3465 emit,
645 3397 742 3467 potest
755 3393 876 3468 quidem
890 3391 1097 3467 praescribere,

59 3485 85 3542 si
99 3487 141 3545 sit
152 3485 189 3546 in
205 3485 286 3544 bona
298 3483 374 3556 ilde3
391 3483 445 3542 sed
460 3497 530 3542 cum
542 3497 593 3541 res
607 3481 646 3540 sit
658 3479 775 3558 vitiosa,
794 3479 956 3557 requiritur
970 3479 1099 3555 spatium

61 3573 192 3651 triginta
211 3586 358 3634 annorum
380 3570 470 3632 etiam
490 3570 522 3630 in
538 3586 573 3632 re
587 3568 702 3646 mobili,
717 3576 747 3630 et
771 3569 839 3630 ideo
853 3567 1013 3630 triennium
1037 3585 1098 3629 nou
