2560 4080
505 191 667 285 -7ua-

64 309 215 386 perierem
226 309 403 386 devolvitur,
415 317 445 374 et
458 311 489 372 in
503 329 540 372 eo
552 319 631 373 statu
643 313 809 389 reponitur,
822 314 852 374 in
866 325 932 391 quo·
944 320 1008 376 erat
1020 321 1091 392 post

62 400 146 462 litem
162 405 360 460 contestatam
374 399 405 460 in
418 401 599 477 praecedenti
613 401 753 462 instantia
769 405 821 477 (l).
837 402 911 464 Hinc
921 405 1021 488 judex
1038 421 1088 466 su·
1148 459 1151 466 .

63 489 166 566 perior
177 488 313 566 agnoscit
326 490 364 550 de
376 489 536 564 innovatis,
552 497 582 550 et
597 489 748 550 attentatis
760 508 815 567 per
826 491 958 568 judicem
971 492 1089 554 interio-

62 594 129 638 rem
143 585 212 654 post
223 577 432 654 interpositam
447 579 687 655 appellationem,
707 595 774 657 quae
789 587 941 658 tamquam
953 583 1044 656 nulla,
1060 588 1092 643 et

62 664 148 726 irrita
161 665 192 726 iu
203 666 363 742 pristinum
376 668 547 728 revocanda
560 674 631 728 sunt
648 673 701 742 (2).
716 670 862 730 Effectum
883 687 957 731 vero
979 676 1094 732 tantum

62 754 268 819 devolutum
280 761 352 817 tuuc
361 755 520 832 appellatio
534 756 635 832 hebet
651 773 720 818 oum
734 773 833 818 cauaae
843 757 976 834 cognitio
989 758 1093 820 derol-

61 842 144 904 ritur
157 843 278 920 quidem
291 845 329 906 ad
340 844 473 920 judicem
484 845 523 906 ad
540 862 647 922 quem;
663 845 717 908 sed
731 846 826 923 judex
838 864 858 907 a
872 864 933 924 quo
946 863 1031 908 suem
1043 847 1094 925 jn-

61 931 269 996 risdictionem
285 933 387 997 adhuc
409 941 521 1010 serrat,
538 941 688 1012 putemus
700 952 787 998 suam
799 935 959 1012 exequar
971 941 1091 997 seruan-
1171 945 1172 950 ’

61 1022 147 1098 nam,
162 1028 193 1083 ct
204 1039 267 1084 nou
280 1030 379 1101 potest
396 1024 534 1086 inhiberi.
556 1028 621 1086 ltoc
640 1041 713 1086 casu
730 1041 792 1086 non
805 1024 936 1102 ligantur
949 1025 1014 1101 eiua
1027 1039 1092 1086 rna·

61 1127 133 1186 nus,
147 1128 205 1174 uec
217 1113 282 1190 dus
300 1113 445 1174 sententia
465 1113 527 1174 aim
548 1112 666 1188 amittit,
684 1112 743 1174 nisi
761 1120 832 1191 post
853 1129 963 1176 novam
983 1111 1092 1190 judicis

60 1200 202 1278 appellati
227 1201 424 1276 sententiam,
451 1202 482 1262 in
507 1219 567 1280 qna
592 1202 793 1277 decernatur,
817 1203 896 1264 bene
915 1201 1006 1264 luisse
1036 1217 1092 1277 ap·

60 1290 216 1366 pellatam,
240 1296 271 1351 et
293 1291 372 1352 male
389 1289 577 1368 jndioemma
601 1290 717 1352 namsi
740 1289 923 1354 capuanum
945 1291 1090 1351 decerne-

59 1392 266 1462 retentatum
288 1389 443 1466 negotium
463 1389 541 1450 fouet
553 1388 593 1450 ad
603 1389 737 1465 judicem
750 1388 922 1451 intanmem
933 1387 1089 1450 remitten-

93 1623 129 1689 (l)
144 1623 207 1690 Cap.
220 1625 263 1690 55,
278 1623 312 1678 de
326 1626 416 1694 appel.
428 1653 460 1665 -
471 1626 508 1692 (t)
522 1626 589 1692 Gap.
610 1626 632 1686 l,
653 1623 714 1678 eod.
727 1628 754 1678 et
773 1639 833 1688 cap,
848 1623 874 1689 l,
893 1625 953 1678 eod.
976 1625 1006 1678 iu
1018 1624 1042 1676 6.
1059 1651 1091 1662 -

60 1695 100 1760 (³9
113 1695 178 1760 Cep.
196 1696 235 1760 59,
251 1695 280 1747 iu
292 1696 339 1748 tin.
350 1696 384 1749 de
402 1697 489 1764 appel.
505 1697 563 1749 Hoc
576 1701 741 1762 postremum
754 1709 848 1749 verum
864 1698 906 1750 est
921 1695 1030 1762 quando
1044 1699 1088 1762 ju·

59 1765 116 1818 dex
130 1765 244 1819 interior
258 1767 433 1834 appellationi
442 1781 495 1819 non
505 1767 603 1820 detulit
613 1786 620 1826 ς
631 1769 655 1818 si
668 1767 740 1819 enim
752 1767 926 1834 appellationi
936 1766 1088 1825 detulisset,

58 1837 122 1906 ipse
132 1837 219 1904 judex
230 1839 355 1906 superior
365 1843 457 1906 posset
466 1853 576 1891 caumm
590 1839 718 1900 retinere,
732 1841 760 1890 ot
771 1839 935 1890 terminare:
950 1838 1015 1904 quie
1025 1837 1091 1889 inle-

60 1907 119 1960 ricr
132 1921 182 1973 per
196 1908 359 1961 delationem
373 1909 579 1976 appellationis
601 1923 631 1962 se
649 1910 758 1972 tactam,
773 1910 802 1960 in
824 1922 857 1962 aa
876 1922 959 1962 eausa
972 1907 1086 1974 jurisdi-

59 1977 146 2030 ctioni
159 1981 335 2034 renunciasse
349 1979 501 2034 censemus
515 1982 596 2033 esset.
612 1979 677 2046 Cep.
691 1979 716 2039 5.
726 1978 760 2032 de
774 1978 865 2046 appel.
877 1978 906 2034 in
917 1979 941 2032 6.
1053 2018 1055 2024 .

96 2159 161 2218 878.
180 2157 300 2220 nutum
315 2158 437 2234 quidem
459 2156 583 2218 interest
595 2173 796 2234 agnoscercre
810 2171 972 2234 quemnam
984 2173 1002 2216 e
1012 2156 1088 2218 duo·

57 2244 118 2304 bus
129 2246 276 2307 sententia
287 2247 435 2324 appellata
447 2246 557 2306 habeat
570 2247 722 2320 effectum3
737 2245 791 2306 sed
804 2244 925 2322 cognito
938 2262 1000 2305 uno
1013 2261 1087 2306 con·

57 2333 222 2396 trariorum
235 2335 427 2412 cognoscitur
449 2343 481 2397 et
502 2335 592 2397 aliud.
607 2333 681 2396 llinc
700 2333 810 2396 sufficit
827 2349 987 2396 numerare
1000 2351 1090 2396 casus

58 2421 92 2484 in
112 2423 221 2502 quihus
235 2426 395 2504 appellatio
410 2425 499 2486 datur
511 2425 550 2486 ad
564 2425 663 2486 solum
676 2425 815 2486 affectum
829 2423 1042 2498 devolutivum,
1055 2429 1089 2484 ut

58 2519 162 2590 pateat
183 2513 214 2574 in
235 2514 299 2575 aliis
322 2513 442 2576 casibus
463 2513 527 2574 dari
550 2515 589 2574 ad
608 2515 749 2574 effectum
766 2512 856 2574 etiam
868 2511 1087 2588 suspensivum,

58 2601 123 2662 sive
137 2602 176 2662 ad
189 2609 352 2680 utrumque
366 2603 516 2664 effectum.
535 2607 580 2664 lix
593 2604 698 2679 regula
711 2601 843 2679 generali
863 2599 1022 2679 appellatio
1035 2600 1088 2660 da·

58 2697 109 2752 tur
122 2691 163 2751 ad
176 2693 274 2753 solum
288 2692 426 2754 effectum
438 2691 639 2754 devolutivum
659 2691 690 2751 iu
713 2689 810 2752 causis
821 2689 997 2750 visitationis
1009 2688 1087 2750 diue·

57 2797 189 2854 cesanae,
204 2786 235 2841 ct
252 2780 448 2842 correctionis
464 2792 584 2841 monum
602 2783 661 2854 (l),
677 2780 732 2842 sed
744 2777 921 2842 Benedictus
934 2783 1004 2854 xlv,
1019 2795 1088 2855 spe-

58 2868 174 2929 cialiter
184 2869 335 2943 detlnivit,
361 2875 392 2930 et
412 2869 619 2930 dctenniuavit
632 2885 730 2944 casus,
745 2867 776 2928 in
790 2867 898 2944 quibus
912 2867 1089 2944 paginaliter

57 2957 221 3034 appellatio
235 2958 274 3018 ad
288 2959 386 3018 solum
399 2959 541 3019 eflectum
554 2956 757 3034 devolutivum
766 2956 941 3018 conceditur
950 2959 1002 3032 (a),
1013 2973 1089 3034 quos

55 3045 109 3106 hi'c
121 3046 263 3121 breviter,
284 3053 429 3123 quantum
452 3047 517 3108 fleri
537 3053 647 3124 potest,
672 3062 837 3122 congerere
855 3046 1019 3106 studemus.
1043 3048 1088 3106 Ex

57 3133 233 3196 delinitione
246 3134 437 3196 Benedictina
449 3135 609 3212 appellatio
623 3134 662 3194 ad
674 3135 772 3195 solum
786 3135 926 3196 eflectum
940 3131 1086 3195 devoluti-

55 3241 132 3284 vum
146 3224 250 3286 datur:
261 3229 292 3284 l⁰
303 3225 334 3284 in
349 3224 487 3284 omnibus
498 3223 627 3298 casibus,
642 3224 671 3284 in
685 3221 793 3300 quibus
806 3223 952 3286 sententia
965 3221 1088 3284 mandat

56 3313 182 3390 aliquod
195 3313 304 3392 exequi
320 3312 437 3374 concilii
450 3311 610 3374 Tridentini
623 3313 794 3386 decretum,
809 3317 841 3372 ⁶2⁰
852 3330 871 3372 a
883 3311 1030 3373 mandatis
1043 3326 1090 3371 re-

54 3400 255 3479 aspicientibus
270 3401 403 3463 divinum
418 3402 542 3477 cultum,
554 3419 591 3462 ac
604 3400 773 3477 praesertim
794 3401 893 3464 missae
911 3397 1086 3461 celebratio·

53 3507 146 3566 nem,
159 3495 190 3552 3·
204 3507 222 3552 a
234 3491 364 3553 decretis
372 3491 544 3568 Jubentihus
558 3489 704 3564 saectuan,
716 3497 746 3551 et
758 3489 888 3567 regulari
902 3489 983 3549 clero
994 3486 1088 3550 inter-

54 3597 128 3642 esse
139 3581 394 3658 processionibus,
409 3581 570 3642 observare
583 3595 727 3642 censuras
742 3578 832 3640 etiam
846 3577 1043 3654 episcopales,
1058 3582 1088 3638 et
