2432 4078
627 95 788 152 -318-

189 225 253 282 etus
270 213 441 292 raetiaque
459 231 508 277 rar
519 215 673 294 [suffitia
693 216 736 278 ite
750 215 841 290 aliqui
854 215 952 290 datur,
967 222 999 276 ut
1015 213 1163 290 vitatote

188 316 288 387 posteo
301 305 486 366 innitendum
492 305 526 364 in
540 306 641 366 eadam
651 307 740 384 speria
753 306 897 366 restituat.
913 311 955 366 Ex
966 305 1020 365 hae
1028 301 1166 363 delinitione

190 403 282 476 patet,
296 399 432 456 mutuum
445 410 534 470 posse
547 394 657 455 habere
670 395 773 456 locum
785 400 900 455 tantiam
912 395 940 454 in
954 393 1037 454 rebus
1047 389 1166 466 bnqbili-

189 485 257 558 bus,
269 499 337 560 quae
351 498 489 556 nurnero,
500 483 644 559 pondere,
658 490 688 543 et
701 499 841 544 mensura
853 490 990 556 veneunt,
1003 493 1108 559 quasque
1123 495 1169 538 usu

191 579 419 645 consumuntur,
442 578 475 633 ut
499 573 635 648 pecunia,
654 572 794 646 triticum,
808 573 920 646 unum,
943 573 1045 646 oleum,
1064 577 1110 630 eta
1129 573 1168 639 (i,

191 677 319 740 quarum
333 659 498 721 dominium
509 661 540 719 ia
554 661 764 720 mutuatarium
778 663 953 722 transfertur
962 665 1011 735 (t),
1022 657 1066 735 qui
1075 662 1170 718 tarum

192 750 271 824 dem,
285 749 349 810 sive
362 748 449 810 adam
463 765 528 810 rem
542 748 667 810 similem
680 749 711 808 in
725 749 899 828 quantitate,
915 756 944 811 et
956 749 1076 810 bonitate
1087 750 1169 805 sutrio

195 835 399 912 temporanei
414 835 664 910 quandocumque
685 835 797 910 petenti
817 835 977 896 mutuatori
992 833 1125 894 restituere
1139 836 1170 887 te-

193 930 293 984 netur.
312 923 342 984 si
359 921 437 984 enim
457 924 653 984 mutuatarius
666 923 753 983 aiam
775 925 908 1002 speeiem
924 929 1024 1001 posset
1040 920 1171 988 restituere,

194 1030 243 1075 ex.
258 1029 303 1092 gr.
319 1011 450 1072 triticum
462 1012 609 1088 provino,
624 1029 685 1072 non
697 1013 775 1073 foret
788 1020 935 1086 mutuum,
948 1013 1000 1073 sed
1013 1005 1171 1087 permutatim
1204 1027 1205 1054 r

196 1110 227 1163 ei
239 1101 265 1162 si
278 1101 400 1163 deberet
414 1101 570 1162 restituere
583 1101 719 1162 eamdem
731 1117 796 1162 rem
813 1101 844 1160 in
859 1101 970 1178 speeie,
983 1117 1028 1161 ex.
1045 1116 1085 1175 gr.
1098 1097 1175 1156 decem
1204 1085 1205 1162 l

195 1197 336 1270 aeoeptos
348 1207 466 1265 aureos,
478 1207 541 1250 nou
551 1191 628 1250 toret
644 1195 791 1266 mutuum,
805 1189 859 1252 sed
872 1191 1039 1268 depositum
1051 1191 1096 1260 (3).

226 1347 330 1415 (l)Ras
342 1361 397 1400 non
416 1347 562 1412 tangibiles
581 1345 717 1406 dicuntur,
732 1361 793 1414 quae
814 1361 866 1398 usu
888 1359 945 1398 non
963 1343 1142 1401 eonsumuniur,
1156 1339 1177 1387 ut

199 1433 297 1488 aquus,
316 1431 422 1482 currus,
437 1419 522 1480 navis,
540 1423 606 1478 ata.;
616 1432 731 1485 quaqua
749 1433 837 1480 usum,
852 1421 880 1470 at
892 1418 1057 1470 commodum
1071 1413 1177 1482 prestant,

197 1490 263 1543 dum
286 1491 354 1556 ipsas
377 1491 460 1541 salvas
477 1494 595 1542 manent.
618 1490 687 1541 Aliae
710 1490 856 1555 tangibiles
877 1491 1054 1556 appellantur,
1072 1486 1125 1552 quia
1141 1493 1179 1530 mi

199 1573 293 1614 aarum
308 1562 444 1627 quantitas
458 1561 579 1626 fungitur
593 1559 650 1612 viee
661 1561 772 1612 alterius
782 1561 950 1628 quantitatis.
963 1589 990 1598 -
1000 1561 1033 1624 (Ι)
1045 1561 1178 1630 consequti·

198 1633 240 1682 tar
259 1629 282 1682 si
300 1644 343 1682 res
361 1633 482 1682 mutuata
506 1635 608 1696 pereat,
625 1632 786 1682 mutuatario
802 1632 882 1695 perit,
898 1631 965 1696 quia
982 1645 1025 1682 res
1039 1641 1082 1682 suo
1101 1627 1180 1678 domino

200 1701 284 1769 parit;
296 1707 322 1752 et
336 1705 421 1754 restat
431 1703 594 1753 mutuatario
608 1714 676 1754 onus
689 1703 769 1753 aliam
783 1702 943 1768 restituendi
959 1717 1013 1754 ram
1026 1699 1130 1766 ejusdem
1141 1705 1181 1759 spe
1204 1759 1205 1764 ἵ

200 1773 260 1826 cisi.
274 1799 306 1812 ·-
321 1773 354 1838 (3)
366 1773 532 1838 Quicumque
545 1775 593 1839 jus
605 1773 688 1826 habet
704 1778 897 1836 contractuum,
910 1775 1118 1838 potastmutuum
1129 1766 1180 1822 iare¹
1204 1775 1205 1794 r

201 1850 228 1897 ai
245 1845 381 1910 recipera3
395 1845 509 1897 aeclesia
519 1849 618 1907 tamen,
632 1844 675 1896 vsi
688 1845 880 1896 monasterium
893 1858 948 1896 uon
962 1841 1183 1910 obligaturauuiuo

128 1955 132 1961 .
202 1918 311 1982 accepto
325 1916 464 1980 apraelato
476 1916 517 1968 vel
528 1923 637 1978 rectore,
652 1916 705 1966 uisi
715 1916 1004 1980 probetur‚peeuniam
1015 1919 1182 1978 aesopiamrer·
1204 1932 1205 1971 3

203 1999 261 2038 sam
279 1986 363 2038 luisse
377 1987 405 2036 iu
417 1987 561 2040 utilitatem
577 1987 710 2049 ecclesie,
724 1992 771 2038 aut
783 1987 836 2038 nisi
852 1987 924 2040 adsit
937 1987 1080 2040 necessitas
1096 1991 1182 2035 eumel-

202 2070 297 2123 prasso
321 2058 437 2124 Capituli
454 2058 591 2110 mandato.
606 2056 669 2124 Cap.
687 2058 709 2122 l,
726 2056 759 2110 da
778 2056 857 2112 solut.
879 2059 977 2124 Cani
999 2058 1033 2111 da
1053 2056 1153 2122 fidejuss.
1168 2049 1186 2098 tl

204 2127 355 2196 Ventriglia
367 2133 432 2182 tom.
443 2129 466 2190 1,
483 2132 573 2182 annot.
588 2129 627 2182 at.

238 2326 301 2383 643.
322 2327 453 2385 liutuum
474 2329 520 2384 est
542 2328 713 2384 contractus
731 2323 769 2384 de
788 2322 834 2384 sui
856 2329 963 2386 nature
977 2318 1189 2396 benefiouqqui

203 2411 344 2490 importat
357 2413 535 2474 beneficium
550 2432 568 2473 a
585 2419 753 2474 mutuatore
771 2414 882 2474 laetum
902 2415 1081 2476 mutuatorie
1093 2413 1126 2473 de
1139 2423 1189 2485 pro-

145 2549 148 2556 ,
203 2503 337 2579 prietau,
353 2509 383 2564 et
400 2520 458 2565 usu
477 2503 521 2564 rei
539 2503 577 2564 ad
595 2509 713 2580 tempus
731 2517 801 2563 curn
819 2505 882 2563 sola
895 2504 1075 2582 obligatione
1088 2512 1190 2563 remsuo

203 2599 338 2670 tempore
360 2592 543 2654 restituendi.
566 2592 648 2654 Unde
670 2593 866 2654 mutuatarius
887 2609 949 2652 non
971 2601 1087 2656 tenetur
1107 2584 1191 2664 aiqii

206 2680 269 2742 aive
289 2697 431 2757 magnum
458 2681 521 2742 sive
542 2696 666 2756 parvum
690 2689 798 2757 praeter
822 2688 936 2742 sortem
961 2684 1121 2754 restituere,
1134 2685 1157 2737 et
1175 2671 1192 2731 si

204 2767 276 2844 quid
292 2777 401 2845 praeter
427 2777 540 2831 sortem
561 2771 706 2844 restituat,
731 2777 760 2831 et
787 2777 937 2847 mutuabor
960 2777 1104 2849 acceptet,
1126 2777 1192 2827 usuri

206 2857 410 2933 committitur,
439 2876 505 2936 quae
529 2860 560 2920 in
586 2877 622 2921 eo
651 2861 776 2937 praecise
803 2860 947 2934 consistit,
972 2863 1054 2938 quod
1074 2859 1193 2920 mutuatur

202 2945 323 3021 aliquod
344 2947 462 3008 lucrum
484 2955 634 3027 tamquam
655 2949 710 3010 sibi
727 2949 844 3010 ratione
864 2951 957 3012 solius
976 2951 1072 3012 mutui
1089 2945 1192 3009 debitum

205 3033 349 3110 pereipiat
363 3037 414 3108 (Ι).

237 3125 331 3182 lisura
344 3121 375 3183 in
388 3141 498 3201 genere
512 3127 593 3188 omni
605 3129 673 3204 jure
687 3127 878 3204 prohibetur:
900 3129 1065 3190 Concilium
1077 3124 1146 3188 enin
1156 3134 1205 3208 ge

202 3213 302 3272 nerale
322 3215 519 3278 lateranense
541 3222 589 3290 ΙΙΙ,
611 3218 666 3278 suh
686 3219 852 3279 Alexandro
874 3223 920 3292 ΙΙΙ,
945 3217 1092 3290 definivit,
1113 3223 1194 3274 usuras

204 3302 395 3363 condemnari
408 3305 562 3382 utriusque
578 3305 752 3380 Testamenti
760 3308 872 3384 paqiraa
886 3311 940 3383 (t),
957 3314 987 3369 et
1001 3295 1194 3370 clemenstia

119 3467 120 3470 Ἴ
204 3390 332 3453 coneilio
346 3394 478 3469 generali
489 3395 645 3457 viennensi
655 3397 825 3473 declaravit,
835 3413 940 3459 usuras
954 3414 1020 3460 esse
1033 3398 1067 3458 in
1079 3383 1205 3472 offanum

179 3489 181 3492 ·
203 3479 256 3540 Dei
269 3489 295 3542 et
305 3482 446 3559 pronun,
460 3500 494 3546 ua
508 3491 611 3546 contro
621 3485 698 3562 jura
723 3486 823 3550 divina
837 3487 950 3565 puriter
967 3495 994 3550 et
1019 3487 1146 3550 tumea
1157 3479 1194 3551 (3).
