2524 4080
154 278 400 342 anconitanam
410 279 587 354 mactati,
605 285 637 340 et
648 279 704 340 alia
719 279 879 356 superflua.
893 277 1067 338 sustentatio
1083 295 1158 340 com-

155 369 311 448 prehendit
333 369 455 444 victum,
477 367 627 444 vestitum,
651 366 879 444 habitationem,
902 373 931 428 et
946 367 1160 443 hospitalitatem

156 459 195 520 od
209 475 346 520 normam
363 475 519 520 sacrorum
531 476 681 520 canonum
695 475 757 518 non
775 457 873 518 solum
885 472 957 532 erga
972 473 1118 532 pauperes,
1135 463 1162 515 et

157 547 343 626 peregrinos,
353 565 459 608 verum
468 565 587 624 quoque
601 564 672 623 erga
685 545 761 606 alite
775 552 935 606 extraneos
948 546 1039 604 etiam
1052 561 1166 604 consan-

158 636 293 714 guineos,
312 638 361 696 vel
381 637 494 696 amieos
512 637 598 712 juxta
612 642 721 696 statum
739 641 768 695 et
788 634 989 695 conditionem
1003 633 1167 708 beneficiati,

159 742 196 784 ec
218 724 348 801 regionis
371 725 620 786 consuetudinem
639 729 690 798 (l).
707 727 778 796 Quae
792 724 830 784 ad
851 723 915 783 baec
932 723 1119 800 requiruntur
1131 724 1170 782 di-

161 821 269 874 cuntur
292 814 501 876 senteatationi
524 813 838 889 necessariamque
857 829 926 873 vero
949 813 1112 888 superflum
1126 812 1172 872 aed

160 903 226 964 haec
240 905 388 964 bonorum
403 903 552 964 distinctio
566 919 672 978 parum
686 903 810 976 relevat,
829 919 895 978 quae
910 901 1011 978 potius
1022 919 1041 960 a
1052 900 1172 961 Ductori·

161 992 218 1052 bus
235 995 370 1070 emergit,
386 1011 476 1070 quam
490 995 585 1068 ajuro
599 1009 606 1051 :
623 1008 693 1050 nam
706 991 900 1051 beneficiatus
913 1008 952 1051 ex
965 991 1034 1066 jure
1048 984 1127 1067 aeque
1136 991 1173 1049 la-

163 1079 203 1142 cit
217 1098 289 1142 euos
299 1084 423 1155 fructur,
439 1081 489 1158 qui
503 1082 540 1142 ad
554 1081 762 1142 necessitatem
782 1079 944 1155 pertinent,
959 1097 1050 1156 quam
1063 1081 1172 1153 baum,

163 1171 214 1246 qui
231 1171 374 1247 superflui
388 1171 587 1247 appellantur,
603 1170 683 1230 unde
702 1170 768 1230 baec
781 1169 933 1230 distinctio
949 1171 1049 1230 solum
1068 1169 1176 1246 prodest

164 1258 203 1320 ad
216 1259 409 1320 indicandum
422 1260 513 1320 tinem
526 1259 692 1334 partialem,
708 1257 777 1334 quia
789 1259 905 1318 fructus
923 1260 1093 1335 superfluos
1105 1263 1175 1318 tene

165 1353 215 1408 tur
227 1349 420 1410 beneficiatae
429 1349 516 1426 juxta
523 1348 600 1424 jnrie
612 1347 732 1424 regulas
745 1346 775 1406 in
789 1346 863 1408 alios
878 1363 1017 1424 erogare.

197 1491 233 1556 (l)
247 1493 314 1545 Haec
326 1497 417 1546 tumtur
436 1491 586 1545 liberalitas
605 1505 753 1558 numquam
764 1495 854 1560 potest
871 1495 982 1546 extendi
998 1493 1032 1546 ad
1048 1491 1141 1558 luxum,
1154 1493 1177 1544 et

168 1562 203 1614 ad
214 1564 428 1628 ostentationem,
443 1565 485 1615 vel
499 1562 668 1628 superbiam:
685 1577 756 1623 nam,
770 1567 802 1616 ut
821 1565 911 1617 aiebat
933 1567 963 1618 S.
985 1564 1141 1622 Bernardus.
1154 1564 1177 1614 in

168 1633 247 1698 epist.
258 1635 298 1694 ti,
313 1636 347 1686 ad
359 1635 508 1688 Hearicum
522 1635 585 1687 Seu.
598 1635 725 1700 archiep.
742 1633 867 1688 diamant
878 1636 958 1700 nudi,
970 1637 1091 1690 clamant
1102 1635 1176 1702 scure-

168 1703 224 1766 tt'ci,
248 1711 457 1771 cenqumntw,
474 1710 500 1760 et
523 1705 633 1760 dictent:
651 1711 775 1761 nostrum
797 1711 844 1772 ast,
858 1707 930 1774 quod
952 1708 1105 1774 effundittu
1117 1704 1180 1760 nobs

169 1774 314 1828 eruduitar
328 1777 508 1840 subtrabitur,
522 1778 594 1844 quod
608 1777 732 1831 tuuuiter
751 1779 926 1844 terrenitatum
940 1779 1043 1834 nostru
1055 1777 1181 1832 aeaut

170 1845 239 1900 tibus
253 1847 417 1908 detrahitur,
428 1849 543 1916 quiquid
555 1847 657 1902 uoeedt't
667 1848 833 1904 vanitatibus
846 1849 948 1904 uestras.

208 2019 270 2076 722.
291 2020 376 2077 Bona
391 2016 576 2100 industrialia
594 2024 672 2092 sunt,
688 2036 755 2096 quae
769 2020 895 2082 clericus
909 2039 948 2082 ex
966 2037 1024 2082 sua
1037 2017 1175 2089 industria

79 2147 82 2156 .
172 2119 212 2164 err
230 2105 438 2168 ecclesiasticis
456 2106 658 2168 functionibus
676 2109 739 2168 eine
756 2109 913 2186 beneficio,
925 2127 965 2170 ex
984 2108 1177 2178 concionibus,

173 2209 211 2252 ex
228 2193 380 2255 ltissarum
394 2197 587 2272 elemosynis,
603 2213 642 2256 ex
655 2197 909 2260 administratione
926 2205 1181 2267 sacramentorum,

174 2297 213 2341 ex
226 2281 379 2359 stipendiis
391 2285 541 2361 funerum,
557 2303 596 2346 ex
609 2285 708 2347 officio
717 2287 822 2348 vicarii
834 2289 991 2365 generalis,
1007 2306 1047 2350 ex
1061 2285 1180 2354 artificio,

176 2376 206 2430 et
218 2372 355 2433 doctrina
368 2373 422 2432 sibi
436 2375 619 2450 comparavit
629 2379 680 2448 (l).
691 2381 760 2435 llaec
773 2375 893 2451 quidem
905 2377 996 2449 bona,
1010 2392 1077 2454 qnae
1089 2371 1180 2433 intuitu

177 2477 314 2612 persffiae
338 2463 448 2523 clerico
467 2464 630 2524 obveniunt
649 2466 847 2526 communiter
867 2467 953 2542 quast
967 2459 1179 2544 patrimonialia
1241 2469 1242 2476 ’

178 2568 255 2627 appe
297 2559 389 2625 ntur(
411 2558 431 2625 ).

210 2686 245 2746 (ll
259 2687 321 2754 Cap.
340 2688 377 2750 lt,
388 2689 420 2740 de
434 2692 539 2744 tentam.
552 2717 582 2728 -
599 2690 633 2756 (i)
648 2691 808 2756 Disputatur
822 2691 891 2743 inter
909 2693 1047 2750 Doctores,
1058 2705 1091 2742 an
1104 2683 1178 2740 distri«
1241 2731 1242 2746 ,

179 2756 305 2810 butioues
319 2760 482 2824 quotidianae
496 2761 523 2812 in
536 2763 682 2824 canonicis,
702 2767 728 2812 et
746 2765 810 2826 jura
827 2761 904 2814 atolae
919 2765 946 2814 iu
962 2763 1086 2828 parochis
1101 2768 1179 2810 uccen-
1241 2767 1242 2802 r

181 2828 265 2879 sanda
279 2831 332 2880 sint
349 2831 428 2882 bonis
446 2845 523 2884 mere
534 2832 732 2894 ecclesiasticis,
757 2834 799 2884 vel
822 2833 1048 2886 industrialibusl
1069 2831 1178 2883 Doctores

180 2901 343 2952 recentiores
365 2905 542 2955 communiter
563 2903 769 2956 industrialibus
790 2907 941 2964 accensent,
966 2905 1032 2972 quia
1052 2905 1142 2956 dantur
1158 2897 1181 2946 ul
1241 2923 1242 2926 =

181 2970 308 3036 pretium,
323 2976 350 3024 et
362 2973 523 3038 stipendium
535 2975 635 3026 laboris
646 2995 652 3036 ς
666 2976 714 3026 sed
725 2982 830 3027 veteres
843 2991 895 3028 non
910 2978 947 3028 ita
960 2975 1118 3033 sentiebant,
1130 2967 1181 3034 quit
1241 2929 1242 3008 1

180 3054 243 3164 aar}
257 3048 283 3164 att
295 3047 403 3108 proprie
417 3057 449 3098 ex
464 3047 594 3100 benetlcio
606 3047 775 3113 proveniunt.
789 3045 966 3122 Reiffeustual
979 3048 1014 3100 de
1027 3044 1110 3114 pecul.
1127 3041 1180 3094 cler.
1239 3097 1240 3100 ,

183 3127 209 3164 a.
254 3127 269 3165 e
293 3127 368 3180 seqq.

221 3287 282 3344 723.
303 3288 383 3344 Bona
404 3285 627 3362 parcimonialia
649 3285 777 3364 denique
799 3294 888 3362 sunt,
909 3303 977 3363 quae
999 3285 1133 3347 resultant
1147 3290 1177 3336 at

185 3373 377 3449 parcimoniis
390 3393 407 3434 a
421 3375 529 3436 clerico
544 3375 629 3436 lactis
644 3377 763 3453 parcius
779 3376 916 3450 urendo,
932 3383 1024 3452 qtram
1036 3390 1104 3436 suus
1117 3371 1178 3428 iere·

187 3461 238 3520 bat
259 3469 363 3522 status.
380 3463 509 3522 Clericus
526 3465 721 3540 prolectant
740 3482 832 3542 supra
853 3465 1032 3539 notavimus,
1056 3479 1090 3524 eu
1107 3452 1179 3516 bonit

190 3563 272 3610 mare
291 3551 499 3612 ecclesiasticis
521 3553 601 3614 illam
621 3553 676 3614 sibi
697 3553 840 3616 adscribit
859 3560 986 3631 partem,
1001 3570 1066 3630 quae
1078 3557 1119 3610 cst
1130 3554 1181 3604 sue
