2560 4080
580 145 746 206 ..m-
1271 205 1272 222 χ

156 263 251 328 minet
268 271 423 328 auctom
439 279 651 346 sumatque
671 233 1179 345 remeccepit,utpossitiililitem
1271 233 1272 256 Ξ

154 351 415 430 renuntiarere),
439 363 471 418 et
491 357 629 435 exceptio
649 357 968 434 resurrectionisque
990 373 1063 418 reue
1075 357 1180 434 aliquid

153 444 285 506 vicissim
302 445 375 522 petit
389 445 427 506 ab
443 456 558 522 octore,
572 463 629 524 pro
643 463 704 523 quo
717 446 801 508 illum
818 447 850 506 in
866 445 973 508 eodem
983 445 1097 524 jndicio
1107 463 1179 510 oon·

153 533 254 595 venit:
269 535 350 596 uode
360 535 392 596 iu
404 536 473 612 jnre
486 537 653 614 appelletur
665 541 770 596 mutue
782 535 885 613 petitio
896 539 948 609 (2).

183 665 218 732 (l)
228 667 351 722 laudere
363 669 471 730 dicitur,
482 683 544 722 cum
556 669 617 738 quis
626 671 692 723 citet
705 670 813 722 nomine
826 659 935 736 proprio
945 671 1082 722 auctorem
1092 684 1180 738 suum,

152 741 183 790 ut
199 751 261 790 cum
274 743 379 806 emptor
393 742 458 793 citet
471 741 646 802 venditorem.
666 744 694 794 et
704 743 772 808 petit
785 741 839 793 sibi
852 741 962 793 concedi
976 746 1082 808 tempus
1097 742 1132 793 od
1148 743 1178 794 li·

152 813 207 860 tem
222 809 262 862 illi
277 810 502 878 denunciandum,
517 819 547 864 ut
560 815 673 879 prestet
685 813 866 874 evictionem
882 813 1021 864 nominare
1034 827 1100 865 vero
1114 813 1180 866 dici·

152 885 206 942 tur,
221 895 282 934 cnm
297 884 346 949 qui
358 885 480 950 possidet
492 885 601 937 nomine
618 884 706 936 aliene
730 884 852 935 nominat
874 884 914 936 rei
927 884 1074 936 dominum.
1090 884 1180 936 Pelle·

152 953 247 1018 minus
260 961 330 1020 pert.
340 954 366 1019 1,
381 960 443 1008 sect.
460 958 482 1020 1,
498 955 616 1008 subsect.
631 957 656 1018 t,
672 956 720 1007 int
736 956 761 1018 3,
777 969 804 1007 ιι.
829 953 869 1006 tt.
884 982 916 994 —
934 955 971 1020 11)
994 956 1059 1020 Cep.
1081 957 1092 1007 1
1108 961 1136 1006 et
1153 957 1177 1015 2,

152 1023 186 1076 do
200 1031 265 1078 mut.
288 1030 364 1093 petit
379 1026 560 1080 Reconventio
577 1028 605 1080 iu
619 1026 805 1079 criminalibus
815 1041 870 1078 non
888 1027 1096 1088 habetlocum;
1110 1027 1180 1079 etin

152 1095 277 1149 civilibus
292 1099 432 1150 tructendn
446 1099 528 1150 estin
542 1098 637 1150 eodem
651 1111 789 1163 processu,
802 1097 842 1149 ite
857 1103 889 1150 ut
904 1097 1037 1151 sententia
1048 1097 1127 1163 prius
1139 1099 1179 1152 le-

152 1170 229 1218 retur
242 1181 326 1234 super
337 1170 524 1229 conventione,
537 1171 564 1220 et
577 1174 672 1235 postea
684 1182 767 1249 super
780 1169 996 1222 reconventione.
1010 1169 1059 1222 Cit.
1076 1183 1139 1236 cop.
1157 1171 1179 1230 1,

151 1235 186 1288 do
200 1244 266 1291 mut.
279 1239 357 1306 petit.
370 1244 398 1342 et
411 1252 469 1308 cep;
484 1241 548 1294 tde
561 1239 619 1293 ord.
636 1240 734 1306 cognit.

188 1426 251 1483 826.
268 1423 399 1502 Denique
412 1425 512 1502 quood
525 1441 647 1486 oeusmn
660 1424 789 1504 proponi
808 1425 886 1484 inter
898 1423 971 1484 elias
984 1427 1113 1500 possunt
1125 1439 1178 1484 ex-

152 1513 321 1588 ceptiones:
338 1521 442 1575 contre
459 1514 601 1590 libellum,
613 1516 734 1592 quaudo
751 1521 798 1575 est
815 1514 945 1591 ineptus,
959 1514 1007 1573 vel
1020 1512 1180 1588 obscurus,
1271 1533 1272 1536 ¹

151 1607 185 1660 ut
198 1617 290 1678 supro
301 1603 362 1678 jem
376 1603 614 1677 observarunns3
628 1611 733 1665 contre
743 1603 902 1678 actionem,
914 1603 1035 1680 qnando
1044 1600 1180 1662 nondum
1271 1599 1272 1666 3

153 1689 254 1764 cessit,
271 1697 301 1750 et
313 1691 394 1751 venit
406 1690 470 1752 dies
483 1692 683 1770 obligationis3
696 1700 726 1754 et
737 1699 842 1753 contre
852 1691 1033 1764 citationem,
1046 1691 1180 1764 aliosque

152 1785 238 1840 nctus
256 1779 439 1856 judiciarios,
461 1782 521 1858 qui,
543 1781 569 1842 si
590 1783 663 1844 liant
685 1781 733 1844 die
754 1781 869 1855 lerieto,
888 1797 928 1842 ex
946 1781 1015 1856 iure
1030 1777 1179 1840 canonico

151 1874 304 1946 tamquam
318 1868 549 1931 nullihebentur
563 1876 614 1947 (l).
681 1887 685 1892 ’

186 2003 220 2065 (ll
235 2003 300 2070 Gep.
316 2003 450 2070 Quoniam
462 2008 557 2059 contra
575 2004 610 2058 de
622 2003 729 2072 probet.
743 2007 769 2056 ot
783 2018 842 2070 cep.
856 2002 906 2056 ult.
921 2004 955 2056 de
967 2003 1028 2056 ieri.
1045 2002 1142 2054 Devoti
1158 2003 1178 2054 l.

152 2073 177 2134 3,
192 2080 211 2127 t.
229 2075 303 2142 ¹⁰1&
318 2075 343 2141 6,
358 2076 386 2127 in
399 2079 455 2128 not.
468 2091 498 2128 n.
512 2076 537 2128 ’1.
555 2077 622 2129 Cum
636 2079 726 2129 temen
738 2077 767 2128 in
781 2077 907 2128 citatione
921 2075 974 2127 duo
989 2076 1045 2127 sint
1060 2074 1179 2133 termini,
1271 2093 1272 2112 ι

152 2145 256 2198 scilicet
269 2145 338 2206 dies.
354 2161 407 2214 quo
424 2161 473 2214 per
488 2146 610 2214 judicem
626 2147 791 2209 decernitur,
803 2149 830 2199 et
843 2145 911 2207 dies,
925 2160 978 2212 qno
991 2159 1038 2198 reo
1052 2148 1103 2211 per
1115 2147 1181 2199 dur·

152 2227 239 2280 sorem
256 2217 432 2282 significetur,
447 2219 538 2270 citatio
555 2222 597 2271 est
609 2218 687 2270 nulle
699 2221 814 2280 mutum,
828 2218 851 2269 si
866 2218 910 2271 die
927 2218 1021 2271 ierinto
1036 2229 1083 2270 reo
1094 2217 1181 2282 signi·

151 2286 253 2341 licetur.
266 2289 438 2355 Pellegriuue
451 2295 522 2357 pert.
532 2291 557 2351 2,
571 2293 635 2342 sect.
651 2290 769 2343 subseot.
778 2290 804 2354 l,
820 2303 848 2340 n.
861 2289 902 2342 tl.

187 2469 250 2529 827.
269 2466 466 2544 Exceptiones
483 2465 627 2526 dilatoriae
650 2472 719 2527 ente
738 2465 797 2528 litis
819 2439 996 2542 ingressum,
1020 2465 1084 2526 sive
1108 2473 1181 2526 ante
1271 2537 1272 2558 χ

152 2553 234 2616 litem
246 2562 470 2616 „constestatam
491 2556 667 2632 regulariter
689 2556 893 2633 proponendae
910 2562 989 2629 sunt,
1003 2561 1034 2615 et
1055 2555 1181 2632 quidem
1271 2559 1272 2616 l

152 2660 259 2706 omnes
272 2644 369 2718 simul,
384 2645 409 2704 si
428 2644 495 2722 quis
515 2641 614 2722 queet‘
624 2646 759 2722 pluribus
772 2663 805 2706 se
818 2645 988 2705 defendere.
1004 2643 1063 2724 Sed
1084 2643 1180 2704 inter-
1271 2663 1272 2702 ι

151 2731 225 2792 dum
238 2742 307 2810 post
320 2735 401 2814 litem
416 2740 615 2794 contestatam
628 2751 668 2794 ex
678 2735 745 2810 jure
757 2732 902 2794 canonico
914 2738 1136 2810 proponuntur,
1146 2739 1181 2793 ut
1271 2719 1272 2768 ³

150 2819 181 2880 in
197 2838 278 2895 οιιιιι,
295 2839 354 2898 quo
369 2823 469 2900 eliqua
488 2823 627 2899 exceptio
644 2823 682 2883 de
704 2840 783 2884 novo
802 2823 935 2896 suborta,
950 2822 999 2882 vel
1012 2821 1112 2898 aguila
1128 2820 1180 2894 sit,

149 2910 242 2971 modo
264 2911 416 2988 excipiens
429 2912 468 2974 de
484 2911 530 2972 rei
548 2911 673 2973 ueritate
690 2912 774 2988 prius
787 2906 867 2989 juret
887 2915 944 2985 (1),
959 2910 1031 2972 item
1047 2909 1078 2969 in
1092 2925 1180 2984 casu,
1271 2911 1272 2914 ’

149 3017 210 3077 quo
221 3001 360 3078 exceptio
369 3009 415 3062 est
424 3002 462 3062 de
471 3001 605 3062 nullitate
614 3018 785 3077 processus,
795 3008 829 3061 ut
842 3000 868 3060 sl
881 3000 1028 3060 sententie
1037 3001 1100 3068 ‚luto
1110 2999 1181 3060 site
1271 3017 1272 3028 ¹

146 3089 247 3166 judice
260 3089 491 3166 incompetente,
500 3092 549 3150 rel
558 3088 689 3150 exialsis
701 3088 905 3158 instrumentis
915 3093 971 3162 (Ξ),
982 3089 1053 3148 item
1062 3087 1093 3147 iu
1103 3105 1180 3148 cusu
1271 3113 1272 3146 ;

148 3178 465 3242 excommunicationis
472 3183 523 3252 (3).
534 3184 679 3240 Caeterum
690 3175 784 3255 judex
797 3183 957 3254 antequem
965 3176 1180 3252 exceptionem

148 3269 293 3342 admittet,
304 3268 406 3330 videre
417 3268 515 3342 debet,
527 3284 567 3328 en
580 3283 667 3344 aeque
679 3267 728 3342 sit,
738 3268 786 3327 vel
798 3266 914 3342 irivola,
925 3273 955 3327 et
967 3265 1177 3328 frustratorie:

147 3373 218 3416 nem
238 3365 272 3418 ut
285 3342 362 3417 hene
382 3363 500 3422 tenetur
513 3358 668 3432 repellere,
683 3373 722 3416 ne
735 3355 846 3416 melitio
858 3355 1013 3416 hominum
1027 3351 1096 3424 lites
1108 3354 1179 3414 diu·
1271 3403 1272 3422 ,

146 3442 205 3501 tius
218 3449 434 3519 prorogentur3
456 3443 498 3502 ile
513 3443 595 3504 illem
613 3443 669 3506 rite
687 3442 881 3520 propositam,
896 3449 927 3509 el
944 3444 1103 3566 probolam
1119 3443 1177 3504 ed·

146 3527 263 3590 mittere
274 3536 392 3592 tenetur
402 3533 453 3602 (i).
