2524 4080
383 667 588 820 Trinius
622 737 790 820 xxxin.

400 986 436 1032 DE
454 986 571 1032 annuato
589 986 776 1034 annunciant.

85 1153 219 1210 sunnon
234 1177 240 1208 a
257 1157 312 1209 tlt.
329 1157 444 1211 Peculium
462 1157 515 1226 quid
526 1159 652 1225 sianilcet?
667 1187 698 1198 —
713 1159 766 1212 718,
786 1159 847 1220 Quot
860 1173 968 1226 generunt
982 1161 1028 1214 alut
1039 1161 1100 1214 bona

112 1227 259 1280 denarum?
276 1257 302 1266 -
315 1230 369 1282 719,
384 1232 510 1298 Quotuplex
523 1231 553 1282 sit
563 1231 695 1282 clericorum
707 1230 873 1297 1111111111-
888 1232 944 1283 710.
955 1232 1017 1292 Quot
1028 1247 1098 1298 aaut·

113 1313 160 1350 runa
173 1304 227 1351 sunt
236 1299 297 1352 bona
310 1301 477 1353 ecclesiastica?
491 1329 519 1340 -
533 1303 587 1352 711.
603 1301 658 1362 Quae
672 1303 828 1354 sustentationi
843 1304 980 1364 necessaria,
994 1318 1045 1370 qua
1059 1319 1099 1356 au·

110 1371 259 1436 111111111-
277 1373 332 1424 itt.
355 1373 411 1433 Qua
431 1373 589 1424 industrialia?
608 1401 635 1410 -
653 1375 707 1425 723.
728 1375 784 1434 Qua
801 1373 987 1440 parcimonialia?
1000 1402 1028 1413 -
1044 1375 1098 1426 721.

114 1443 202 1508 nepta
215 1445 363 1497 enervanda
372 1447 396 1495 in
406 1445 558 1509 assignatione
571 1445 682 1496 fructuum
695 1445 876 1496 beneficiorum?
889 1473 920 1483 -
935 1447 989 1498 725.
1008 1446 1101 1498 lieditos

114 1515 219 1580 superflui
233 1516 323 1582 quando
338 1520 361 1566 et
370 1515 484 1581 quomodo
499 1515 663 1567 distribuendi?
673 1543 704 1555 -
718 1518 772 1568 726.
787 1517 907 1576 Quomodo
920 1517 1032 1570 dividendi
1044 1518 1102 1572 lotor

111 1589 288 1648 1111111111,
302 1591 325 1638 et
337 1586 509 1640 successoreua‘.i
518 1615 549 1626 —
563 1587 618 1638 iii.
634 1585 841 1647 Quidsentlennum
854 1588 882 1640 do
896 1587 1022 1640 inexaotis‘t

117 1776 175 1832 717.
192 1779 263 1835 Post
275 1774 376 1834 datam
389 1789 490 1834 rerum
504 1773 567 1834 siue
583 1774 732 1834 bonorum
745 1772 1013 1834 ecclesiasticorum
1028 1791 1103 1834 enu-

85 1861 258 1923 cleationem
272 1863 310 1923 ad
329 1865 453 1924 ciericos
473 1879 572 1924 sermo
596 1869 698 1923 noster
712 1863 856 1939 tantisper
868 1864 1037 1937 revertitur,
1053 1863 1104 1942 qui

84 1950 195 2012 unctus
217 1952 393 2014 eorumdem
412 1953 561 2014 bonorum
575 1951 726 2029 colligunt,
742 1958 771 2014 ct
784 1951 814 2011 io
828 1969 883 2013 suo
897 1952 1014 2030 peculio
1030 1969 1104 2013 con-

87 2039 166 2102 dunt.
182 2042 336 2102 Peculium
362 2041 405 2104 sic
426 2043 553 2117 dictum,
581 2041 665 2119 quasi
683 2043 721 2102 sit
744 2042 855 2119 pusilio
878 2043 1002 2118 peronio
1019 2044 1105 2118 jnxte

85 2132 284 2191 Romanorum
305 2132 387 2207 leges
406 2131 552 2208 significat
571 2130 739 2207 pecuniam,
755 2148 844 2207 quam
861 2129 1073 2191 filiusfamilias
1087 2149 1105 2191 1

87 2219 216 2294 paternis
230 2220 396 2281 rationibus
411 2226 578 2296 separatam
592 2219 737 2280 retinebat
751 2224 802 2292 (1).
816 2225 878 2279 lloc
888 2219 987 2295 ipsum
995 2236 1105 2280 nomen

85 2307 237 2385 adoptavit
251 2307 384 2370 Ecclesia
408 2308 447 2370 ad
469 2309 550 2368 illam
568 2307 705 2383 pusillam
718 2307 885 2384 pecuniam,
901 2307 1025 2368 aliamve
1041 2323 1107 2368 rem

86 2395 296 2472 denotandam,
312 2415 403 2475 quarn
415 2397 542 2458 clericus
563 2396 666 2457 habuit
689 2397 727 2456 ab
748 2395 890 2470 Ecclesia,
901 2397 948 2457 vel
961 2395 1107 2456 fructibus

85 2483 234 2547 bonorum
248 2486 517 2548 ecclesiasticorum
530 2484 586 2546 sibi
602 2486 793 2562 comparavit,
815 2485 909 2560 cujus,
928 2491 972 2559 ut,
991 2501 1105 2558 servus,

86 2582 135 2635 aut
154 2575 378 2651 lilius-familias,
399 2583 520 2636 nonest
544 2575 682 2636 dominus
708 2575 872 2648 absolutus,
900 2590 968 2634 cum
989 2573 1105 2646 debeat,

87 2666 167 2740 quod
180 2683 244 2726 suae
259 2671 395 2743 superest
406 2666 539 2725 honestas
552 2663 758 2725 sustentationi
771 2662 802 2722 in
811 2677 958 2740 pauperes
971 2677 1107 2738 erogare,

85 2761 135 2813 aut
148 2754 290 2816 Ecclesiae
302 2754 458 2816 restituere
473 2757 523 2826 (2).

116 2889 152 2958 (l)
166 2891 197 2943 L.
214 2889 280 2957 3,11.
296 2888 330 2941 de
344 2889 432 2955 pecul.
447 2915 478 2926 -
491 2887 645 2955 (11711111.
660 2887 695 2940 do
709 2887 796 2954 pooul.
809 2886 875 2940 olor.

120 3083 183 3141 718.
201 3078 381 3140 clericorum
392 3081 491 3136 tamen
502 3075 719 3136 bonaduorom
732 3087 876 3150 genarum
891 3087 958 3132 esse
970 3076 1108 3147 possunt,

88 3183 198 3244 nempe
208 3187 214 3227 :
224 3165 463 3244 patrimonialia,
475 3181 541 3242 quae
555 3165 585 3223 in
600 3163 716 3238 privato
729 3160 828 3222 clerici
839 3157 1017 3237 patrimonio
1031 3162 1110 3230 sunt,

88 3256 335 3327 concionantes,
352 3271 419 3330 quae
436 3253 477 3312 illi
489 3253 527 3312 ab
551 3251 682 3312 Ecclesia
703 3249 891 3327 proveniunt.
906 3247 1019 3308 idcirco
1033 3245 1113 3304 bona

88 3343 306 3420 patrimonialia
320 3350 400 3416 sunt,
416 3361 482 3420 quae
493 3341 620 3403 clericus
634 3345 702 3400 ante
713 3339 884 3400 clericatum
897 3335 1034 3408 habebat,
1046 3349 1113 3410 quae

91 3433 121 3493 in
134 3451 206 3494 curn
229 3433 338 3494 deinde
361 3430 547 3493 haereditaria
568 3429 716 3503 intestata,
737 3427 782 3487 vel
797 3433 901 3488 testata
915 3421 1112 3497 successione,

93 3528 144 3583 out
155 3521 536 3599 donationepervenerunt‚
549 3535 675 3596 quaeque
683 3512 1030 3594 ipsetamquamcivisex
1041 3528 1113 3572 con-

94 3614 215 3686 tractu,
236 3611 282 3672 vel
309 3611 447 3685 fortuna,
466 3610 515 3672 vel
541 3625 581 3670 ex
597 3624 653 3670 suo
670 3605 788 3684 privato
801 3601 917 3680 peonio
939 3606 1116 3678 assequutus
