2410 4068
467 213 574 270 «les
593 240 626 254 -·

46 328 147 406 euplus
165 348 229 392 nou
249 331 320 405 sint,
335 333 483 398 etcreari
502 339 618 394 tantum
638 341 752 412 queunt
766 353 806 396 ex
823 335 962 396 facultate
980 353 999 398 a
1016 339 1046 396 S.

46 420 294 494 incontentae).
310 423 654 484 Examinatoresdebent
664 424 702 484 ad
711 433 817 486 sancta
828 424 879 486 nei
889 423 1049 502 Evangelia

45 509 131 584 jurare,
150 527 192 583 se,
208 527 400 588 quacumque
413 512 544 572 humana
559 511 716 574 allectione
730 515 907 591 postposita,
921 513 1048 575 fideliter

45 613 131 658 munus
150 607 351 672 executuros,
367 599 600 676 necquidquam
619 601 778 662 occasione
796 603 884 680 hujus
902 599 1049 662 examinis

46 693 161 761 nutante,
175 696 228 748 aut
241 696 311 766 post
321 696 449 766 possunt
462 689 600 765 accipere
612 707 620 763 ;
636 691 722 751 aliter
735 691 893 751 incurmnt
911 692 941 750 in
956 691 1048 751 simo-

46 776 197 852 niaerilium,
212 797 230 838 a
246 795 305 856 qua
318 777 433 838 absolvi
447 795 507 837 non
521 785 659 856 possunt,
669 781 727 840 nisi
741 779 869 840 dimissis
883 779 1048 854 beneficiis,

46 882 96 940 que
107 873 188 928 antea
201 866 407 945 possidebant,
422 867 538 928 etfiunt
552 867 659 930 adalia
681 869 878 946 imposterum
890 868 1048 946 possiden·

46 955 218 1017 dainhabiles
233 959 245 1029 (
263 961 285 1028 ).

71 1043 166 1120 siquis
182 1053 307 1122 quaerat,
322 1063 361 1107 an
374 1047 405 1107 in
420 1049 558 1108 examine
572 1049 611 1108 ad
626 1064 807 1108 concursum
822 1048 987 1124 Episcopus
1000 1047 1050 1106 he-

44 1133 99 1192 beat
116 1141 235 1209 votum,
257 1137 503 1212 respondendum
524 1144 570 1197 est
592 1153 662 1224 epm
682 1136 881 1208 distinctione,
906 1141 958 1195 aut
979 1141 1049 1196 vota

44 1221 260 1285 examinatorum
274 1231 345 1286 sunt
358 1227 441 1301 peria
459 1243 515 1302 pro
530 1241 602 1300 uno,
623 1233 653 1286 et
673 1242 730 1303 pro
743 1226 821 1298 alio,
840 1233 870 1285 et
883 1225 1049 1300 Episcopus

43 1310 228 1373 hahetrotum
248 1314 377 1390 eligendi
396 1331 486 1392 quern
503 1315 643 1376 maluerit
656 1332 696 1374 ex
715 1313 897 1391 approbatis,
911 1313 993 1389 quod
1006 1313 1050 1371 ta·

44 1416 100 1459 cere
110 1401 194 1462 dehet
211 1403 243 1462 in
267 1404 335 1479 ipso
355 1404 499 1466 scrutinio
514 1421 618 1465 coram
632 1404 885 1464 examinatoribus
899 1409 951 1477 (5),
966 1401 1051 1462 aliter

45 1489 163 1550 inefficax
180 1493 268 1554 fleret
280 1493 518 1554 examinatorum
538 1493 682 1568 judicium
698 1511 705 1566 3
721 1499 772 1552 aut
786 1499 856 1552 eunt
870 1491 1005 1567 imparia,
1020 1496 1051 1550 et

46 1579 138 1639 nullum
151 1581 240 1641 habet
250 1587 354 1641 votum
366 1582 531 1658 Episcopus
543 1586 594 1654 (6),
607 1587 670 1642 lloc
681 1582 801 1658 quidem
812 1581 1052 1658 experimentum

47 1665 314 1729 inexaminatomm
327 1671 438 1746 jndicio
451 1671 506 1731 fuit
520 1672 725 1746 commissum,
739 1678 773 1730 ut
785 1671 842 1750 ipsi
856 1671 984 1732 debeant
997 1687 1052 1730 ne-

51 1755 106 1816 dum
114 1759 189 1818 circa
202 1758 384 1833 doctrinam,
393 1761 446 1820 sed
457 1767 487 1820 et
500 1760 579 1820 circa
592 1767 719 1833 aetatem,
730 1777 840 1829 mores,
850 1759 1050 1836 prudentiam,

50 1845 135 1915 zelum,
152 1848 285 1924 aliasque
304 1850 548 1910 concurrentium
571 1849 728 1925 qualitates
746 1847 890 1922 judicium
910 1849 1000 1921 terre,
1018 1854 1053 1907 ut

50 1933 141 2006 pluries
152 1937 206 1997 fuit
219 1955 237 1996 a
250 1941 279 1998 S.
296 1938 530 2015 congregatione
544 1939 678 2000 decisum
692 1944 703 2012 (
723 1944 743 2012 ).

74 2089 100 2152 (Ι)
112 2091 268 2144 Benedictus
281 2093 347 2144 xiv
361 2095 394 2146 de
409 2093 508 2158 Synod.
526 2095 543 2146 l.
564 2095 588 2158 l,
608 2109 632 2146 c.
649 2095 674 2157 'l,
689 2110 716 2146 n.
733 2097 757 2146 3.
771 2121 802 2132 -
817 2094 854 2159 (t)
871 2095 988 2158 Tempus
1003 2093 1055 2144 hoc

52 2158 113 2212 durat
122 2163 153 2214 ad
166 2179 286 2215 annum:
305 2179 368 2216 nam
382 2165 567 2218 Tridentinum
583 2167 759 2232 prescripsit,
774 2164 982 2219 Ereminutorcr
996 2165 1054 2217 sin·

52 2231 102 2292 erle
116 2235 193 2288 anno
211 2236 242 2287 in
262 2235 412 2288 diocesano
430 2237 532 2302 synodo
554 2251 606 2290 esse
624 2237 816 2302 proponendos.
832 2236 907 2288 Sess.
927 2237 967 2294 tl.
986 2251 1009 2287 c.
1027 2235 1054 2286 18

52 2301 125 2354 derel.
138 2333 168 2342 -
185 2307 219 2370 (3)
237 2306 400 2358 Benedictus
418 2307 494 2366 XIV,
510 2309 559 2360 loc.
581 2309 625 2360 cit.
641 2323 668 2358 n.
684 2310 708 2367 7,
724 2311 807 2359 Sacro
826 2313 915 2359 amem
934 2308 1054 2370 Congre-

52 2373 105 2434 gotio
113 2387 214 2440 semper
230 2379 342 2442 apponit
355 2379 543 2439 conditionem,
557 2383 588 2430 ut
601 2380 696 2430 electio
713 2379 925 2430 examinatorum
939 2392 1015 2443 prosp
1042 2404 1055 2415 -

51 2441 146 2497 mallum
159 2449 207 2498 liat
220 2460 283 2499 cum
297 2462 431 2501 consensu
446 2451 575 2514 Capituli;
589 2450 637 2502 sed
652 2451 806 2516 Capitulum
817 2463 871 2500 oon
887 2453 977 2513 potest
990 2449 1054 2498 ebs-

51 2525 89 2574 que
99 2517 246 2570 rationabili
260 2533 343 2575 causa
357 2520 555 2572 examinatores
566 2523 602 2574 ab
612 2521 745 2586 Episcopo
762 2520 915 2586 propositos
929 2518 1053 2582 rejicere.

54 2583 136 2638 etiarnsi
149 2590 176 2640 id
192 2591 478 2643 sacereaontenderet
497 2607 531 2644 ex
551 2591 694 2644 informate
711 2590 893 2642 conscientie:
909 2601 992 2654 quare
1006 2589 1054 2640 uhi

54 2652 165 2712 decausis
179 2661 214 2712 ob
228 2661 360 2727 Episcopo
375 2663 538 2728 requiratur,
550 2677 646 2714 censes
659 2675 795 2727 exponere
808 2663 922 2710 tenetur.
931 2661 957 2710 S.
970 2659 1052 2725 Coug.

53 2723 182 2784 inllnten
196 2733 228 2783 tl
241 2746 302 2784 nov.
315 2733 372 2784 tour
385 2739 413 2785 et
426 2735 453 2784 iu
469 2735 523 2784 alia
537 2733 634 2786 Montis
644 2733 699 2786 Alli
711 2733 742 2783 23
750 2732 801 2797 jul.
818 2729 1008 2782 insaniente
1020 2731 1054 2782 ad

53 2795 85 2847 cit
96 2813 147 2866 cap.
159 2803 235 2856 Trid.
250 2817 277 2854 n.
291 2804 306 2854 8
321 2807 349 2855 et
363 2807 387 2858 9.
398 2833 426 2842 -
442 2805 477 2869 (l)
489 2805 564 2856 Trid.
579 2805 629 2856 loc.
641 2805 687 2854 eit.
701 2809 728 2854 et
742 2802 904 2854 Benedictus
914 2801 979 2852 XIV
991 2817 1018 2853 n.
1029 2803 1054 2854 d.

47 2868 104 2934 -lil
115 2873 151 2923 lle
165 2875 238 2926 Luce
251 2874 286 2925 ad
298 2877 342 2926 eit.
358 2889 416 2940 cop.
431 2875 505 2926 Trid.
521 2890 548 2927 n.
562 2877 636 2928 ll.-
651 2875 686 2940 (6)
699 2875 773 2926 Trid.
788 2873 848 2927 esd.
863 2901 892 2912 -
911 2874 946 2940 (l)
965 2875 1054 2928 Bene·

53 2935 121 2994 dictus
132 2944 194 2998 XIV
207 2944 259 2998 loc.
273 2945 319 2997 cit.
334 2959 356 2998 o.
370 2947 394 3006 8,
409 2961 438 2998 11.
452 2947 474 2998 3.

78 3139 131 3198 lto.
150 3139 333 3213 ordinarius,
348 3139 398 3216 qui
413 3140 543 3201 examini
557 3148 676 3218 praeest‚
695 3149 793 3220 potest
805 3143 1009 3220 criminosum,
1027 3151 1057 3206 et

53 3218 214 3289 diffamatum
228 3235 353 3307 propter
367 3229 482 3289 crimen
496 3247 514 3290 a
528 3248 679 3292 concursu
693 3235 840 3310 repellere
854 3239 911 3308 (l);
926 3235 981 3295 sed
995 3251 1056 3294 non

53 3318 282 3394 persequens,
297 3318 348 3394 qui
370 3335 403 3379 se
417 3319 547 3379 examini
564 3319 716 3395 inscribat,
731 3322 795 3381 siue
810 3324 891 3399 justa
905 3339 995 3382 causa
1008 3338 1057 3380 re-

54 3402 155 3480 pellere,
167 3413 218 3467 aut
238 3423 399 3482 spernere3
415 3425 505 3468 secus
523 3409 572 3468 hic
590 3417 693 3487 posset
707 3419 813 3471 contra
826 3429 916 3487 agere
936 3411 976 3468 ob
995 3411 1057 3469 for·

54 3501 118 3552 mam
139 3497 325 3558 conciliarem
347 3513 407 3558 non
427 3497 623 3559 observatam.
642 3501 777 3561 Perfecto
800 3496 952 3570 scrutinio,
968 3498 1057 3559 debet

55 3575 145 3654 iissre
162 3601 256 3650 unum
269 3602 310 3648 eu
328 3585 512 3664 approbatis,
527 3604 617 3668 quem
638 3587 805 3664 digniorem
823 3585 1010 3664 judicaverit,
1025 3591 1058 3649 ut
