2494 4062
508 133 651 192 45-

93 251 211 311 onorico
225 253 381 330 probatae:
402 271 463 314 non
475 255 572 315 obstat
592 254 670 314 alind
687 258 895 330 argumentum
917 253 998 314 circa
1016 269 1089 312 con-

91 355 188 398 sensum
205 341 243 400 de
257 342 410 418 praesenti,
426 343 476 419 qui
498 343 616 419 quidem
639 349 738 419 potest
755 359 831 415 esse,
854 344 901 402 vel
923 357 1027 418 purus,
1042 342 1090 401 vel

89 428 285 490 conditionatus
302 449 308 490 :
324 434 423 508 neque
436 433 556 492 demum
571 431 724 491 concludit
737 433 909 509 exemplum
918 430 955 489 ab
965 429 1028 490 aliis
1041 446 1089 488 sa·

87 518 223 577 crementis
235 517 410 592 deductum,
426 521 499 580 dum
511 519 734 580 matrimonium
746 530 856 596 praeter
869 529 1089 580 sacramentum

87 605 194 665 namet
207 613 398 668 contractum
412 614 463 682 (7).

113 695 212 756 latia:
232 697 388 772 sponsalia
412 698 469 758 sub
491 698 661 760 conditione
681 695 855 774 impossibili
872 703 1026 758 contracte
1044 696 1088 757 vi-

90 782 188 857 titutum
204 785 275 862 quia
288 791 410 861 pactum
424 787 469 847 rei
482 786 670 865 impossibilis
683 787 721 848 de
730 788 809 864 jare,
821 788 868 847 vel
882 785 920 848 de
933 787 1011 846 lacto
1021 788 1086 848 nul-

85 869 129 931 lm
144 872 354 950 obligationem
367 875 490 937 inducit.
506 881 541 937 Et
561 893 667 938 revera
683 875 735 952 qui
748 874 881 937 similiter
894 875 993 936 verbis
1014 892 1087 935 aon·

85 961 154 1021 uehit
173 963 310 1024 animum
327 977 389 1025 non
413 966 504 1026 habet
528 965 737 1038 contrahendi,
765 982 834 1026 cnm
854 964 953 1041 potius
971 965 1086 1039 ludere,

84 1065 156 1124 quam
168 1054 350 1114 contrahere
362 1054 561 1129 videaturlll).
576 1054 792 1116 llaltimoninm
813 1069 887 1112 vero
907 1053 963 1112 sub
982 1053 1089 1114 eadem

84 1139 232 1202 condidone
247 1142 433 1202 celebratum
447 1160 508 1204 noo
522 1143 652 1218 vitiatur,
668 1143 721 1204 sed
736 1140 879 1214 subsistit,
894 1147 924 1202 et
935 1137 1033 1216 polius
1049 1138 1089 1199 ri·

81 1225 155 1289 datm
163 1231 226 1308 ipsa
238 1230 384 1306 conditio,
400 1249 466 1309 quae
480 1249 536 1310 pro
549 1249 609 1292 non
624 1231 874 1309 adiectahabetur
887 1233 938 1303 (9).
959 1233 1028 1288 llaec
1040 1245 1089 1288 ex·

81 1318 161 1394 ceptio
173 1338 190 1379 a
203 1320 378 1398 supradicta
392 1323 496 1397 regula
506 1321 536 1380 in
549 1323 683 1382 favorem
696 1319 877 1380 matrimonii
889 1320 968 1379 lacta
979 1318 1010 1378 in
1021 1318 1090 1393 jure

81 1409 203 1470 maurico
215 1409 283 1483 fuit,
300 1415 333 1468 nt
355 1409 385 1468 in
401 1411 468 1486 jure
487 1415 688 1471 Romanorum
709 1409 811 1469 similis
833 1407 971 1484 exceptio
989 1423 1089 1467 acon·

81 1495 151 1556 traria
164 1500 269 1574 regula
293 1499 426 1574 generali
448 1500 525 1559 iacta
545 1499 641 1558 luerat
659 1497 691 1558 in
705 1499 840 1558 favorem
852 1497 1023 1558 ultimarum
1034 1512 1090 1556 vo·

80 1581 205 1646 lunlelum
219 1591 244 1658 (l
250 1591 295 1660 0),
311 1587 380 1662 quia
393 1594 427 1648 nt
440 1587 603 1648 morientes
616 1587 647 1647 in
661 1586 825 1648 condendis
840 1586 987 1662 supremis
1008 1585 1091 1647 tabu·

79 1670 114 1745 lis,
123 1673 159 1734 ita
170 1675 309 1736 niventes
318 1674 348 1734 in
360 1683 505 1752 perpetuo
520 1676 724 1736 contrahendo
738 1675 876 1752 conjugio
885 1691 1003 1736 errasse
1011 1691 1089 1751 prae·

79 1771 215 1824 mmnutnr
241 1765 276 1824 ia
300 1764 466 1840 adjectione
490 1763 668 1825 conditionis
688 1764 896 1842 impossibilis,
920 1781 990 1824 cnm
1011 1780 1089 1839 prae-

78 1853 188 1994 lsumptio
210 1852 281 1930 capi
306 1859 446 1929 nequeat,
468 1869 522 1914 eos
546 1853 575 1914 in
599 1870 634 1915 re
656 1855 732 1914 tenti
749 1853 892 1915 momenti
910 1853 1014 1914 ludere
1034 1869 1087 1912 vo·

86 1937 231 2016 nissam).
738 1990 745 2002 .

106 2033 204 2100 Quarta
219 2031 346 2092 demum
362 2050 369 2090 :
385 2030 535 2107 sponsalia
548 2037 578 2091 ot
596 2031 819 2093 matrimonium
833 2037 1020 2092 contractum
1032 2029 1088 2090 suh

80 2118 240 2196 conditione,
256 2137 326 2196 quae
350 2117 531 2180 matrimonii
553 2120 726 2182 substantie
748 2127 778 2180 et
795 2119 883 2180 honis
904 2121 1087 2194 adversatur,

79 2210 114 2264 est
124 2206 244 2283 irritum,
262 2215 295 2270 et
308 2210 423 2270 nullum
434 2213 503 2282 (lt).
519 2208 585 2269 Tria
599 2216 698 2271 autem
713 2215 782 2270 sunt
803 2208 984 2269 matrimonii
996 2208 1086 2282 bona,

80 2305 184 2373 nempe:
196 2299 315 2358 bonum
329 2298 432 2374 prolis
449 2297 637 2373 sacramenti,
653 2307 683 2359 et
694 2298 764 2360 fidei
775 2297 948 2374 conjugalis.
968 2299 1048 2358 Unde
1062 2297 1088 2356 si

80 2379 174 2446 dicatur
190 2407 197 2447 ε
215 2386 369 2448 Contrane
384 2395 478 2448 lecum
491 2389 518 2448 si
529 2388 746 2464 penetrationem
756 2387 851 2464 prolis
863 2388 968 2461 evilas;
982 2384 1027 2446 uel
1036 2385 1087 2446 do-

79 2474 388 2536 naciauaniamaliam
403 2477 521 2548 Ιιοηονσ,
537 2484 564 2536 et
587 2476 778 2552 facoltatibus
800 2477 961 2550 ditiorem
985 2482 1039 2534 out
1061 2475 1090 2535 st·

79 2573 238 2638 proquasta
252 2565 486 2626 adulterandam
510 2573 536 2626 te
559 2566 690 2625 tradas:
714 2563 948 2625 matrimonialis
970 2571 1087 2624 coatra-

81 2655 129 2709 clus
150 2663 424 2730 quantumcumque
445 2654 484 2714 sit
501 2653 673 2730 favorabilis
696 2661 774 2714 corat
796 2655 899 2729 affectu
922 2656 991 2727 (13).
1014 2656 1088 2714 Nem

81 2738 158 2810 plima
170 2759 210 2802 ex
223 2743 273 2803 his
287 2742 508 2804 conditionibus
522 2743 677 2804 evidenter
698 2743 858 2820 opponitur
879 2743 960 2802 bono
983 2741 1086 2819 prolis,

81 2831 287 2892 locandabono
301 2831 480 2892 sacramenti
494 2838 525 2892 et
541 2833 676 2909 ejusdem
695 2830 953 2907 indissolubilitati,
974 2837 1005 2893 et
1026 2837 1087 2892 ter-

81 2913 112 2973 lis
121 2917 196 2980 bono
208 2920 282 2982 ddei
295 2921 459 2998 conjugalis
473 2921 535 2982 sive
547 2920 727 2982 matrimunii
740 2921 844 2982 unitati
857 2925 926 2996 (lt).

103 3098 136 3164 (l)
146 3101 203 3155 Hoc
214 3105 292 3169 patet
305 3117 338 3156 ex
353 3105 400 3156 tot.
415 3103 456 3157 lit.
473 3101 507 3156 de
521 3103 598 3156 cond.
611 3117 705 3170 oppos.
729 3103 758 3156 in
772 3105 898 3170 despuas.
913 3131 945 3144 -
957 3104 990 3171 (ll
1006 3103 1085 3158 card.

82 3165 158 3234 Suglia
172 3173 239 3227 Inst.
251 3176 307 3240 jur.
323 3176 393 3240 priv.
409 3177 421 3240 ξ
437 3175 489 3226 lor.
503 3201 534 3214 —
547 3175 584 3239 (3)
599 3175 662 3241 Cup.
680 3174 721 3236 tl,
736 3175 770 3228 de
782 3191 836 3242 reg.
851 3178 906 3242 jur.
921 3177 949 3228 in
962 3177 985 3228 6.
1005 3203 1036 3216 -
1051 3177 1086 3241 (4)

81 3235 150 3294 ΙιΠ.
162 3245 196 3297 de
209 3259 268 3311 reg.
278 3247 335 3311 jur.
350 3273 380 3284 -
394 3246 430 3311 (5)
443 3246 510 3312 Gap.
523 3247 548 3305 t,
564 3246 599 3298 de
617 3246 694 3298 cond.
710 3260 803 3312 oppos.
817 3247 845 3298 in
868 3247 994 3312 despons.
1008 3274 1040 3286 -
1051 3247 1087 3312 (6)

83 3305 211 3376 linguanae
227 3316 256 3368 in
282 3319 327 3368 cit.
344 3329 404 3382 cap.
419 3331 445 3368 n.
463 3317 479 3368 t
498 3321 526 3368 et
537 3330 613 3382 seqq.
627 3345 655 3356 -·
678 3318 713 3384 (i)
736 3319 775 3370 De
787 3317 948 3378 conditione,
965 3319 989 3371 si
1008 3321 1087 3384 paler
1115 3317 1116 3322 ’

83 3387 238 3460 meuserit,
251 3389 307 3454 agit
320 3387 347 3438 S.
363 3387 397 3440 da
410 3387 517 3453 Ligario
530 3387 551 3440 l.
563 3388 588 3450 6,
600 3403 626 3440 n.
643 3387 699 3449 892,
713 3395 741 3441 et
753 3403 829 3456 seqq.
844 3395 872 3441 et
885 3389 918 3440 da
932 3389 986 3440 alia
1000 3387 1090 3440 condi·

83 3452 152 3514 tons,
163 3457 187 3509 ει·
198 3458 275 3525 Papa
298 3456 503 3525 depensuram,
517 3459 574 3524 agit
587 3459 723 3526 Zallinger
736 3459 770 3512 de
790 3473 882 3526 spons.
896 3462 908 3523 t
925 3460 956 3512 89
969 3462 997 3512 et
1010 3463 1086 3523 seqq.

84 3517 128 3577 Sal
137 3539 169 3580 ex
181 3529 330 3584 norissima
342 3529 452 3584 ornando
465 3529 629 3585 sanctissimi
638 3532 724 3584 nostri
737 3530 780 3582 Pii
793 3531 877 3595 Papae
890 3529 941 3594 IX,
950 3529 1011 3582 hec
1022 3540 1086 3582 eon·
