2426 4070
461 175 605 232 ..95-

58 295 166 359 mnium
180 295 221 359 ita
239 301 434 368 contractum,
457 297 526 372 quia
544 304 657 358 metum
671 295 768 360 effecit
793 297 893 374 culpa,
907 300 938 355 et
951 295 1001 372 qui
1015 296 1058 358 aie

56 383 148 458 cogitur
162 402 221 444 non
237 385 277 444 ab
290 385 357 456 alio,
374 385 426 444 sed
440 403 458 444 a
473 403 527 444 sua
539 387 637 462 culpa,
654 386 702 446 vel
719 403 737 444 a
752 402 784 444 se
799 385 865 460 ipso
878 383 1013 460 cogitur(
1034 389 1056 458 t.

53 473 162 532 abebat
175 491 244 534 esse
258 473 395 533 incussus
414 474 452 535 ad
472 475 562 534 flnem
586 473 738 534 obtinendi
762 473 963 533 matrimonii:
983 489 1054 534 nam

53 561 120 620 aliter
130 569 242 622 metum
255 562 386 623 inferens
403 562 434 623 in
455 564 544 640 culpa
557 579 618 621 non
637 563 714 622 foret
727 562 809 622 cirea
822 561 1054 623 matrimonium.

53 648 155 709 Proinde
163 650 188 708 si
202 650 321 710 debitor
334 651 508 712 acreditora
520 650 550 710 in
564 667 717 710 carcerem
728 651 868 710 detrusus
881 650 919 711 ad
933 665 1057 726 poenam

56 737 196 800 evitandam
210 738 305 800 filiam
319 739 475 800 creditoris
489 741 588 814 ducat,
604 739 663 802 hoe
675 738 897 802 matrimonium
908 740 1014 813 valet(
1032 745 1054 812 ).

55 827 101 884 bro
112 827 205 888 adhuc
218 828 271 888 hic
284 829 415 889 notanda
426 835 496 890 sunt
510 849 517 890 ι
531 834 570 888 tm
586 829 666 906 quod
681 829 775 907 judex
789 846 828 890 ex
848 844 1055 906 personarum,

53 915 146 976 attacti
163 917 395 978 circumstantiis
406 913 543 994 indicare
558 918 656 991 debet,
672 935 709 978 an
723 922 821 979 metus
833 916 903 980 talia
913 917 961 988 sit,
976 923 1010 977 nt
1023 917 1055 977 in

51 1007 231 1082 conuehendo
255 1006 446 1068 matrimonio
462 1007 590 1068 liberum
612 1023 792 1068 consensum
815 1005 992 1082 impedierit,
1006 1007 1055 1068 vel

50 1099 165 1168 non(5)3
191 1101 234 1156 2¹¹*
260 1095 344 1172 quod
366 1095 588 1158 matrimonium
615 1103 713 1156 metus
741 1112 832 1156 causa
855 1095 970 1154 nullum
999 1111 1055 1170 par

50 1195 139 1243 rovum
151 1184 282 1245 liberum
307 1202 497 1260 eonsensum,
512 1192 564 1246 aut
586 1202 641 1262 per
663 1191 859 1262 spontaneam
873 1199 1054 1260 sponsorum

51 1269 280 1334 cohabitationem
293 1275 455 1348 firmatur(
475 1279 496 1346 ).
904 1266 906 1270 ’

73 1426 100 1493 (t)
108 1428 220 1483 Dicimus
240 1429 392 1498 mordenter
405 1431 439 1484 ad
453 1430 629 1483 indicandum
642 1435 745 1483 matum
759 1430 898 1484 cadentem
923 1430 951 1482 in
964 1430 1052 1482 virum

52 1504 203 1568 morantem,
226 1503 278 1568 qui
295 1517 349 1555 non
369 1507 501 1562 movetur,
517 1503 570 1554 nisi
594 1517 627 1554 ex
641 1503 717 1568 gravi
736 1505 764 1554 et
786 1502 940 1554 rationabili
960 1515 1052 1555 eausa.

52 1567 102 1621 Ideo
121 1572 202 1625 inanis
216 1575 400 1642 apprehensio
421 1575 454 1626 de
473 1589 513 1634 eo,
528 1575 575 1641 qui
597 1589 651 1626 non
675 1577 774 1641 potest,
789 1579 836 1626 aut
849 1587 903 1625 non
916 1573 976 1625 vult
989 1588 1052 1640 pro-

51 1645 96 1703 pter
107 1642 280 1704 honestatem,
295 1653 322 1698 et
335 1646 460 1698 affectum
473 1651 575 1698 matum
588 1645 697 1705 interra,
713 1646 880 1697 matrimonio
895 1659 948 1696 non
962 1645 1051 1697 officit.

53 1707 157 1766 Similiter
168 1718 215 1782 qui
233 1719 326 1784 potest
338 1718 470 1769 minitanti
488 1717 623 1776 resistere,
637 1718 680 1769 vel
694 1717 758 1768 mali
773 1717 941 1768 occasionem
954 1718 1051 1778 vitare,

52 1793 90 1832 ron
103 1784 191 1839 dicitnr
203 1789 355 1855 prudenter
368 1796 469 1840 metum
486 1788 552 1853 pati.
568 1815 599 1826 -
614 1789 647 1853 (t)
663 1788 783 1839 Dicimus
795 1787 916 1840 incussus
927 1787 962 1838 ad
979 1788 1050 1839 indi-

53 1854 259 1910 mndamcausam
271 1866 419 1917 externam,
430 1873 491 1925 quae
501 1863 602 1911 metum
614 1860 730 1924 ingerit:
743 1857 865 1910 namsia
878 1873 961 1910 causa
971 1859 1052 1910 inter·

55 1931 325 2001 utprocederet,velut
335 1945 352 1982 a
361 1932 457 1984 timore
469 1931 651 1983 damnationis
664 1933 782 1994 aetarnae,
795 1931 837 1981 val
848 1931 968 1982 atimore
982 1944 1052 1983 mor·

53 1993 110 2046 tsob
116 2001 243 2062 morbum,
255 2003 560 2069 pestemnautragium,
569 2002 769 2052 matrimonium
777 2001 966 2054 noninttcaret.
974 2001 1051 2054 Idam

54 2062 177 2131 ditandum,
192 2074 215 2124 si
231 2087 296 2140 quaa
308 2075 467 2138 terminant
478 2073 656 2132 hostiumrel
676 2075 860 2137 grassatorum
875 2085 971 2124 manus
989 2086 1052 2124 ara·

54 2133 111 2188 deret
121 2155 164 2192 suo
177 2143 319 2196 liberatori
330 2146 453 2205 nuberet
464 2145 529 2211 quia
542 2143 623 2196 bisin
637 2144 746 2196 casibus
759 2157 839 2194 nemo
854 2148 926 2195 matu
940 2143 1050 2210 proprie

53 2209 146 2274 ttriturr
159 2215 205 2265 sad
225 2215 306 2280 eligit
323 2217 524 2268 matrimonium
546 2221 684 2281 tamquam
709 2215 828 2268 madium
850 2215 884 2264 ad
910 2215 1050 2270 vitandum

55 2275 214 2352 damnationis,
230 2287 338 2352 mortis,
352 2287 395 2340 vat
419 2286 584 2353 captivitatis
599 2285 759 2350 periculum.
771 2312 801 2323 -
815 2285 850 2350 (3)
864 2283 917 2352 Sed
940 2284 985 2337 hic
998 2300 1048 2338 no-

55 2351 147 2414 tntum,
157 2358 225 2423 quod
235 2359 317 2413 aliter
329 2373 373 2412 res
388 2373 416 2412 se
426 2359 546 2422 haberet,
560 2357 584 2408 si
594 2357 680 2423 judex
693 2357 815 2408 absolute
825 2360 931 2422 cogeret
940 2361 1048 2424 stupra-

54 2419 118 2474 torem
132 2427 162 2477 ad
184 2429 400 2482 contrahendum
422 2429 633 2492 matrimonium,
648 2432 695 2479 aut
719 2429 795 2492 pater
816 2430 877 2477 ectu
896 2429 1050 2492 eggressort

56 2489 101 2544 ilia
111 2509 159 2549 sure
174 2506 290 2552 mortem
302 2499 383 2552 veltet
395 2501 504 2562 inferre,
519 2499 553 2552 da
571 2513 625 2565 quo
638 2502 679 2550 est
688 2511 767 2550 casus
781 2499 811 2548 in
824 2499 869 2549 cit.
884 2510 945 2562 cap.
960 2499 996 2549 15.
1015 2498 1049 2552 de

56 2573 201 2629 ⁸i⁰1¹s3nam
214 2573 257 2624 sic
269 2577 358 2624 metus
373 2573 441 2623 toret
455 2572 555 2636 injuste
570 2571 704 2622 incussus.
719 2570 809 2622 Habet
823 2570 894 2622 enim
905 2569 990 2633 judex
1007 2570 1047 2622 ia·

57 2634 155 2690 atatam
177 2644 305 2710 adigendi
329 2646 508 2709 stupratorem
532 2642 565 2694 ad
592 2641 744 2695 ducendam
757 2640 801 2692 val
821 2639 976 2702 detrudam,
993 2655 1047 2696 nou

57 2715 101 2757 tero
110 2711 259 2778 simpliciter
271 2715 306 2766 ad
318 2714 468 2781 ducendam
479 2713 633 2766 defloratam
650 2713 677 2763 in
686 2725 805 2764 uxorem.
818 2711 852 2761 ut
861 2711 986 2763 similiter
998 2727 1045 2780 pa·

58 2775 129 2841 terius
140 2783 218 2839 babet
238 2786 271 2838 ad
287 2785 502 2852 persequendam
520 2784 661 2848 injudicio
679 2783 806 2848 injuriam
825 2782 888 2832 aba
910 2795 967 2841 sum
982 2783 1048 2836 irro-

59 2857 130 2911 ptam,
144 2869 194 2906 uon
206 2871 270 2910 vero
288 2859 321 2908 ad
344 2856 529 2909 occidendum.
549 2855 638 2923 Quare
657 2853 859 2904 matrimonium
881 2859 1047 2907 contractum

59 2925 93 2976 itt
102 2921 242 2988 hujusmodi
264 2934 366 2980 metum
388 2928 489 2994 injuste
512 2928 650 2979 incussum
666 2927 735 2977 toret
757 2925 870 2976 nultum.
886 2951 916 2962 —
928 2925 964 2990 (t)
977 2927 1047 2978 Item

59 2983 138 3045 fimum
149 3000 198 3050 erit
212 3001 421 3060 matrimonium.
444 3000 467 3052 si
481 3000 542 3066 quis
555 2999 584 3049 in
601 2997 693 3064 aliqua
715 2996 821 3049 civitate
839 2996 979 3050 obsidione
993 2999 1046 3050 oir-

59 3064 168 3140 andrus
180 3071 213 3122 ad
226 3071 352 3124 evitanda
372 3069 578 3136 expugnationis
592 3070 664 3120 mata
678 3069 761 3122 filiam
783 3067 864 3119 ducat
887 3068 1044 3132 obsidentis,

59 3139 104 3191 qma
114 3135 151 3189 hic
163 3146 247 3194 metus
256 3142 290 3194 ad
304 3141 505 3194 matrimonium
526 3141 674 3192 ineundum
688 3154 742 3192 non
753 3140 849 3191 tandit.
864 3139 942 3191 Gard.
954 3141 1046 3206 Soglia

58 3193 107 3253 aa
117 3208 164 3270 tur.
174 3210 239 3278 parv.
254 3215 267 3278 a
284 3213 336 3265 ras.
347 3214 424 3279 -(a)
445 3214 510 3278 cap.
525 3211 600 3264 aare
615 3225 707 3279 spons.
722 3239 750 3254 -
760 3210 797 3276 (a)
811 3211 876 3276 cap.
888 3211 912 3275 a,
926 3210 955 3262 ar
968 3211 1043 3274 aaa,

60 3271 102 3324 aod.
113 3290 162 3346 cap.
171 3283 194 3342 t,
208 3285 255 3351 qui
268 3287 333 3336 mat.
347 3297 438 3336 accus.
451 3297 510 3350 pos.

85 3443 133 3505 ³91.
157 3423 263 3528 Raptus
282 3453 364 3514 alind
386 3459 431 3514 est
457 3452 701 3530 impedimentum
724 3453 946 3516 matrimonium
972 3450 1044 3512 diri-

62 3535 171 3610 Μὴ]
188 3559 246 3620 quo
269 3543 316 3604 vis
329 3547 496 3605 exercetur.
512 3548 623 3619 Raptus
637 3551 679 3604 est
692 3542 819 3606 obtento
840 3540 975 3604 matera
991 3538 1042 3602 ab·

422 3781 436 3820 b

1083 3317 1093 3346 Ι
