2432 4078
476 167 637 225 -285-
697 209 708 229 .

27 334 31 361 2
67 289 104 342 soi
114 289 346 356 mopraocedentis
357 289 452 340 saeculi
461 288 533 340 houa
541 288 671 342 Ecclesia
679 287 824 340 Catholicae
834 287 985 348 interdicta,
995 289 1066 341 hona

27 364 31 401 i
66 361 182 412 ursumrii
193 361 407 412 protestantium
417 366 582 425 praeservata
591 361 710 413 suerunt:
724 361 797 412 unde
807 373 929 411 summus
939 361 1064 412 Pontifex

66 433 112 482 Pius
124 432 155 482 ili
172 431 265 483 uolora
285 433 404 482 maximo
424 438 564 493 correptus
586 432 774 496 exclamabat:
795 432 877 484 Penes
894 430 1064 484 nationalem
1087 441 1089 446 '

66 505 192 554 orontem
205 501 257 553 itta
267 515 328 553 cum
338 501 549 554 Protestantilrus
563 501 750 554 conventiones
770 502 930 566 calamon
946 503 1064 554 sanctio-

65 584 96 624 nes
105 586 156 624 cero
166 572 308 629 canonica.
322 575 470 638 sanctaque
480 571 562 637 noejus
571 568 648 624 Sedis
661 587 722 623 cum
733 571 798 636 Repe
806 571 947 624 hancisco
956 571 973 626 1
981 576 1063 636 pacta

64 657 102 694 non
112 643 262 696 caluenrnt!
271 644 356 708 Epist.
368 644 401 694 ad
413 643 509 693 Galliae
519 643 607 707 Episc.
621 643 649 693 ltl
659 648 736 694 mart.
752 643 944 694 lt91.Theiuer
955 643 1061 695 docum.

64 714 114 764 iued.
127 729 150 764 a.
163 713 198 764 il.
211 741 243 754 -
256 715 293 779 (5)
308 707 397 776 Quare
411 727 472 764 cum
487 714 615 764 Patribus
629 714 735 765 concilii
747 714 911 765 Parisieusis
924 715 989 765 anui
1002 715 1059 773 829.
1089 747 1097 770 .

63 799 78 835 c.
92 787 112 835 lt
122 799 261 850 possumus
274 794 301 836 et
315 799 364 837 uos
377 785 549 836 exclamare:
563 782 647 836 (lasset
666 797 726 849 erpo
749 784 872 842 antbitio,
887 798 946 850 aaa
969 785 1059 838 dicere

61 855 114 917 solet,
122 855 200 907 nimis
213 869 306 907 renem
322 855 418 907 tabere
431 853 562 907 Ecclesias
573 852 683 914 Christi,
694 855 961 920 reponendosque
972 867 1061 922 quan·

63 931 179 1049 lauruque
191 929 254 978 siml
271 940 314 977 ros
329 925 456 987 Ecclesia,
469 926 493 977 si
509 925 639 988 eomodo,
653 939 705 992 quo
722 925 905 990 dispensanda
918 930 989 987 sunl,
1005 925 1059 977 clis-

60 1010 134 1060 peruen
144 1009 186 1061 ur,
200 996 292 1049 nimia
307 1009 362 1048 non
376 1000 478 1050 sunt...
494 997 565 1048 llira
581 1009 698 1062 namque
711 1009 762 1057 res,
779 995 892 1049 ambitio
910 995 1060 1049 mundialis

18 1077 19 1084 ¹
60 1066 268 1128 calumniabat,
282 1070 306 1119 et
325 1067 442 1119 Ecclesia
460 1065 561 1120 Christi
581 1067 701 1119 nimium
717 1066 814 1119 nolet!
834 1068 936 1130 Labhe,
950 1070 1014 1118 tom.
1033 1069 1058 1129 9,

60 1137 97 1186 coi.
107 1139 156 1188 tit.
168 1167 195 1176 -
208 1137 245 1202 (6)
256 1139 360 1189 Praeter
373 1135 640 1189 beneficiaEcclosiae
651 1139 753 1202 jemai)
767 1137 888 1188 historiis
902 1142 1059 1188 enumerata

59 1207 80 1256 iu
91 1208 194 1260 levorem
206 1208 294 1259 civilis
304 1214 391 1260 status
400 1209 526 1272 irrogata,
537 1211 629 1258 uotum
640 1214 690 1270 est,
701 1222 820 1259 summos
829 1207 973 1258 Pontifices
986 1222 1060 1274 saepe

59 1278 208 1330 mauritium
224 1279 310 1329 civilis
324 1285 410 1330 status
426 1281 532 1329 venisse
548 1280 572 1329 ei
587 1283 693 1344 partam
707 1279 841 1329 bonorum
857 1278 1051 1330 ecclesiastico-

60 1362 103 1398 rum
111 1350 266 1414 applicando
277 1367 284 1410 3
299 1353 378 1415 cujus
392 1350 430 1400 rei
445 1349 504 1401 haec
517 1351 632 1400 citamus
643 1345 784 1413 exempla:
799 1350 826 1400 S.
837 1349 902 1400 Pius
914 1349 936 1398 V
946 1349 980 1399 ud
996 1363 1057 1400 suc·

59 1421 197 1471 currendum
214 1421 369 1472 necessitati
384 1422 459 1484 regui
475 1421 623 1471 Galliarum
638 1421 770 1471 concessit
784 1421 881 1471 Carolo
891 1419 940 1477 IX,
950 1424 980 1470 ut
993 1433 1057 1484 pos·

57 1495 87 1539 set
97 1492 205 1543 alienare
219 1491 317 1544 iuudos
330 1493 526 1542 ecclesiasticos
539 1491 573 1541 ad
583 1491 736 1556 quindecim
756 1491 829 1541 mille
848 1491 980 1541 librarum
995 1491 1056 1541 red·

57 1561 113 1612 litus
124 1564 221 1613 annui:
239 1563 387 1626 Gregorius
399 1563 466 1612 xiil
481 1565 613 1612 concessit
626 1563 817 1615 alienationem
830 1560 996 1626 prediorum
1011 1575 1056 1612 ec-

58 1633 246 1684 clesiasticorum
261 1634 294 1683 au
310 1633 400 1683 decies
413 1637 525 1684 centena
535 1633 620 1684 millia
635 1634 774 1686 librarum.
791 1633 861 1684 Phil.
874 1632 1014 1684 Eriderich
1028 1633 1057 1683 iu

56 1702 105 1753 diss.
118 1703 147 1754 ele
159 1717 187 1754 eo
202 1704 274 1769 quod
283 1705 351 1769 just.
366 1707 428 1763 ctc.;
443 1703 505 1753 Pius
519 1703 566 1765 vl,
581 1703 727 1761 mandavit,
738 1709 769 1755 ut
782 1703 935 1754 omniauou
950 1705 1057 1754 sacrate

55 1784 102 1823 rasa
114 1787 201 1832 aurea,
215 1780 242 1825 et
255 1777 383 1837 argentea
395 1773 545 1824 Genuensis
563 1774 686 1825 ecciesiae
697 1775 730 1825 ad
743 1774 911 1839 Reipublicae
922 1773 1056 1838 opitulan-

54 1841 101 1893 dum
113 1845 299 1896 venderentur.
315 1843 374 1894 Bul.
389 1844 431 1894 Aet
443 1857 537 1908 proves
551 1845 614 1894 anni
631 1844 704 1905 tien
720 1851 746 1896 et
762 1846 827 1896 Pius
836 1845 888 1896 Vli
900 1844 1056 1894 facultatem

52 1912 100 1963 tecit
112 1913 174 1980 Regi
193 1914 326 1966 Sardiniae
342 1914 479 1965 alienandi
492 1915 625 1966 honorum
645 1915 888 1968 ecclesiasticorum
904 1914 1057 1979 portionem
1108 1943 1113 1952 ι

52 1995 162 2048 maguam.
176 1991 207 2038 ut
230 1999 309 2036 suum
329 1986 363 2036 ab
380 1986 505 2036 hostibus
525 1988 646 2036 tueretur
660 2000 781 2052 reguum.
797 1986 856 2038 Bul.
872 1983 939 2037 Cum
958 1984 990 2037 in
1003 1998 1055 2050 po-

51 2056 369 2119 strenaaunit815.-t'i)
383 2057 425 2107 Ita
438 2056 471 2105 ad
487 2070 545 2107 rem
555 2057 695 2122 Augustus
709 2057 841 2108 michaia
855 2056 884 2106 Si
897 2055 982 2120 dicas,
993 2056 1057 2107 roti-

52 2138 138 2177 rooem
150 2127 286 2192 publicam
301 2125 448 2190 efflagitare
462 2126 531 2178 tales
546 2127 620 2190 leges
639 2128 895 2191 (amortizzatiouis),
909 2141 944 2178 ne
953 2127 1058 2178 scilicet

50 2213 58 2240 ι
71 2197 234 2250 exhauriatur
244 2199 420 2258 territorium,
434 2201 461 2248 et
473 2211 573 2250 nervus
586 2199 644 2249 lere
658 2199 933 2250 omuistrausioratur
949 2198 985 2249 ad
998 2211 1055 2248 ma·

50 2281 114 2319 suus
125 2277 244 2322 mortuas
258 2269 456 2334 Religiosorum
480 2271 507 2319 et
525 2268 700 2332 clericorum,
714 2283 824 2333 repono,
839 2269 912 2319 riam
929 2268 1056 2322 omnibus

49 2355 57 2380 ι
70 2343 179 2402 apertam
192 2340 227 2392 ad
241 2353 377 2390 summum
400 2338 564 2397 Pontificem,
586 2340 643 2404 qui,
659 2339 736 2391 read
751 2353 780 2391 se
798 2339 897 2402 delata,
911 2343 938 2389 et
947 2339 1056 2403 justitia

48 2426 56 2452 ι
70 2422 147 2462 causae
160 2413 277 2476 cognita,
291 2409 371 2461 iaciio
387 2411 538 2461 consentiat
553 2411 582 2460 iu
597 2411 679 2462 talem
698 2411 794 2476 legem,
812 2409 856 2461 rel
875 2411 1015 2476 statutum,
1030 2409 1054 2460 si

48 2481 146 2532 «subsit
155 2485 231 2547 justa
244 2494 328 2533 causo
340 2498 351 2526 ι
366 2481 395 2531 iu
410 2481 503 2532 Theol.
517 2482 582 2533 Gau.
599 2481 694 2533 Moral.
706 2482 778 2547 App.
788 2481 812 2532 t.
828 2485 847 2531 t.
861 2481 883 2532 l.

70 2651 124 2708 itti.
132 2651 235 2720 Quoad
244 2650 394 2708 bonorum
403 2649 676 2710 ecclesiasticorum
689 2648 974 2710 administrationem
981 2647 1056 2707 iliud

45 2741 143 2797 cerum
156 2745 212 2813 est,
226 2738 390 2814 Episcopos
404 2739 461 2798 sub
481 2738 579 2798 debita
600 2756 618 2797 a
641 2755 759 2798 summo
777 2738 920 2798 Pontifice
940 2737 1052 2812 depen-

43 2821 126 2884 dentia
135 2827 248 2904 abipso
258 2828 400 2903 jureesse
414 2826 591 2886 constitutos
605 2827 738 2887 omnium
749 2842 871 2886 suarum
880 2824 1055 2885 dioecesium

42 2908 174 2976 honorum
188 2915 453 2976 administratores.
477 2914 559 2974 Sacri
571 2915 651 2975 euim
665 2932 797 2975 canones
814 2915 873 2975 hoc
886 2920 989 2990 aperte
1002 2914 1055 2974 de·

41 3011 214 3063 monstrant:
233 3020 305 3062 nam
325 3020 456 3063 conones
474 3004 682 3078 Apostolorum
695 3005 761 3064 haeo
773 3005 903 3066 habent:
918 3005 1055 3065 omnium

40 3099 130 3148 rerum
147 3091 409 3150 ceclesiasticorum
427 3107 532 3150 curam
550 3091 707 3167 Episcopus
724 3094 826 3168 perito,
845 3100 872 3152 ct
887 3109 922 3152 aa
938 3094 1054 3168 disperi-

41 3182 103 3246 tato,
116 3181 201 3254 quasi
213 3181 391 3256 inspectante
405 3179 463 3238 Deo
473 3182 527 3251 (t);
540 3186 570 3239 et
584 3178 669 3238 alibi:
684 3181 884 3256 Praecipitatus,
896 3188 931 3240 nt
942 3181 1055 3255 Epiros

40 3275 138 3331 uaros
145 3268 276 3328 Ecclesia
285 3269 318 3327 in
325 3275 464 3343 potestate
473 3267 594 3342 habeam
613 3285 687 3328 nani
700 3270 727 3328 si
739 3271 879 3346 pretiose
893 3269 1052 3328 nominum

41 3351 136 3413 anime
148 3357 215 3430 lida
229 3357 292 3430 eins
312 3357 525 3415 commirnnaa
537 3363 619 3425 sunt,
634 3357 731 3416 multo
751 3359 852 3434 utiquc
865 3356 960 3432 mapis
973 3369 1053 3430 opor·

41 3441 128 3511 luerit,
141 3452 166 3503 et
180 3446 214 3504 de
226 3445 358 3520 pecuniis
371 3445 552 3503 mandatum
566 3445 637 3503 darc
651 3448 702 3516 (i).
717 3444 826 3504 Similia
841 3445 960 3502 luerunt
980 3457 1053 3500 cou-

41 3525 131 3590 uua
146 3532 176 3592 iu
199 3533 334 3609 pluribus
354 3531 418 3592 aliis
439 3531 534 3592 sacris
553 3531 719 3592 canonibus
732 3537 783 3605 (3),
799 3549 835 3591 oo
848 3529 1005 3606 presertim
1022 3526 1053 3587 iu
