2426 4070
597 77 704 134 -ttt
728 105 760 120 -

192 203 255 259 443.
272 196 402 258 Ecclesia
423 197 579 271 aedificata,
600 200 762 274 autequam
775 198 874 258 divino
890 199 1017 259 cultui
1037 199 1157 260 dicet*

155 286 370 359 benedicenda,
386 287 434 346 vel
447 287 661 346 consecranda.
676 287 846 349 Benedictio
861 287 1013 366 quidem
1032 305 1113 365 per
1132 293 1157 348 E

156 393 229 453 pum
251 373 341 435 etiam
367 372 493 450 simplici
522 375 676 435 Sacerdoti
707 375 910 437 committitur.
951 383 1002 437 At
1038 394 1157 438 cons<

156 463 300 526 committi
313 463 416 540 nequit
429 461 486 522 nisi
500 463 587 523 alteri
602 463 761 541 Episcopo,
782 471 813 525 et
830 467 926 526 semel
947 471 1119 542 peracta
1144 467 1157 526 i

155 560 255 631 petua,
273 553 360 628 ouJus
378 551 536 628 quotannis
555 552 734 613 celebranda
759 561 806 614 est
829 553 1077 634 anniversaria¹
1096 555 1157 614 sol

156 649 203 701 tes
217 647 269 715 (t).
285 640 315 700 si
334 655 407 700 vero
429 640 589 713 dubitetur,
611 658 648 699 an
665 641 748 717 prius
766 641 854 702 fuerit
867 647 1101 716 consecrata,
1123 647 1157 702 et

155 731 218 790 lum
226 729 264 790 sit
276 745 332 806 pro
346 730 571 790 consecratione
584 729 657 789 satis
671 729 825 806 probabile
839 737 1102 807 argumentum,
1119 732 1157 790 ai

157 817 281 895 alicujus
306 819 402 893 culpoe
423 817 582 877 formidine
602 824 702 895 potest
727 820 909 894 consecrari,
936 819 1025 894 quia
1043 837 1157 894 nonp

157 905 216 966 dici
228 906 376 980 iteratum,
392 904 473 983 quod
489 922 548 966 uon
563 905 784 968 demonstratur
797 914 885 968 antea
901 913 1090 984 peractum
1107 911 1157 981 (a)

187 1055 222 1118 (l)
236 1055 299 1106 Gan.
316 1053 345 1104 16
358 1058 385 1106 et
397 1055 437 1113 aa.
451 1054 512 1105 dist.
534 1054 555 1113 l,
573 1053 607 1104 de
622 1067 727 1104 consec.
744 1081 771 1091 -
786 1054 822 1117 (tl
834 1055 884 1106 Git.
896 1067 963 1106 cau.
982 1055 1026 1118 16,
1055 1055 1130 1107 eod.
1151 1055 1157 1104 l

157 1126 261 1176 veroin
278 1125 479 1178 consecratione
503 1123 652 1176 servandus
667 1125 832 1176 describitur
855 1125 1061 1176 aPoutificali
1080 1127 1157 1176 Rom

159 1198 236 1258 eujus
251 1196 310 1247 baec
329 1199 393 1247 suut
410 1197 558 1261 praecipua.
574 1197 607 1246 lu
621 1195 714 1258 vigilia
728 1195 941 1246 consecrationis
957 1197 998 1246 ab
1015 1197 1157 1261 Episcop,

160 1279 176 1315 a
189 1267 343 1330 petentibus
353 1269 581 1318 consecrationem
595 1266 753 1317 observetur
763 1267 899 1331 jejunium
909 1286 916 1328 3
928 1281 1068 1332 vesperae
1080 1281 1157 1318 cana

158 1337 187 1387 in
200 1337 322 1388 Ecclesia
334 1351 425 1388 eoram
439 1337 619 1388 saerosanctis
637 1335 785 1401 Reliquiis3
804 1337 929 1402 sequenti
945 1351 1034 1388 mana
1053 1337 1157 1403 Episcc

160 1413 201 1459 ter
213 1408 362 1458 Ecclesiam
376 1408 588 1470 circumambiat,
604 1411 627 1458 el
641 1421 711 1473 aqua
724 1404 866 1460 benedicta
879 1411 1016 1474 aspergat
1031 1426 1039 1468 ;
1052 1409 1157 1458 Eccles

159 1479 222 1531 iude
239 1481 378 1542 ingressus
386 1479 413 1528 iu
423 1479 640 1543 ejuspavimento
649 1480 739 1530 cinere
748 1492 895 1544 consperso
903 1493 1043 1544 graecum,
1053 1485 1083 1529 et
1093 1479 1157 1530 latir

160 1548 335 1613 alphabetum
344 1549 433 1600 deliue
445 1554 480 1608 et.
496 1563 572 1600 sacro
584 1549 728 1600 chrismate
738 1562 819 1601 unam
831 1550 859 1600 iu
869 1553 960 1614 porta,
975 1555 1004 1601 et
1018 1550 1157 1608 duodecin

159 1621 273 1671 internis
297 1620 446 1686 parietibus
462 1634 556 1672 cruces
578 1621 753 1685 designabat
775 1622 887 1676 missam
901 1620 968 1672 inde
983 1620 1118 1686 celebret,
1144 1636 1157 1688 q

160 1694 249 1742 tamen
262 1705 316 1742 non
329 1698 371 1742 est
383 1691 579 1743 consecrationi
599 1692 762 1744 essentialis.

196 1856 258 1912 stt.
276 1852 396 1910 Duobus
408 1851 506 1910 modis
519 1850 679 1910 Ecclesiae
699 1851 906 1912 benedictione
922 1857 952 1911 et
966 1853 1157 1912 consecratio

160 1945 280 2014 recepta
300 1939 388 2012 cadit,
412 1955 520 2014 nempe
540 1955 595 2016 per
615 1940 837 2010 concretionem,
857 1945 889 2001 et
913 1957 967 2016 per
986 1939 1157 2018 pollutione

161 2027 318 2088 Execratio
340 2027 373 2086 lit
392 2045 446 2103 per
466 2028 664 2088 mutationem
677 2029 707 2088 in
722 2029 788 2103 ipsa
801 2029 932 2089 Ecclesia
951 2028 1157 2104 contingenter

128 2187 130 2189 ,
161 2117 285 2192 pollutio
299 2133 370 2175 vero
383 2133 437 2191 per
460 2115 597 2192 injuriam
615 2115 671 2192 ipsi
693 2118 832 2178 Ecclesiae
851 2117 1017 2192 irrogatam,
1032 2117 1088 2176 Sed
1108 2117 1157 2176 ada

161 2211 194 2264 ut
209 2203 340 2264 Ecclesia
360 2221 431 2263 vere
451 2205 502 2262 flat
521 2211 672 2278 execrata,
690 2210 769 2264 tauta
790 2208 855 2278 ejus
875 2203 1029 2280 requiritur
1049 2205 1157 2266 mutati

161 2299 195 2352 ut
210 2310 287 2352 nova
301 2285 370 2351 cum
388 2291 510 2368 antiqua
530 2291 661 2352 Ecclesia
675 2293 781 2352 eadem
798 2300 828 2352 et
843 2293 966 2359 identica
985 2287 1039 2352 dici
1055 2294 1157 2368 ampliu

161 2389 300 2458 nequeat,
328 2381 409 2456 quod
434 2399 472 2440 ex
491 2381 642 2440 communi
663 2386 824 2440 Doctorum
848 2381 986 2441 sententie
1012 2381 1145 2457 contingit

163 2477 193 2530 1ο
206 2469 231 2528 si
245 2470 377 2530 Ecclesia
390 2470 421 2528 in
436 2476 509 2542 loto,
523 2470 570 2529 vel
582 2470 613 2528 in
628 2467 734 2545 majori
744 2478 828 2545 parte
837 2469 924 2530 simul
932 2471 1092 2540 destruatur,
1102 2471 1155 2529 lice

163 2577 202 2619 ex
219 2560 325 2619 eadem
338 2559 462 2619 materia
481 2557 694 2630 reaedificatum
710 2562 740 2616 9⁰
754 2557 778 2616 si
798 2559 915 2618 interna
926 2558 1055 2634 parietum
1067 2575 1157 2634 super·

162 2648 246 2706 ficies
273 2648 302 2706 in
325 2655 397 2719 toto,
412 2649 460 2706 vel
485 2648 514 2705 in
536 2649 650 2723 majore
665 2652 750 2723 parte
770 2654 912 2719 vastetur,
926 2649 980 2706 sive
1000 2639 1157 2720 abradatur,

164 2739 194 2794 3⁰
208 2736 233 2794 si
250 2737 326 2796 adeo
347 2737 539 2811 adaugeatur,
555 2741 588 2794 ut
606 2751 675 2810 pars
689 2736 828 2810 adjuncta
842 2743 957 2812 superet
972 2736 1109 2812 antiquam.
1123 2741 1154 2796 lu

163 2822 209 2882 his
224 2823 344 2899 quidem
368 2825 486 2884 casibus
506 2824 636 2884 Ecclesia
650 2830 718 2900 post
732 2823 944 2884 restitutionem
955 2832 992 2884 est
1001 2826 1090 2884 iterum
1102 2826 1149 2885 be-

163 2911 340 2983 nedicenda,
353 2914 400 2972 vel
415 2913 629 2984 consecranda,
646 2913 722 2986 licet,
739 2919 773 2972 ut
795 2930 888 2988 supra
907 2912 1041 2987 innuimus,
1059 2915 1146 2974 Eccle-

163 3001 217 3061 siae
229 2998 407 3074 benedictio,
420 3005 450 3060 et
464 3001 651 3060 consecratio
665 3000 703 3060 sit
717 3008 876 3078 perpetua:
894 3003 953 3078 quie
963 3003 987 3061 id
997 3019 1082 3062 verum
1094 3010 1141 3078 est,

164 3089 216 3147 ubi
227 3085 357 3147 Ecclesia
371 3095 473 3148 manet
484 3105 602 3164 semper
616 3090 736 3162 cadem3
752 3108 813 3150 non
826 3108 898 3150 vero
908 3091 1005 3166 quaudo
1016 3089 1048 3151 ita
1058 3099 1138 3152 muta-

163 3182 224 3250 tur,
238 3182 272 3235 ut
286 3177 390 3236 saltem
413 3177 565 3238 moraliter
580 3179 685 3238 eadem
704 3179 764 3267 dici
784 3179 909 3255 emplius
925 3196 972 3238 uon
983 3180 1064 3255 possit.
1077 3185 1136 3240 Pro-

165 3272 269 3341 pterea
283 3264 308 3325 si
321 3265 369 3325 vel
386 3265 418 3324 iu
432 3267 539 3342 exigua
559 3273 649 3344 parte
666 3268 846 3342 destruatur,
868 3274 898 3328 et
911 3269 990 3328 stetin
1001 3275 1131 3344 reparetur,

165 3354 213 3412 vel
234 3354 403 3414 successive
424 3355 514 3414 etiam
530 3361 590 3414 tota
612 3373 667 3431 per
690 3362 791 3430 partes
814 3362 968 3430 renovetur,
989 3359 1026 3418 vel
1041 3363 1130 3419 tectum

166 3447 296 3518 corruat,
323 3449 353 3506 et
376 3443 552 3520 remittatur,
579 3461 640 3508 nou
661 3452 828 3524 execratur,
853 3463 942 3528 neque
955 3463 1014 3508 uota
1031 3447 1126 3512 benedi·
1156 3477 1157 3480 ¹
