2560 4080
171 331 209 396 (t)
221 331 286 396 cap.
299 329 331 382 30
344 331 371 382 at
383 329 423 393 n.
435 328 470 381 de
483 329 573 395 appel.
587 332 615 382 at
626 343 684 394 nep.
699 330 739 390 20.
755 329 789 382 da
801 330 964 398 oldedeleg.
979 329 1131 382 atindloss.
1141 355 1170 366 -

172 404 208 467 (3)
221 403 286 468 Cap.
299 401 338 460 ol,
349 401 384 453 da
396 400 484 468 appel.
499 405 528 452 et
541 414 599 470 cep.
612 399 635 460 3,
650 401 710 454 aod.
723 402 752 454 in
766 403 790 454 6.
801 429 831 441 -
841 403 876 464 tt)
887 403 963 456 Hanc
972 399 1168 464 cleusulamplu·

173 474 226 524 ries
236 472 358 536 probavit
367 470 562 534 Tridentinum,
573 479 599 523 et
608 473 769 538 quandoque
780 473 838 524 suis
848 475 985 540 rescriptis
996 472 1100 538 apponit
1107 484 1169 521 sum·

172 557 233 595 mus
245 541 377 594 Pontifex.
390 543 443 594 Per
452 553 513 594 eam
523 545 612 595 umen
622 556 675 594 non
685 544 789 596 tollitur
798 545 906 598 omnino
916 543 1067 610 appellatio,
1075 542 1170 608 quiere

172 627 268 666 cursus
280 614 314 665 ad
331 613 497 680 superiorem
508 613 566 665 deri
582 614 670 665 adhuc
682 619 768 680 potest
779 636 786 676 ;
802 617 849 668 sed
861 616 998 688 judicium
1014 629 1065 666 non
1077 626 1171 680 suspen
1270 618 1272 656 l

172 685 256 748 ditur,
271 689 298 736 et
309 686 394 750 judex
406 688 496 750 potest
508 685 536 736 in
552 698 634 736 causa
645 687 801 750 procedere,
816 701 848 738 nc
861 689 1023 738 sententiam
1037 687 1105 741 terre,
1118 695 1170 747 que

172 768 221 822 per
235 770 375 808 recursum
388 756 487 807 lactum
505 769 522 808 a
538 756 718 820 superiorein
737 771 806 810 noro
822 759 925 822 judicio
948 759 1088 818 revocetur,
1100 754 1120 803 si
1132 753 1168 803 in·

168 828 253 893 juste,
267 827 311 880 vel
322 827 529 894 menterioni,
543 828 607 893 quia
622 828 682 879 haec
697 828 820 882 clausula
836 829 922 881 tendit
937 829 972 881 ed
988 824 1170 881 accelerandum

168 899 312 966 judicium,
324 913 378 950 non
387 897 421 950 ad
435 899 594 964 injustitiam
604 897 753 951 fovendam.
766 900 831 964 (lap.
847 901 886 962 53,
896 901 930 952 de
940 900 1032 968 appel.
1045 926 1074 936 -
1083 893 1172 962 (illel-

171 971 292 1038 legrinus
303 974 372 1036 part.
389 971 413 1034 3,
428 976 494 1024 sect.
514 972 537 1026 t,
551 984 578 1020 n.
596 970 632 1021 15.
652 971 692 1022 Ex
703 973 766 1036 jure
785 971 856 1022 civili
877 986 929 1022 non
951 972 1034 1023 datur
1051 966 1172 1035 appellatio
1270 961 1272 1032 ξ

170 1043 199 1093 in
213 1043 303 1094 causis
321 1041 458 1101 minimis:
481 1039 528 1092 sed
551 1055 584 1093 ex
601 1043 663 1106 jure
683 1041 810 1094 canonico
828 1043 996 1094 admittenda
1017 1041 1115 1092 videtur
1129 1050 1176 1087 non
1270 1049 1271 1066 ¹

170 1117 276 1166 uatum
288 1114 317 1164 iu
330 1113 419 1166 causis
432 1113 591 1178 majoribus,
606 1113 655 1164 sed
666 1118 693 1164 et
705 1114 733 1164 in
750 1114 878 1166 minimis.
902 1114 970 1179 Gap.
989 1114 1028 1176 ll,
1048 1113 1081 1163 da
1101 1107 1176 1176 eppei.

170 1183 244 1238 Unda
258 1183 347 1236 danda
360 1187 402 1236 est
415 1184 561 1250 appellatio
575 1184 656 1236 etiem
670 1184 704 1236 nd
722 1184 847 1236 ellectum
861 1185 1053 1249 suspensivum
1074 1183 1106 1234 ab
1118 1178 1177 1232 ordi-

172 1255 328 1308 nationibus
341 1255 662 1321 Episcopijudicialibus,
680 1260 705 1307 at
720 1256 983 1322 extrejudicialibus‚
1000 1256 1097 1322 quibus
1112 1251 1178 1304 cleri·

171 1341 219 1379 cus
233 1327 367 1378 addicitur
386 1325 420 1376 ad
440 1326 591 1390 spiritualia
605 1327 761 1392 peragenda
774 1328 911 1390 exercitis,
930 1331 956 1378 et
977 1329 1013 1378 eb
1028 1326 1087 1378 aliis
1100 1323 1179 1375 redar-

169 1397 325 1463 gutionibus
339 1397 420 1449 etiam
434 1397 548 1456 levibus,
561 1398 701 1462 inquibus
717 1397 834 1450 clericus
854 1403 944 1465 potest
961 1399 996 1448 nd
1016 1395 1180 1462 Metropolita-

169 1482 235 1521 num
254 1481 401 1527 recurrere‚
424 1468 617 1532 steppellare;
638 1473 665 1519 et
687 1469 911 1532 Metropolitanus
933 1469 1020 1521 dehet
1042 1463 1181 1531 hujusmodi
1265 1527 1266 1535 ἵ

169 1537 365 1604 appellationes
378 1539 508 1605 recipere,
525 1540 631 1591 etiamsi
650 1540 800 1604 Episcopus
816 1541 995 1604 processisset
1008 1555 1042 1591 ex
1056 1538 1183 1589 intormeta
1265 1574 1267 1613 p

171 1609 343 1662 conscientie.
364 1609 415 1660 Sed
436 1614 507 1660 recte
522 1610 555 1660 ab
579 1610 631 1661 hac
654 1611 776 1662 doctrina
799 1611 900 1662 debent
914 1612 1026 1676 excipi:
1045 1611 1068 1662 1⁶
1088 1612 1181 1660 senten·

171 1681 216 1731 tire
237 1693 269 1730 ex
282 1679 424 1730 informate
433 1680 605 1739 conscientia,
619 1693 680 1746 quse
691 1681 839 1745 respiciunt
849 1683 1050 1748 susceptionem
1063 1680 1181 1734 ordinum,

171 1756 199 1802 et
211 1750 413 1814 suspensionem
426 1751 461 1800 ab
475 1752 630 1803 eorumdem
645 1753 781 1811 exercitio,
799 1754 940 1817 inquibus
956 1753 1105 1818 appellatio
1118 1750 1183 1801 datur

170 1824 274 1873 tantm
289 1821 323 1872 ed
337 1822 362 1872 S.
380 1821 477 1873 Sedem
488 1823 522 1872 ob
536 1823 674 1874 decretum
688 1824 838 1875 Tridentini
853 1825 879 1874 in
892 1838 959 1876 sess.
978 1827 1017 1889 lt,
1033 1840 1058 1876 c.
1069 1825 1092 1886 4,
1104 1823 1134 1873 de
1142 1819 1181 1872 rei.

169 1893 196 1943 t·
210 1892 318 1944 decreta
332 1894 359 1943 in
376 1893 528 1944 uisitatione
548 1893 638 1955 editn;
659 1895 684 1945 3·
704 1897 857 1959 sententies,
872 1899 899 1946 et
911 1895 1024 1947 decreta
1044 1909 1094 1961 pro
1112 1904 1184 1945 corre·

170 1965 257 2016 ctione
271 1977 386 2028 morum,
399 1964 427 2014 in
441 1965 549 2029 quibus,
564 1970 594 2016 ut
609 1966 679 2017 inira
692 1965 854 2028 videbimus,
869 1965 1016 2032 appellatio
1031 1971 1135 2019 tantum
1149 1963 1185 2015 da·
1260 2016 1262 2035 A

169 2039 214 2090 tur
226 2035 262 2088 ad
276 2034 400 2090 ellectum
416 2035 611 2090 devolutivum.

206 2243 270 2300 867.
289 2238 452 2316 Appellatio
471 2257 489 2298 a
507 2239 654 2300 sententie
668 2239 891 2300 interlocutoria
902 2241 970 2317 jure
987 2242 1134 2302 canonico
1144 2256 1188 2298 ve-

171 2329 228 2389 teri
249 2329 375 2388 dabatur
398 2345 416 2389 a
438 2328 569 2404 quelibet
590 2329 680 2389 etiem
706 2328 833 2404 simplici
859 2328 968 2405 judicis
994 2328 1187 2390 interlocutio·

173 2434 210 2477 ne
230 2421 287 2490 (t);
303 2418 357 2478 sed
374 2418 441 2494 jure
463 2417 626 2478 novissimo
646 2417 766 2477 concilii
785 2416 945 2477 Tridentini
964 2421 1006 2491 (3)
1022 2425 1097 2480 tunc
1113 2419 1190 2477 detur

172 2512 298 2581 tannim
310 2522 380 2567 cum
393 2506 539 2567 sententia
554 2503 778 2567 interlocutoria
789 2506 879 2566 hebet
893 2505 955 2566 vim
968 2507 1129 2568 definitivae
1143 2511 1153 2578 (
1169 2511 1188 2578 l,

172 2601 224 2654 aut
236 2611 377 2672 magnum
390 2595 476 2654 effert
490 2611 650 2670 gravamen
666 2612 720 2671 per
735 2595 911 2656 sententiam
924 2597 1109 2657 definitivam
1123 2599 1189 2656 irre-

172 2683 304 2759 parabile
323 2687 373 2757 (t),
393 2689 483 2760 prout
494 2684 557 2758 jem
569 2689 658 2744 antee
671 2685 768 2743 lueret
787 2701 805 2743 e
823 2685 890 2761 jure
903 2683 981 2744 civili
996 2691 1190 2746 Romanorum

173 2772 378 2848 constitutum,
388 2771 470 2848 quod
485 2771 605 2847 quidem
618 2791 636 2832 a
650 2772 826 2834 Tridentinis
834 2773 969 2832 Patribus
983 2772 1190 2850 sapientissima

172 2865 289 3006 gesgum
299 2860 362 2934 fuit,
376 2878 414 2922 ne
428 2863 485 2922 sub
497 2878 582 2923 venae
594 2861 798 2938 appellationis
813 2861 912 2937 specie
925 2863 994 2922 lites
1007 2863 1119 2925 diutius
1128 2876 1189 2939 pro

174 2953 219 3006 tre
241 2956 373 3009 arentur.

204 3103 241 3170 (l)
258 3103 324 3168 Gap.
337 3103 361 3162 9,
379 3103 407 3154 15
420 3107 447 3156 et
460 3099 500 3163 30,
514 3105 549 3158 de
563 3105 653 3172 eppei.
668 3109 695 3158 et
714 3119 773 3173 cap.
790 3109 812 3170 l,
826 3107 885 3158 aod.
901 3107 929 3158 in
942 3107 965 3158 6.
981 3137 1009 3147 -
1024 3109 1061 3174 (t)
1071 3109 1141 3161 Sese.
1156 3107 1185 3163 13,

175 3189 199 3229 c.
217 3177 239 3237 l,
254 3175 281 3225 et
295 3186 364 3224 sess.
382 3173 421 3232 tl,
437 3187 459 3226 c.
473 3177 514 3238 20,
531 3177 564 3228 de
586 3178 634 3230 res.
648 3205 678 3214 -
696 3178 732 3242 (3)
745 3178 882 3230 Sententia
898 3178 1100 3232 interlocutoria
1117 3179 1186 3229 habet
1242 3195 1250 3208 ·

174 3249 229 3299 vim
240 3244 384 3298 definitive
393 3264 399 3294 ι
409 3245 545 3310 l⁰quando
560 3248 641 3300 eliam
653 3262 707 3299 non
724 3253 848 3314 expectat
862 3250 977 3316 amplius
992 3251 1155 3307 sententium,
1165 3249 1185 3296 et

177 3319 314 3369 instantiae
327 3316 407 3366 tinem
423 3316 552 3381 imponit;
567 3318 593 3366 2⁶
606 3320 773 3385 quandoper
787 3335 847 3372 enm
857 3320 971 3372 officium
984 3322 1084 3385 judicis
1097 3323 1183 3374 finitur.

176 3392 207 3436 ut
221 3389 245 3439 si
260 3401 288 3439 se
301 3387 421 3438 declaret
430 3387 653 3452 incompetentem
664 3409 670 3449 3
681 3392 707 3442 3ο
719 3391 826 3456 quando
836 3405 950 3458 peream
960 3395 1086 3446 delinitur
1099 3390 1182 3456 aliquis

179 3458 311 3508 articulus
324 3456 510 3507 substantialis
524 3471 613 3509 causae
628 3462 801 3527 principalis;
816 3463 842 3513 4ο
851 3463 957 3528 quando
967 3466 1098 3515 sententie
1110 3457 1180 3514 cond·

178 3527 225 3598 net
238 3525 347 3602 eliquod
361 3526 489 3589 dandum,
503 3527 544 3576 vel
558 3529 723 3583 iaciendum:
738 3535 764 3582 5⁰
778 3534 885 3598 quando
901 3536 1008 3586 revocat
1016 3535 1113 3600 judicis
1124 3530 1179 3582 inlo-

181 3601 261 3644 noris
271 3598 400 3650 ettentete
410 3595 452 3660 ;o·
461 3596 568 3660 quenda
577 3597 697 3654 declaret
706 3604 1067 3669 appellationemdesertem
1078 3607 1102 3658 7·
1109 3612 1178 3669 qutu‘
