2410 4068
475 175 635 234 ——sts-

49 311 105 356 nam
118 307 183 358 cum
204 295 420 358 beneficiorum
439 297 572 356 omnium
586 293 721 371 plenaria
733 291 889 372 dispositio
908 293 1059 374 adipsum

49 387 183 460 pertineat,
195 391 294 461 potest
304 401 439 444 summus
453 385 590 444 Pontifex
600 384 731 461 quando,
742 387 930 460 etquomodo
944 389 1007 448 vult
1018 405 1055 448 ea

48 474 123 546 mire,
135 481 163 534 et
176 472 310 532 dividere
319 478 377 545 (l);
389 472 553 547 Episcopus
563 489 637 532 vero
646 473 764 547 minora
777 490 840 533 suae
850 473 988 536 dioecesis
999 475 1055 542 bez

49 563 133 621 nedcia
146 561 235 622 etiarn
249 567 355 620 curata
364 561 448 620 unire
461 567 561 637 potest
572 561 602 619 in
613 571 803 636 perpetuum,
812 563 902 623 modo
911 566 983 625 unio
995 583 1058 626 non

50 649 117 710 sitilli
125 648 292 726 specialitc‘r
301 667 319 707 a
325 650 392 724 jure
401 647 558 708 interdicta
570 651 620 718 (t).
631 648 688 708 Sed
696 649 734 708 sd
742 649 904 725 legitimam
914 654 1058 718 unionem

50 739 191 798 taciendam
203 738 366 814 requiritur
375 753 474 797 causae
488 737 684 811 necessitatis,
698 745 750 798 aut
763 740 910 800 evidentis
924 743 1058 808 utilitatis
1092 776 1096 788 r

49 827 165 902 cognitio,
179 839 209 888 et
217 826 318 887 citatio
325 843 440 899 eornm,
453 842 582 904 quorum
591 825 723 900 interest,
732 833 764 886 nt
773 835 980 906 patronorum,
990 835 1055 910 qui,

50 915 132 976 silaici
145 917 214 990 sint,
229 916 342 976 debent
364 916 492 975 ulterius·
504 915 673 976 consentire
688 919 740 988 (3).
767 921 875 978 Rector
889 926 989 982 tamen
1003 925 1060 986 be-

49 1006 124 1066 neieii
138 1022 198 1065 non
212 1011 260 1066 est
271 1003 442 1064 necessario
458 1003 605 1076 citandus,
621 1004 692 1080 quia
706 1005 777 1064 unio
796 1008 961 1069 nonhabet
984 1013 1054 1072 effe-

49 1100 121 1168 ctum,
131 1094 188 1154 nisi
197 1099 268 1170 post
280 1099 406 1154 mortem
415 1093 539 1160 actualis
552 1093 734 1168 possessoris
744 1098 795 1166 (1).
810 1099 911 1171 Neque
918 1097 1017 1172 etiam,
1030 1101 1056 1160 si

49 1191 131 1256 agatur
158 1181 195 1242 de
217 1182 346 1241 ecclesie
363 1175 536 1257 parochiali,
557 1181 727 1262 qecessario
749 1182 869 1243 citanda
894 1193 939 1244 est
959 1187 1055 1262 plebs.

48 1272 152 1345 AEquum
166 1277 265 1330 tamen
281 1275 337 1343 est,
349 1275 382 1328 nt
397 1276 457 1330 tam
469 1268 607 1330 beneficii
620 1286 788 1344 possessor,
803 1288 893 1347 mam
907 1274 992 1350 plebs
1003 1293 1055 1336 su-

47 1356 124 1418 diatnr
143 1365 193 1432 (5).
214 1359 380 1434 Episcopus
397 1358 508 1418 nedum
522 1363 622 1434 potest
638 1357 854 1420 beneficiorum
869 1362 996 1424 uniones
1013 1366 1056 1426 fe·

47 1461 114 1520 eere3
128 1464 234 1508 verum
250 1449 287 1506 ad
302 1446 454 1526 faciendas
466 1447 648 1522 quandoque
662 1464 680 1505 a
693 1451 722 1507 S.
738 1446 908 1510 Tridentino
928 1454 1058 1514 Concilio

46 1535 118 1595 reluti
141 1537 329 1609 adhortatur,
350 1543 383 1595 nt
401 1552 457 1610 pro
483 1536 578 1594 salute
595 1535 762 1597 anirnarum
782 1537 820 1596 ad
840 1539 985 1602 uniendas
1004 1559 1058 1618 pa·

46 1624 145 1684 rochias
163 1626 205 1684 ita
225 1640 384 1701 pauperes,
408 1621 620 1684 utnccessaria
641 1633 791 1700 nequeant
812 1627 971 1702 providere
985 1635 1059 1690 ltce-

48 1710 92 1769 tori
101 1717 151 1786 (6),
166 1713 205 1773 ad
218 1713 350 1773 unienda
363 1709 509 1771 beneficia
523 1710 668 1786 simplicia
683 1713 836 1774 saecularia
849 1716 971 1790 singulis
983 1735 1061 1793 prae-

47 1799 134 1861 bondis
160 1801 374 1861 canonicorum
394 1799 530 1859 ecclesiae
555 1799 755 1873 uathedralis,
778 1808 808 1860 et
831 1804 1058 1878 collegiatarum

48 1886 198 1965 insignium,
218 1906 287 1950 cum
301 1888 377 1948 adeo
396 1894 503 1947 tenues
524 1892 606 1962 sunt,
626 1895 669 1960 ut,
686 1890 867 1964 cumputatis
890 1892 979 1951 etiam
996 1893 1057 1952 dis·

48 1977 240 2040 tributionibus
254 1976 443 2053 quotidianis,
456 1993 517 2036 non
529 1975 677 2035 sufficiant
689 1993 745 2051 pro
758 1977 931 2039 sustinendo
941 1981 1058 2041 decenti

49 2067 249 2127 canonicorum
262 2065 371 2142 gradu,
389 2081 449 2140 quo
467 2063 498 2123 in
513 2081 586 2123 casu
599 2057 698 2141 potest
712 2065 802 2125 etiam
815 2068 1013 2144 supprimere,
1027 2077 1058 2130 et

49 2153 77 2211 ad
86 2155 226 2216 minorem
241 2169 399 2214 numerum
412 2152 559 2213 reducere
573 2153 767 2213 canonicatus
780 2161 832 2229 (7).
848 2156 980 2218 Diximus
993 2159 1056 2220 sirt-

49 2244 109 2314 ente
118 2243 296 2320 prebendis,
312 2259 381 2302 nam
393 2257 506 2300 mensae
521 2239 685 2316 capitulari,
700 2248 751 2301 eut
767 2242 856 2304 etiam
875 2263 982 2306 messae
996 2247 1057 2308 dis·

50 2329 225 2392 tributionum
243 2329 355 2390 similes
372 2327 498 2388 uniones
516 2329 617 2389 iacere
630 2327 733 2404 nequit
745 2333 803 2404 (8);
826 2338 856 2391 et
875 2336 913 2393 ad
927 2335 1058 2396 unienda

50 2417 207 2481 clericorum
226 2417 387 2480 seminario
407 2414 553 2479 beneficia
576 2413 722 2495 simplicia
743 2418 909 2494 saecnlaria,
935 2423 1056 2497 quando

50 2504 127 2568 eidem
145 2527 201 2586 per
213 2507 427 2568 beneficiorum
449 2510 560 2580 laxam,
575 2511 627 2564 aut
647 2505 705 2565 alio
721 2507 818 2602 modo
832 2521 893 2567 non
914 2515 959 2569 est
985 2511 1056 2570 sads

49 2597 183 2666 provisum
193 2601 245 2670 (9).

74 2770 234 2836 <llssnmmns
243 2773 335 2823 tamen
349 2768 473 2822 Pontifex
483 2780 542 2822 eam
555 2767 608 2819 sibi
623 2767 761 2820 constituit
777 2769 874 2834 legem,
884 2775 915 2823 nt
928 2775 1054 2827 commis·

52 2841 123 2897 cinnes
134 2844 251 2908 unionis,
266 2847 293 2894 et
306 2841 447 2893 divisionis
462 2851 571 2904 semper·
584 2839 650 2889 tiant
665 2839 699 2889 ad
710 2843 811 2905 partes,
824 2842 925 2896 nocetis
939 2857 1055 2910 quorum

51 2910 150 2969 interest.
167 2917 234 2980 ng.
252 2915 284 2964 11
305 2910 413 2964 (lancel.
430 2910 510 2974 -(1)
525 2909 589 2975 (lap.
606 2909 630 2967 8,
645 2910 679 2961 de
693 2923 782 2962 excas.
801 2914 878 2976 prael.
897 2915 1052 2981 Capitulum

51 2981 199 3049 &themate
216 2985 280 3036 sede
291 2989 413 3044 vacante,
431 2986 458 3032 et
471 2981 596 3032 vicarius
611 2981 775 3045 Capitularis
787 2995 820 3032 ex
832 2985 931 3036 seriori
945 2997 1053 3041 senten·

52 3052 81 3102 tta
91 3061 171 3118 potest
183 3055 316 3108 beneficia
328 3053 454 3116 unire,ut
466 3051 554 3102 fusius
566 3050 733 3115 explicamus
747 3052 775 3102 in
784 3052 838 3104 alio
851 3068 942 3121 opere,
953 3059 1056 3112 Theon.-

50 3127 148 3188 etprsx.
165 3127 220 3178 Vic.
234 3126 320 3190 Cepit.
337 3137 391 3175 non
407 3135 471 3173 vero
486 3121 612 3174 Vicsrius
631 3121 782 3186 Generalis,
794 3129 822 3174 ot
835 3127 967 3180 Praelatus
981 3131 1051 3182 inie-

52 3194 104 3254 rior.
115 3199 173 3250 lieet
182 3199 235 3250 sint
249 3196 387 3248 ordinaria
398 3193 587 3259 jurisdictione
598 3192 713 3256 praedtti.
728 3194 806 3245 Cerd.
817 3194 907 3261 Soglia
918 3200 984 3251 inst.
994 3203 1050 3265 jur.

52 3264 108 3325 priv.
122 3269 178 3330 titt.
194 3295 225 3305 -
236 3267 274 3333 (3)
288 3267 351 3332 Cap.
367 3267 397 3327 30
411 3267 439 3316 et
453 3265 492 3325 33,
503 3263 536 3316 de
547 3263 633 3329 praeb.
649 3263 723 3315 Trid.
736 3277 803 3316 sess.
824 3267 848 3327 7,
868 3281 891 3318 c.
906 3269 930 3327 6,
950 3271 983 3321 de
1000 3271 1048 3323 ret.

53 3333 125 3388 Causa
137 3339 304 3392 necessitatis
322 3341 404 3397 esset,
416 3336 439 3386 si
452 3335 557 3385 tructus
576 3334 692 3384 duorum
706 3334 896 3388 beneficiorum
912 3341 948 3390 ita
962 3340 1051 3389 immi-

53 3407 102 3456 nuti
115 3409 205 3473 lorent,
224 3415 255 3461 ut
273 3408 390 3474 amplius
409 3406 516 3458 duobus
533 3405 657 3468 parochis
678 3407 861 3459 sustentandis
876 3422 929 3459 non
943 3408 1051 3460 suffice·

55 3482 110 3529 rent.
123 3481 183 3547 Arg.
194 3482 278 3534 elem.
298 3480 320 3542 l,
334 3478 347 3544 ξ
360 3477 394 3529 ed
407 3477 466 3528 haec
480 3475 513 3527 de
526 3480 587 3528 stat.
601 3489 715 3538 monac.;
733 3476 757 3528 si
768 3491 897 3530 numerus
910 3480 1051 3545 parochia-

53 3556 136 3606 norum
146 3551 183 3603 its
194 3553 231 3606 sit
242 3549 412 3616 imminutus,
421 3552 452 3600 ut
465 3547 581 3614 amplius
593 3547 723 3613 iustique
735 3549 862 3617 parochia
871 3548 964 3602 decern
973 3564 1052 3606 men·
