2560 4080
554 139 714 194 -475-

114 266 230 315 servato.
245 262 322 316 [iuda
333 262 409 328 Juxta
422 261 492 312 banc
504 261 607 326 praxim
619 260 690 310 iutra
708 257 803 310 decem
812 255 871 308 dies
884 252 966 304 dabat
986 247 1133 314 appellare,

114 333 161 400 qui
175 334 282 398 ignorat
295 333 464 395 sententiam,
478 335 505 384 at
516 331 634 399 appellat
648 331 727 382 solita
739 327 866 390 clausula,
883 325 1016 390 quatenos
1030 320 1135 400 contra,

113 405 254 466 nimirum,
267 408 400 471 quatenus
413 403 561 468 appellanti
575 402 710 456 contraria
724 399 759 452 sit
772 400 970 466 superventura
992 391 1134 444 sententia.

113 504 145 527 π
157 476 193 542 (t)
203 476 341 540 Zallinger
354 475 388 527 da
403 481 470 528 sent.
484 475 560 538 alla.

150 665 211 720 856.
227 665 284 720 Res
303 659 434 738 Judicata
452 661 493 721 ita
512 659 722 720 controversiae
741 657 832 717 finem
846 650 1067 714 immutabiliter
1080 649 1135 707 im·

111 749 207 826 ponit,
224 757 365 826 utreque
379 749 531 826 paraliam
545 748 784 824 remJ'udicatam
799 751 887 822 queat
898 740 1006 802 mutari
1024 741 1079 810 (l);
1096 736 1136 795 ita

111 839 299 915 proteritate
314 839 450 912 habetur,
462 844 495 897 ut
504 839 602 897 omnia
610 838 640 896 in
655 855 690 896 ea
703 839 922 912 praesumantur
935 830 991 890 rite
1003 827 1134 888 celebra-

111 934 152 1002 ta,
165 934 195 987 et
203 927 332 1003 legitime
345 929 423 986 lacta
433 932 488 1001 (i);
499 934 528 986 et
540 927 696 986 itanovam
705 928 802 1001 legem
811 922 944 1001 partibus
953 916 1135 995 litigantibus

111 1015 248 1092 imponit,
263 1024 296 1077 ut
309 1016 396 1076 faciat
408 1017 486 1076 inter
499 1033 549 1076 eas
558 1033 597 1076 ex
610 1016 696 1092 nigro
708 1015 818 1088 album,
835 1019 864 1072 et
876 1029 915 1072 ex
927 1009 994 1068 albo
1006 1007 1133 1082 nigrum,

112 1106 190 1165 siout
212 1107 374 1181 loquuntur
394 1104 568 1180 pragmatici
586 1109 636 1178 (3).
655 1109 736 1162 liano
757 1112 856 1163 tamen
870 1099 914 1160 rei
928 1097 1065 1175 jndicatae
1079 1110 1132 1152 au·
1232 1095 1234 1102 ‘

111 1195 280 1254 ctoritatem
292 1195 427 1270 quaedam
442 1194 584 1270 speciales
598 1192 750 1252 sententiae
765 1205 926 1266 numquam
947 1197 1136 1258 consequun-

112 1290 170 1357 tur,
182 1288 216 1342 ut
228 1283 381 1344 sententiaa
396 1282 575 1358 criminales,
596 1288 626 1342 et
643 1279 875 1342 matrimoniales
890 1278 927 1338 de
938 1271 1048 1334 vinculi
1061 1270 1134 1331 vali-

111 1373 226 1463 ditate(
246 1376 266 1445 ).

141 1521 178 1586 (l)
188 1521 251 1588 Cap.
263 1522 303 1581 20.
319 1523 352 1574 da
365 1525 432 1574 sent.
446 1525 472 1574 at
485 1537 514 1574 ra
521 1523 604 1588 jndio.
617 1551 648 1561 -
660 1523 696 1588 (i)
709 1523 772 1588 Gap.
790 1521 818 1572 l3
832 1521 859 1572 at
869 1520 907 1582 16,
921 1517 980 1570 aod.
992 1513 1066 1579 -(3)
1075 1512 1134 1594 Npq

110 1591 287 1658 resjudicata
301 1607 349 1656 par
373 1607 442 1644 nava
462 1595 640 1646 instrumenta
661 1599 754 1661 postca
775 1593 882 1657 reperta
907 1587 1060 1645 resolvitur,
1079 1595 1134 1634 msr

110 1664 271 1715 interveniat
284 1664 416 1716 restitutio
430 1665 459 1715 in
479 1665 613 1731 integrum
625 1679 641 1716 a
654 1665 779 1730 Principe
804 1676 940 1716 concessa.
956 1660 1020 1724 Gap.
1043 1656 1083 1715 il,
1098 1654 1132 1736 d?

109 1737 179 1786 aaut.
199 1739 225 1785 ct
235 1747 264 1786 ra
275 1734 361 1799 judic.
372 1736 419 1786 Jus
432 1750 530 1788 novum
543 1737 616 1799 facit,
627 1737 675 1788 sed
693 1741 797 1787 tantum
818 1735 888 1785 iuter
900 1735 1002 1798 partas,
1016 1741 1078 1808 quaa
1097 1724 1132 1775 l1-

110 1806 205 1870 tigant,
219 1805 262 1858 tel
276 1807 610 1872 consensumlitigantibus
625 1808 758 1872 prebent,
768 1806 812 1858 val
822 1817 953 1856 causama
964 1797 1132 1865 litigantrbus

110 1876 220 1941 habeut,
230 1877 313 1928 veluti
336 1877 459 1929 haeredes
473 1892 533 1931 oum
548 1893 580 1929 ax
595 1879 688 1944 regula
699 1879 779 1944 juris,
792 1891 834 1930 ras
845 1877 917 1930 lotar
929 1873 1076 1931 altaspata,
1094 1866 1135 1920 val

102 1943 232 2015 jndiaata
246 1947 309 2000 aliis
321 1961 377 2002 aaa
392 1952 494 2002 noceat.
506 1949 564 2002 Hoc
578 1954 666 2000 tamen
676 1949 850 2014 restringitur
861 1947 896 1998 ad
917 1944 1080 1998 sententiam
1101 1942 1128 1991 in
1148 1967 1155 2004 ·.

109 2033 139 2071 sa
153 2019 362 2080 consideratam
381 2033 444 2072 nam
465 2021 488 2072 si
503 2023 596 2088 pluras
620 2021 674 2073 sint
696 2020 836 2072 sentcntiae
857 2019 885 2070 in
906 2031 964 2068 rem
982 2014 1132 2080 judicatam

106 2094 261 2154 transactas,
275 2105 336 2156 quae
350 2093 469 2143 eamdem
484 2093 602 2158 speciem
619 2091 712 2143 eodem
734 2092 812 2143 modo
833 2103 939 2154 semper
964 2086 1130 2146 definierint,

107 2161 244 2226 quoddam
255 2166 301 2226 jus
313 2175 412 2214 novum
424 2163 453 2213 in
465 2163 573 2214 casibus
586 2163 720 2214 similibus
740 2163 828 2228 quoad
844 2173 937 2212 omnes
952 2159 1091 2215 inducunt,
1105 2158 1132 2206 at

107 2231 227 2283 efficiunt
238 2233 423 2284 auctoritatem
436 2247 526 2284 rerum
541 2233 665 2286 similitor
674 2234 866 2298 judicatarum,
882 2245 952 2296 quae,
969 2232 1000 2280 ut
1018 2231 1076 2294 jam
1091 2227 1133 2278 vi·

107 2303 207 2365 dimus,
225 2303 292 2368 legis
315 2306 500 2355 auctoritatem
521 2318 571 2369 par
591 2304 813 2356 consuetudinem
827 2304 938 2355 obtinet.
961 2329 988 2339 -
1009 2300 1046 2366 (l)
1062 2299 1132 2348 Item

106 2387 162 2424 non
171 2378 311 2426 transeunt
324 2377 352 2425 in
366 2390 424 2427 rom
437 2375 586 2440 judicatam
601 2375 741 2427 sententiaa
757 2375 869 2441 prolata
884 2373 1002 2440 ajudica
1022 2384 1130 2423 excom-

106 2445 251 2495 municato.
267 2445 332 2510 Cap.
345 2447 386 2511 il,
401 2447 434 2498 de
449 2451 516 2498 sant.
535 2450 597 2504 etc..
613 2451 640 2498 at
657 2460 717 2512 cap.
734 2447 770 2507 ii,
786 2448 820 2499 de
833 2447 939 2508 haerat.;
953 2446 996 2498 val
1007 2443 1131 2496 deducta

108 2529 140 2566 ax
155 2516 232 2566 falsis
246 2517 370 2580 testibus,
383 2517 632 2570 autinstrumantis.
648 2518 710 2582 Gap.
724 2519 763 2578 ii,
775 2519 808 2569 de
823 2523 892 2570 sent.
905 2522 958 2580 ato.
973 2518 1038 2580 Gap.
1053 2515 1077 2579 9,
1092 2512 1126 2564 da

105 2583 198 2650 testib.
213 2587 240 2638 et
254 2601 312 2652 cap.
327 2587 350 2647 6,
364 2589 397 2640 da
406 2595 519 2655 except.3
530 2594 557 2640 et
570 2603 631 2654 quae
645 2603 698 2640 non
711 2590 821 2642 luerunt
831 2589 986 2654 publicata.
1002 2589 1066 2652 Gap.
1076 2584 1127 2636 ult.

106 2659 141 2710 de
154 2662 223 2710 sant.
234 2659 263 2709 in
271 2659 294 2709 6.
306 2660 441 2712 Praeterea
455 2674 509 2712 non
518 2662 612 2712 transit
624 2661 652 2712 in
662 2661 813 2725 judicatum
827 2661 960 2712 sententia
969 2659 1055 2718 nulla,
1070 2668 1131 2724 quae

105 2729 170 2853 walliis
184 2743 253 2852 estse1
273 2735 361 2852 potelgt
375 2745 408 2783 ax
420 2733 513 2784 multis
534 2731 677 2800 capitibus.
698 2733 869 2797 Pellegrinus
891 2735 962 2797 part.
976 2732 1080 2792 &aaut
1101 2729 1125 2790 ³,

106 2815 120 2853 s
161 2814 226 2852 saa.
259 2815 306 2864 ,n
355 2839 362 2853 .

141 2991 204 3046 857.
216 2987 312 3060 Quaeri
321 2989 370 3049 hic
380 2994 489 3065 potest,
501 3007 538 3048 an
549 2989 733 3064 resjudiaata
746 2990 776 3049 in
786 2991 851 3050 loro
861 2990 978 3052 interno
992 2988 1128 3050 eamdem

105 3083 248 3137 exerceat
261 3077 331 3152 vim,
345 3094 434 3152 quam
448 3078 537 3138 habet
548 3078 579 3138 in
594 3080 659 3138 foro
674 3081 819 3140 externo?
833 3081 1060 3155 Respondemus
1074 3078 1129 3138 ml·

105 3165 201 3225 nime:
213 3183 282 3226 nam
293 3167 412 3242 quando
422 3167 725 3228 sententiaavidenter
733 3170 813 3227 nulla
822 3169 1003 3244 agnoscitur,
1015 3173 1065 3227 aut
1074 3183 1134 3226 ma-

105 3254 212 3315 nifeste
223 3255 343 3332 injusta,
356 3273 406 3315 res
416 3257 546 3331 judicata
560 3257 591 3316 in
606 3257 787 3318 conscientia
801 3258 932 3334 obligare
944 3274 1006 3316 non
1020 3261 1129 3332 potest,

106 3344 177 3420 quia
193 3361 255 3403 non
275 3339 352 3404 foret
367 3346 494 3420 amplius
509 3347 614 3422 regula
624 3347 705 3422 Justi‚
722 3347 774 3407 sed
789 3347 941 3408 vinculum
959 3344 1130 3420 iniquitatis.

105 3437 269 3508 Propterea
276 3432 326 3508 qui
338 3450 392 3509 per
403 3434 544 3510 injustam
553 3451 617 3494 rem
626 3435 787 3511 judicatam
796 3435 827 3494 in
836 3437 901 3494 loro
911 3441 1036 3494 externo
1046 3451 1132 3494 suam

106 3519 205 3582 amisit
214 3537 289 3597 rem,
298 3538 364 3582 eam
378 3529 475 3598 potest
485 3524 583 3592 adhuc
595 3524 624 3583 in
638 3523 820 3585 conscientia
828 3523 884 3584 sibi
894 3523 1074 3599 habere,aut
1083 3540 1131 3584 re·
