2410 4068
608 140 768 198 -ςῃ-

167 267 200 321 de
219 265 284 319 cler.
298 265 391 330 egrot.
405 275 434 314 n.
450 262 479 315 ta
492 265 520 315 ot
539 261 579 315 at.
597 289 626 302 -
644 263 680 328 (7)
700 259 788 314 Causa
807 261 953 314 senectutis
972 259 1108 325 coadjutor
1124 260 1186 312 duri

165 341 262 406 potest,
275 335 383 402 quando
397 337 523 388 senectus
544 333 686 386 ministerii
707 332 864 384 exercitium
879 332 1012 396 impedit3
1032 331 1099 383 alias
1113 332 1186 383 senis

165 409 346 474 ooacljutnrem
360 409 501 472 6666611116
517 419 570 458 666
591 409 708 458 tenetur.
727 431 759 444 -
773 404 809 468 (lit
832 403 898 470 Gap.
918 405 943 463 6,
963 404 997 456 de
1011 403 1073 457 cler.
1089 410 1181 467 egrot.

165 479 241 599 {gem
256 476 401 530 dioendum
415 475 449 529 de
462 490 504 536 eo.
517 478 565 544 qui
582 475 667 530 oculis
681 479 775 542 eaptus
788 479 839 538 est,
853 474 897 527 161
917 474 994 541 gravi
1014 475 1129 540 paralysi
1145 473 1184 524 la-

202 551 251 599 rat.

200 745 264 804 ets.
284 745 312 802 is
328 759 346 802 a
360 745 450 818 Papa,
465 745 496 802 et
509 739 547 800 ab
560 731 707 818 'Episcopo
721 739 880 816 coadjutor
893 739 1118 800 constituendus
1129 745 1183 812 est

161 830 217 910 ,qui
234 831 413 894 necessariis
428 848 485 907 pro
498 829 644 890 beneflcio
663 829 823 908 praediotns
841 829 878 888 sit
899 827 1097 904 qualitatibus.
1112 831 1183 887 con·

164 918 284 980 stitutus
296 937 369 980 vero
382 918 569 996 generaliter,
583 917 656 978 etin
672 924 851 996 perpetuum
866 917 955 978 debet
968 923 1030 978 tam
1051 916 1184 992 ooadjuti

167 1025 258 1088 quam
278 1008 426 1081 Ecclesiae,
448 1015 479 1068 et
500 1007 633 1068 fidelium
652 1024 755 1067 euram
777 1022 882 1079 gerere
907 1010 964 1079 (l);
983 1012 1014 1066 et
1035 1011 1132 1082 potest
1152 1021 1184 1064 ea

164 1097 274 1169 omnia,
290 1114 358 1174 quae
376 1097 415 1157 ad
434 1095 606 1172 coadjutum
620 1102 768 1172 spectant,
782 1097 893 1168 faeere,
908 1094 965 1154 nisi
984 1091 1184 1168 1116661616-

163 1187 215 1260 let,
229 1184 340 1262 aliquid
353 1204 372 1246 6
383 1203 415 1246 se
426 1186 593 1262 gerendum
606 1183 664 1244 sibi
675 1192 810 1245 reservet
820 1189 871 1256 (1).
883 1184 1013 1259 ideoque
1024 1183 1183 1244 residentia

163 1273 304 1351 obligatio
317 1275 349 1336 in
367 1273 510 1349 coadjuto
521 1279 695 1350 perseverat
708 1271 797 1332 etiam
812 1279 881 1350 post
894 1278 1082 1348 assumptum
1096 1272 1182 1334 Coed-

160 1365 305 1440 jutorem,
319 1362 371 1440 qni
390 1361 525 1424 similiter
538 1361 577 1422 ad
591 1359 782 1422 residentiam
799 1367 926 1422 tenetur.
943 1361 1124 1422 Constitutus
1136 1378 1181 1419 au-

163 1459 226 1513 tem
238 1451 277 1510 ad
290 1457 419 1527 tempus,
433 1450 504 1512 licet
520 1449 623 1510 stricta
641 1450 793 1524 loquendo
809 1465 869 1508 non
883 1448 921 1508 sit
932 1448 1101 1510 residentiae
1115 1449 1181 1508 obli·

162 1546 260 1616 gatus,
276 1539 346 1616 quia
362 1537 622 1600 beneficiumnon
641 1537 748 1610 habet3
765 1543 863 1598 161666
882 1537 1026 1598 beneflcio
1045 1538 1181 1598 adsistere

163 1633 291 1700 lenanu,
312 1626 396 1687 aliter
419 1625 529 1688 inutilis
551 1625 636 1686 fleret
655 1625 848 1700 coadjutoris.
871 1631 912 1686 Da
935 1632 1044 1686 caetero
1065 1633 1179 1702 uterque

163 1715 322 1791 coadjutor
336 1715 583 1776 sustentationem
596 1715 707 1774 habere
718 1732 758 1775 ex
769 1713 915 1774 beneficio
927 1714 1027 1788 debet,
1041 1714 1089 1776 oui
1102 1713 1179 1774 mini·

162 1801 286 1864 sterium
309 1799 431 1863 exhibet
449 1808 509 1876 (3);
530 1803 583 1864 sed
605 1802 736 1864 maxime
762 1803 922 1880 GoadJntor
943 1811 1117 1880 perpetuus,
1137 1801 1178 1877 qui

161 1891 307 1954 beneflcio
321 1891 476 1954 devinctus
492 1897 548 1966 est,
564 1893 685 1968 quique,
698 1890 788 1952 etiam
801 1897 920 1952 mortuo
933 1892 1082 1970 condicto,
1092 1892 1123 1952 in
1132 1906 1178 1951 suo
1199 1949 1200 1960 ,

162 1980 262 2042 officio
276 1987 376 2042 manet
389 1983 441 2053 (4).

192 2144 227 2209 (1)
246 2143 312 2210 Cap.
335 2143 359 2204 5,
380 2143 415 2197 de
434 2144 500 2197 cler,
517 2147 611 2210 aegrot.
626 2145 811 2199 Observamus
824 2145 1009 2211 coadjutorem
1032 2144 1091 2197 dari
1108 2153 1176 2212 posse

159 2214 315 2282 specialiter
322 2215 365 2266 vel
377 2217 412 2268 ad
423 2215 576 2281 spiritualia
585 2221 700 2282 tantum,
709 2218 752 2269 vel
765 2221 869 2269 tantum
880 2217 914 2268 ad
924 2217 1090 2282 temporalia.
1105 2215 1176 2266 Porro
1198 2227 1199 2268 ὲ

159 2287 267 2337 evenire
281 2289 378 2352 potest,
393 2291 424 2339 ut
437 2287 615 2340 beneficiatus
627 2289 673 2339 1161
688 2288 817 2340 inhabilis
834 2287 869 2338 nd
891 2288 1017 2353 quaedam
1036 2285 1176 2352 spiritualia
1198 2275 1199 2313 l

159 2359 273 2416 tantum,
288 2363 319 2410 61
332 2357 355 2409 si
369 2361 459 2408 careat
473 2371 568 2417 mnnu;
586 2359 629 2409 vel
645 2362 749 2410 tentum
763 2359 797 2410 cd
812 2359 978 2424 temporalia,
993 2365 1024 2410 61
1033 2359 1056 2409 si
1065 2353 1175 2410 benaici

158 2428 232 2480 bona
249 2428 388 2496 dilapidet.
408 2453 440 2466 -
453 2429 491 2492 (1)
513 2427 689 2482 1161116661661
709 2430 760 2482 loc.
776 2431 820 2482 cit.
841 2444 867 2481 n.
883 2431 925 2481 51.
938 2456 970 2466 -
986 2430 1023 2494 (3)
1037 2429 1100 2492 Cap.
1117 2429 1130 2479 3
1150 2426 1176 2477 de

160 2499 225 2552 cler.
242 2505 337 2564 agunt
355 2513 418 2565 cep-
432 2500 578 2552 66166611.
593 2501 622 2552 iu
638 2502 661 2553 6.
678 2500 707 2552 Si
722 2501 863 2568 coadjutor
883 2500 1033 2552 modestam
1052 2504 1175 2552 sustenta·
1197 2533 1198 2552 1

159 2571 259 2624 tionem
272 2571 448 2623 err-beneflcio
466 2571 567 2624 hebere
588 2576 713 2638 nequeat.
729 2573 756 2623 ei
778 2573 919 2624 consulere
934 2572 1015 2624 debet
1029 2571 1174 2637 Episcopus,
1197 2563 1198 2619 l

159 2643 203 2696 161
217 2642 380 2694 conferendo
391 2641 553 2694 beneficium
561 2643 675 2708 simplex
685 2644 765 2708 iuxta
779 2643 969 2694 Tridentinum
985 2639 1174 2704 6666111617,

159 2712 193 2766 de
209 2713 256 2764 res.
273 2717 300 2764 et
315 2727 382 2766 sess.
398 2714 438 2775 11,
453 2727 476 2764 6,
489 2713 514 2772 1,
528 2713 562 2764 do
576 2714 624 2764 res.
639 2713 681 2764 vol
695 2714 816 2780 cogendo
830 2715 959 2780 populum
974 2714 1009 2766 ud
1025 2715 1051 2766 ei
1063 2725 1174 2765 necessa·

160 2783 201 2834 ria
210 2783 390 2836 ministranda
401 2785 479 2848 juxta
492 2784 562 2836 idem
576 2784 763 2836 Tridentinum
776 2785 804 2838 in
818 2785 864 2836 cit.
874 2793 942 2838 sess.
958 2786 998 2844 tt,
1013 2799 1037 2836 c.
1051 2787 1074 2848 1,
1088 2785 1122 2836 de
1135 2781 1172 2833 rai.

56 2911 59 2918 ‚
159 2867 224 2906 6661
235 2853 360 2918 coadjuto
376 2854 483 2906 deiectu
498 2853 631 2908 laboranti
644 2855 720 2907 salve
736 2869 846 2921 semper
859 2870 920 2910 essa
934 2857 1017 2908 dehet
1030 2853 1172 2908 sustentatio
1196 2879 1197 2925 l

159 2937 192 2975 ex
208 2924 347 2982 1166611616,
362 2925 427 2989 quia
441 2926 523 2978 nimis
537 2927 715 2978 inhumanum
729 2931 770 2980 est
786 2926 884 2979 afflicto
897 2927 998 2981 cdddre
1008 2927 1171 2980 afflictionem.

158 3021 189 3032 -
201 2994 237 3058 (i)
253 2993 423 3058 coadjutoris
437 3009 501 3047 vero
515 2998 671 3062 temporalis
684 2997 801 3049 officium
818 3001 908 3050 cessat
926 3012 977 3064 per
999 3005 1111 3050 mortem
1131 2995 1171 3045 lio·

159 3063 242 3116 otonis
254 3063 423 3130 principalis,
433 3066 481 3118 sod
494 3071 521 3118 et
532 3081 582 3134 per
595 3070 656 3132 ojus
669 3069 910 3128 renunciationem,
923 3076 970 3120 aut
982 3069 1170 3135 depositionem.
1195 3123 1196 3128 1

159 3139 206 3188 aut
218 3135 403 3202 privationem,
418 3140 446 3188 et
459 3152 508 3204 per
518 3139 697 3191 cessationem
710 3139 904 3204 impedimenti,
919 3153 951 3192 66
965 3140 1073 3206 lapsum
1086 3144 1171 3202 tempo·
1195 3135 1196 3188 ζ

160 3206 208 3266 ris,
221 3206 256 3260 611
270 3207 342 3272 quod
351 3207 491 3273 coadjutor
503 3209 584 3262 datus
594 3209 656 3262 1611.
1195 3193 1196 3231 ¹

194 3419 613 3495 1111616616611611661666
633 3421 701 3498 jure
724 3421 849 3498 antiquo
872 3427 937 3481 erat
962 3420 1106 3496 custodia,
1129 3419 1169 3477 aul
1194 3425 1195 3490 ᾗ

161 3503 379 3567 61161111αηῦ6
398 3505 532 3568 vacando
549 3507 686 3569 beneficii
702 3525 758 3586 pro
772 3516 908 3586 ternpore
922 3508 1085 3572 vacationis
1099 3499 1168 3570 611611
1194 3491 1195 3537 l
