2410 4068
475 181 636 239 -833-
710 199 713 203 ·

54 317 128 376 quarn
151 301 282 361 monitus
304 301 451 366 detrectat
473 303 519 362 sui
538 303 628 364 officii
649 310 752 380 partes
766 303 890 382 implere
912 311 964 383 (6),
983 315 1014 370 et
1032 306 1060 368 in

54 389 104 449 aliis
118 390 233 450 casibus
250 389 405 450 similibus,

78 538 201 604 tricast
214 538 248 589 ua
262 537 349 602 ragat.
359 538 387 588 sn
404 503 515 601 6.-(1)
527 539 593 604 cap.
606 541 628 603 1,
641 540 655 590 a
669 543 696 591 et
711 540 769 592 aas
784 507 847 593 orei.
864 546 1012 608 (01113.-
1025 545 1062 611 (a)

56 609 86 660 lie
95 611 159 660 Luca
169 609 197 660 in
206 613 297 660 annot.
309 609 374 660 disc.
387 607 457 670 ltin.
469 610 493 672 8,
504 612 532 660 et
542 609 575 660 dc
587 611 676 662 hanel.
686 611 715 664 in
723 612 800 666 Sum.
810 627 836 664 n.
846 612 901 666 889.
910 641 941 652 -
950 615 1057 683 tllssap.

57 679 105 732 lde
113 681 185 732 elect.
195 707 223 716 —
235 679 272 744 (5)
287 679 352 744 Gap.
365 680 380 730 8
393 681 427 731 ce
442 679 507 732 cler.
522 693 577 732 non
592 681 672 732 resid.
1010 688 1012 694 '

83 869 137 926 616.
155 865 318 927 Occasione
332 882 405 926 vero
424 865 523 926 delicti
537 865 636 942 ipsum
647 867 697 943 jus
715 867 851 929 beneficii
865 869 1062 944 privationem

56 955 214 1028 pronunciat
228 955 259 1016 in
270 971 342 1014 casu
354 954 504 1014 assassinii
518 956 618 1032 quoad
632 956 861 1031 committentes
874 966 904 1018 et
916 961 1061 1021 mandan-

56 1046 90 1099 tes
103 1047 152 1117 (1),
164 1043 194 1102 in
209 1060 281 1104 casu
297 1043 457 1116 homicidii,
476 1051 506 1104 et
518 1043 633 1104 hostilis
659 1043 862 1106 insectationis
875 1053 980 1108 contra
994 1053 1064 1110 Gar-

56 1129 168 1192 dinalem
186 1137 238 1206 (8),
254 1139 305 1190 aut
318 1138 423 1193 eontra
436 1131 614 1209 Episcopum
632 1136 684 1206 (3),
699 1132 730 1192 in
749 1150 821 1194 casu
836 1134 969 1209 haeresis‚
988 1153 1062 1212 apo-

54 1220 147 1295 stasiae,
163 1227 193 1280 et
208 1219 376 1280 schismatis
385 1221 534 1298 conjuncti
549 1237 617 1281 curo
629 1221 735 1282 haeresi
749 1225 800 1296 (1),
812 1221 841 1282 in
851 1223 1063 1286 casusimoniae

52 1309 137 1382 realis,
160 1315 191 1370 et
218 1309 433 1370 conlidentialis
458 1313 509 1382 (6),
537 1309 568 1368 in
591 1325 662 1368 casu
686 1309 873 1371 falsariorum
899 1311 1063 1374 litterarum

51 1399 277 1472 Apostolicorum
290 1401 342 1471 (6),
358 1396 388 1456 in
400 1414 470 1458 casu
485 1397 657 1457 intrusionis
670 1397 700 1456 in
711 1398 890 1460 heneficium
905 1403 956 1473 (l),
975 1402 1064 1462 etiam

53 1502 110 1546 cum
121 1487 257 1550 beneficii
270 1487 414 1547 reservati
429 1485 579 1562 possessio
593 1493 681 1562 capta
693 1487 748 1547 luit
763 1488 876 1564 absque
889 1483 1065 1566 apostolicis

53 1571 144 1634 litteris
156 1580 209 1649 (8),
233 1575 263 1633 in
283 1592 353 1634 casu
374 1574 617 1635 insordescentiae
644 1576 756 1635 dolosae
774 1576 803 1638 in
823 1579 1066 1638 excommunica-

54 1662 121 1722 tione
134 1666 213 1724 ultra
227 1679 349 1735 annum,
372 1662 440 1738 quia
460 1663 485 1722 si
498 1663 661 1722 humanum
677 1671 722 1724 est
733 1681 870 1740 peccare,
885 1666 1065 1726 diabolicum

53 1758 91 1810 est
102 1769 303 1827 perseverare,
320 1758 350 1810 ct
368 1751 535 1826 angelicum
550 1769 583 1810 se
601 1751 761 1811 emendare
780 1757 831 1826 (9),
855 1753 884 1812 in
904 1771 974 1813 casu
993 1773 1064 1830 pro-

54 1841 201 1900 curationis
214 1841 338 1901 abortus
350 1839 441 1899 foetus
454 1839 584 1912 animati,
604 1841 711 1900 effectu
725 1849 852 1917 sequuto
877 1845 947 1914 (16),
969 1843 998 1902 in
1014 1861 1065 1902 ca-

53 1943 80 1986 su
92 1929 177 1989 duelli
196 1927 259 1988 sive
278 1929 428 2002 solemnis,
448 1927 511 1988 sive
534 1927 648 2004 privati,
665 1929 726 1988 sive
744 1929 909 2004 provocati,
924 1929 986 1990 sive
1005 1949 1066 1990 non

53 2017 203 2090 provocati,
220 2023 251 2076 et
264 2017 353 2076 ctiam
365 2023 462 2076 morte
475 2033 537 2075 non
551 2023 676 2092 sequuta
690 2021 760 2090 (11),
775 2023 805 2077 el.
821 2017 850 2075 in
865 2035 936 2078 casu
950 2017 1066 2092 iniustae

54 2106 244 2183 occupationis
274 2107 423 2165 bonorum
446 2105 484 2164 ad
505 2098 648 2164 ecclesias
666 2120 879 2181 quascumque,
903 2112 934 2166 et
957 2107 994 2165 ad
1017 2107 1066 2182 pia

53 2191 108 2254 loca
118 2192 330 2270 pertinentium
344 2197 368 2264 (1
374 2197 413 2266 a).
429 2199 462 2252 ln
477 2192 522 2254 his
537 2192 659 2268 aliisque
673 2192 787 2252 delictis
799 2201 828 2252 et
839 2193 934 2267 lactis,
948 2195 986 2254 de
1000 2194 1065 2270 qui-

53 2279 99 2341 hus
112 2285 169 2343 lale
184 2281 303 2342 disserit
317 2281 419 2342 Garcia
434 2285 491 2356 (13)
506 2287 536 2340 et
549 2281 704 2356 dequibus
717 2279 746 2338 in
761 2280 843 2340 hisce
857 2280 969 2340 nostris
981 2281 1066 2342 insli-

54 2371 202 2431 tutionihus
216 2371 248 2430 in
261 2387 315 2430 sua
331 2371 401 2430 sede
413 2369 525 2429 mentio
539 2369 582 2442 ct,
597 2370 647 2428 lex
661 2369 726 2444 ipsa
739 2368 930 2428 henliciatum
944 2385 999 2428 suo
1013 2371 1067 2430 be-

54 2461 144 2519 neficio
159 2461 271 2535 privat;
288 2458 340 2518 sed
363 2459 401 2518 ad
417 2460 538 2534 plenum
551 2456 724 2532 privationis
738 2458 877 2516 effectum
891 2457 1067 2531 regulariter

55 2543 128 2608 debet
138 2548 248 2626 iudicis
262 2546 406 2607 sententia
419 2545 609 2619 intervenire,
628 2562 695 2620 quae
710 2546 840 2604 declaret
852 2544 964 2604 crimen
976 2545 1066 2608 luisse

54 2635 250 2698 abenclloiato
263 2641 423 2710 patratum,
439 2641 489 2693 aut
501 2634 611 2694 lactum
625 2634 716 2694 luisse
726 2631 928 2706 commissum,
943 2640 1066 2708 propter

55 2725 120 2794 quod
133 2723 329 2784 beneficiatus
340 2721 495 2782 habendus
511 2721 558 2794 sit,
577 2727 611 2780 ut
624 2720 742 2781 realiter
760 2719 905 2780 beneficio
920 2719 1064 2798 privatus,

55 2813 110 2884 quia
126 2813 252 2889 privatio
263 2810 339 2887 Juris
353 2811 419 2870 lieet
439 2808 648 2873 beneficiatum
664 2811 786 2886 repellat
806 2827 824 2868 a
841 2809 983 2885 dominio,
1003 2827 1064 2870 non

55 2897 140 2975 dejicit
152 2920 171 2962 a
184 2899 375 2976 possessione
389 2903 413 2972 (l
419 2901 448 2971 l)
463 2917 469 2957 ε
484 2898 549 2958 haec
568 2896 713 2958 sententia
725 2903 885 2975 propterea
900 2899 1061 2962 accurato«

54 2987 211 3052 rudicitur.

81 3138 110 3202 (1)
122 3139 187 3204 Cap.
200 3137 213 3188 1
227 3136 261 3188 de
274 3133 400 3187 homicid.
414 3135 441 3184 in
455 3135 478 3186 6.
493 3161 523 3172 -
532 3134 565 3198 (1)
576 3133 641 3199 Cap.
652 3135 675 3190 5,
689 3133 803 3198 dcpoen.
815 3133 918 3186 1116-
929 3136 965 3202 (3)
976 3137 1062 3193 crem„

55 3200 141 3274 Siquis
154 3209 188 3260 de
200 3221 277 3274 poen.
293 3235 320 3244 -
336 3208 372 3268 ll)
382 3205 446 3272 Gap.
461 3205 484 3268 9,
496 3205 529 3256 de
546 3205 640 3255 lraeret.
655 3207 682 3255 et
695 3218 754 3269 cap.
769 3205 805 3268 lo,
820 3205 879 3257 eod.
895 3207 923 3257 in
941 3209 963 3258 6.
980 3233 1010 3244 -
1024 3207 1061 3270 (5)

54 3275 106 3328 Bul.
119 3277 182 3332 Cum
195 3279 326 3346 primam,
342 3280 370 3328 ot
381 3277 438 3327 bul.
464 3273 645 3327 Intolerabile
658 3275 688 3327 8.
705 3274 749 3324 Pii
770 3275 803 3326 V.
820 3301 851 3312 -
865 3276 897 3340 (6)
912 3278 976 3343 Gap.
997 3276 1057 3328 ”lde

55 3348 235 3402 6111111113.-
252 3350 286 3413 (7)
306 3349 370 3412 Cap.
387 3347 416 3398 18
429 3346 463 3398 de
481 3347 566 3412 praeh.
581 3346 609 3396 in
627 3347 651 3396 6,
670 3372 702 3384 -
715 3347 750 3409 (8)
773 3344 832 3396 Bul.
847 3345 1057 3411 Reformundum

56 3415 190 3472 Innocentii
207 3421 283 3472 Vlll.
294 3447 324 3457 -
337 3419 373 3483 (9)
384 3419 470 3468 Gloss.
487 3418 514 3467 in
527 3417 543 3467 1,
560 3415 782 3469 Gonsenluncum.
798 3416 861 3467 Cod.
884 3415 1011 3480 quomod.
1033 3423 1061 3470 et

56 3491 145 3552 quaml¹
157 3491 215 3556 jud.
228 3496 278 3542 etc.
291 3519 318 3528 -
332 3490 383 3555 (l0)
394 3488 454 3540 Bul.
469 3487 617 3553 Effranatc
631 3489 698 3538 sixti
707 3487 739 3538 V.
756 3493 783 3538 et
794 3487 847 3537 hul.
860 3481 1060 3552 8868160116-

56 3558 103 3614 lt'cc
114 3561 231 3628 Gregorii
242 3561 315 3616 XIV.
332 3587 359 3598 -
376 3561 427 3626 (11)
441 3559 503 3611 Bnl.
517 3557 558 3612 Ec
567 3572 624 3627 quac
637 3559 680 3610 Pii
695 3559 741 3622 Ν,
756 3557 812 3608 hul.
828 3555 904 3609 Illius
919 3557 988 3610 vices
1000 3559 1060 3611 Cle-

165 3651 200 3704 u.
928 3645 957 3698 15
1046 3715 1055 3723 .
