2524 4080
515 201 672 258 425...
753 177 755 185 ’

84 314 245 467 ηἀῌίᾳιῖοᾱ
269 320 299 380 in
324 321 422 381 oensis
443 321 575 383 minimis
594 339 650 398 pro
675 322 775 384 libello
799 323 978 401 quandoque
1001 323 1096 401 judici

84 421 186 482 porngr
200 425 243 468 ur.

111 557 145 623 (l)
158 559 218 628 Cap.
233 562 288 616 iet
301 563 324 626 3,
339 563 372 616 de
395 563 469 617 libel.
495 565 576 618 oblat.
594 568 621 618 et
644 579 703 632 oap..
721 566 758 630 15,
776 565 809 618 de
828 565 913 632 judio.
930 593 958 606 -
973 565 1007 630 (2)
1029 565 1096 618 Plus

84 628 171 693 petitio
193 638 307 700 quatuor
328 635 415 686 modis
432 636 586 701 contingere
609 640 715 705 potest:
738 649 777 700 re,
791 651 853 689 oum
874 641 1003 702 petuntur
1016 635 1055 696 30,
1070 642 1097 688 et

83 705 179 752 tanturn
193 704 225 755 20
237 703 371 757 debentur
384 725 392 765 ς
408 710 535 774 tempore,
551 722 613 759 oum
632 709 732 774 petitur
755 712 816 760 ante
842 711 959 773 tempus,
974 708 1017 760 vel
1033 711 1096 760 ante

83 770 250 838 adimpletam
271 776 469 838 conditionem
495 777 558 838 loon
575 791 636 830 enm
652 779 753 844 petitur
776 783 851 830 extra
871 777 969 843 locum,
992 778 1021 830 in
1042 791 1096 844 quo

83 843 139 906 quis
154 845 251 908 debet3
267 850 463 900 strenuorum
477 851 578 916 petitur
588 864 633 902 res
652 854 735 914 oerta,
748 864 830 916 quam
845 863 908 917 rous
921 863 976 902 nou
989 854 1097 902 tenetur

82 914 200 968 reddere.
222 917 286 982 Cap.
302 919 375 972 unio.
400 920 433 972 de
454 920 516 986 plus
531 922 606 988 petit.
622 921 693 974 Olim
715 921 778 988 plus
796 922 892 986 petens
916 920 1096 973 diversimode

81 983 261 1052 plectebatur;
277 989 358 1042 hodie
379 992 441 1058 plus
454 996 548 1058 petens
564 997 684 1058 tempore
705 992 898 1044 condemnatur
910 991 939 1042 iu
953 1005 1094 1058 expensas,

82 1057 106 1106 ot
120 1071 179 1111 reus
192 1075 242 1127 pro
257 1075 289 1112 ea
302 1063 360 1115 viee
382 1064 540 1127 absolvitur,
554 1064 591 1115 ita
607 1068 638 1115 ut
650 1064 736 1130 possit
754 1063 936 1124 condemnari,
951 1065 1040 1114 actore
1054 1062 1094 1113 in·

81 1132 169 1193 sente,
184 1146 235 1198 pro
247 1133 338 1186 debito
353 1139 492 1200 temp0r03
509 1135 571 1200 plus
583 1137 678 1200 petens
693 1149 731 1193 re.
745 1135 812 1193 loeo.
828 1136 855 1185 et
868 1147 951 1185 eausa
960 1134 1042 1188 dehet
1053 1146 1096 1185 eo-

80 1206 188 1266 reptare,
212 1205 285 1269 quod
308 1203 348 1256 illi
370 1203 446 1259 offert
457 1219 541 1268 reus;
558 1204 669 1272 quodsi
691 1205 760 1258 nolit
771 1205 903 1270 aooipere,
920 1209 947 1257 et
958 1205 1043 1270 judex
1055 1203 1095 1256 nil

78 1270 148 1322 aliud
163 1273 298 1340 intelligat
309 1275 440 1342 debitum,
455 1277 599 1330 damnatur
617 1277 646 1328 iu
660 1289 801 1342 expensas.
829 1275 925 1328 Davoti
940 1276 956 1327 l.
971 1276 995 1336 3,
1009 1280 1027 1328 t.
1043 1277 1067 1340 5,
1080 1276 1094 1341 ξ

79 1343 101 1402 5,
114 1357 186 1412 seqq.

110 1543 169 1600 776.
189 1544 260 1600 Post
277 1537 358 1602 litem
377 1547 575 1603 oontestatanr
588 1541 704 1606 niellus
716 1541 826 1602 mutari
840 1540 966 1618 amplius
980 1541 1093 1618 nequit,

78 1625 129 1686 nisi
154 1627 297 1704 expensis
320 1630 458 1691 omnibus
483 1629 597 1705 solutis,
617 1630 686 1706 quia
705 1647 759 1706 per
775 1629 833 1691 litis
846 1629 1095 1691 contestationem

76 1713 149 1776 inter
170 1724 307 1778 actorem
326 1726 356 1779 et
370 1735 455 1780 reum
483 1718 603 1795 quidem
624 1721 659 1780 fit
678 1719 763 1796 quasi
783 1725 954 1780 oouuaotus
978 1719 1016 1780 de
1042 1721 1094 1780 lite

77 1819 163 1879 super
188 1807 347 1882 proposito
369 1807 468 1868 libello
495 1809 620 1884 agenda.
639 1808 853 1881 reemendari,
878 1815 930 1868 aut
949 1807 1094 1868 declarari

75 1907 165 1968 nsque
194 1895 234 1954 ad
258 1895 481 1957 conclusionem
506 1896 536 1955 in
563 1912 653 1956 eausa
679 1897 855 1972 regulariter
879 1901 997 1973 potest,
1025 1895 1094 1972 qnia

76 1983 241 2061 emerrdatio
261 1984 396 2060 ejusdem
417 1985 620 2046 substantialia
640 2002 701 2050 non
715 1985 839 2062 attingit.
854 1990 980 2046 Mutatur
994 1991 1094 2046 autom

75 2067 197 2145 libellus,
222 2090 293 2134 erun
309 2090 386 2133 nova
399 2075 576 2151 proponitur
592 2075 680 2148 actio,
693 2081 745 2134 aut
758 2091 837 2134 nova
849 2074 971 2151 petendi
981 2090 1091 2146 oausa3

74 2161 248 2222 emendetur
261 2179 345 2236 vero,
368 2179 437 2224 oum
456 2170 631 2224 resecantur
648 2165 808 2240 superflue,
826 2169 878 2223 aut
891 2161 980 2223 dubio
993 2163 1093 2223 deela-

73 2254 183 2326 rautur‚
199 2257 253 2310 aut
266 2251 367 2327 petitio
379 2251 592 2328 restringitur(
611 2256 632 2322 ).

100 2391 135 2456 (l)
150 2393 249 2446 Davoti
265 2394 287 2458 l,
303 2395 371 2460 nite
385 2395 409 2446 7.
424 2395 495 2448 Hine
505 2396 551 2462 qui
566 2396 669 2461 aliquid
684 2396 712 2446 in
724 2393 815 2446 libello
830 2394 899 2459 petit
911 2393 1016 2458 actone
1031 2405 1091 2461 per·

73 2464 174 2524 sonali;
189 2479 246 2517 non
268 2472 357 2532 potest
372 2468 400 2519 in
414 2468 531 2520 decursu
547 2467 644 2532 J'udioii
667 2465 735 2518 illud
757 2467 810 2516 sibi
828 2465 965 2517 vindicare
988 2467 1093 2516 actione

72 2535 145 2592 reali.
161 2540 189 2586 et
204 2537 253 2602 qni
267 2539 336 2602 petit
353 2538 465 2590 fundum
480 2541 544 2604 jure
561 2539 679 2604 proprio,
695 2551 750 2588 non
775 2540 864 2602 potest
887 2535 955 2587 illud
971 2535 1093 2588 obtinere

69 2603 128 2666 jnre
142 2604 336 2671 haereditatum
351 2611 378 2660 et
397 2609 517 2662 vicissim
540 2610 587 2675 qui
607 2609 683 2676 petit,
706 2612 737 2659 ut
750 2608 803 2660 sihi
821 2606 961 2660 solvantur
974 2609 1090 2670 eentum,

71 2682 156 2740 potest
170 2678 207 2730 ad
222 2679 418 2746 qninquaginta
428 2681 586 2746 petitionem
598 2681 772 2746 restringere.

104 2875 166 2932 ΤΠ.
180 2873 430 2950 Acceptolibello,
445 2873 551 2935 sinihil
562 2873 650 2949 obsit,
662 2875 755 2950 judex
767 2871 902 2934 decernit
910 2871 1091 2946 citationem,

71 2974 134 3032 quae
148 2963 300 3037 delinitur,
314 2972 398 3024 ortus
416 2965 576 3040 lepitimus,
589 2981 646 3040 quo
659 2964 724 3040 quit
743 2963 885 3023 mndata
891 2962 1003 3038 joann
1011 2962 1094 3038 juris

70 3052 238 3126 experiendi
252 3069 342 3114 conto
359 3053 549 3130 inJ'udirt'tom
565 3059 696 3112 voantur.
712 3057 871 3128 Propterea
885 3051 987 3111 citatio
999 3068 1092 3126 quan-

71 3137 167 3216 doque
180 3141 272 3201 etiam
282 3143 316 3201 io
324 3143 377 3218 jus
392 3143 502 3202 oooott'o
517 3142 637 3214 dicitur3
653 3141 706 3200 aad
721 3141 823 3200 stricte
836 3140 986 3216 loquendo
1001 3141 1094 3198 altera

70 3227 105 3286 nb
118 3231 215 3290 altera
230 3231 328 3292 differt
343 3250 350 3290 ε
365 3248 435 3292 nam
443 3230 543 3292 oitatn
557 3247 620 3303 reo,
636 3229 759 3304 alisque
770 3229 908 3305 personis
920 3229 950 3287 in
963 3227 1094 3303 qualibet

67 3318 169 3391 judicii
181 3327 269 3397 perte
287 3321 396 3396 judicis
411 3327 526 3380 tantum
541 3318 716 3379 anctoritate
729 3318 794 3378 lieri
807 3324 922 3394 potest3
935 3317 964 3375 in
976 3317 1026 3394 jus
1039 3331 1093 3374 au-

68 3413 129 3469 tem
150 3411 271 3470 vocato
291 3409 380 3470 habet
408 3411 510 3470 locum
527 3408 557 3468 in
575 3408 639 3467 solo
659 3406 762 3483 judieii
787 3407 922 3480 exordio,
949 3411 979 3464 et
1000 3402 1094 3462 veteri

67 3499 271 3560 Romanorum
297 3499 365 3575 jure
388 3493 504 3576 private
531 3495 706 3558 auctoritate
733 3495 834 3556 fiebat.
861 3495 905 3554 ld
928 3491 1093 3569 legitimum

68 3585 268 3650 effitiendtnn.
279 3585 424 3665 judicium
448 3604 487 3649 ex
505 3588 581 3666 juris
610 3585 754 3647 notantis
768 3583 946 3662 proscripto
971 3581 1092 3643 omnino

949 3682 989 3734 tt.
