2410 4068
112 557 168 610 κῆ(
271 579 307 608 ns
325 551 373 604 (ιμ’
396 541 418 578 ,¹⁴
495 545 524 600 Ζ.

147 608 161 631 Ἴ
234 619 255 647 ’,4
274 612 318 636 λυ
511 615 515 624 t

573 654 693 738 ULUS
719 655 803 734 XXI

150 711 155 719 '
390 711 456 760 ,Ἅι-44
808 714 817 734 Ι

235 763 239 772 t
280 775 298 816 (ἒ
350 755 409 805 Ιμλ..

363 839 381 864 ἦ
408 884 617 931 seoncurtem
634 883 901 930 JDRISPHBONHUS.

139 1055 307 1108 sonnerunt.
321 1055 376 1107 544.
390 1055 740 1121 Jusprtronatesdettuitura-
754 1056 807 1107 545
824 1053 1190 1113 Diridtturineectesiastiorn,t

172 1127 250 1178 utute
257 1130 280 1178 44
289 1127 390 1178 44444444.
397 1128 487 1178 -545,
496 1127 552 1186 Due
569 1127 616 1178 44444
629 1127 760 1178 differentis
772 1125 831 1178 inter
842 1125 1027 1186 ecclesiasticum,
1041 1130 1063 1176 et
1072 1124 1190 1176 laicale?

171 1199 265 1249 -544,
280 1199 338 1256 44444
352 1197 532 1250 observandum
526 1210 550 1248 44
558 1197 689 1249 mixto?
704 1198 757 1248 548.
771 1197 827 1257 4444
845 1195 890 1246 4444
902 1197 952 1248 alie
965 1197 1015 1261 4444
1029 1194 1190 1278 4444454444

171 1297 202 1306 -
216 1271 270 1322 549.
282 1269 326 1328 Qut
340 1270 386 1320 44444
401 1269 465 1319 modi
481 1267 585 1333 primitivi
598 1267 652 1320 44144
664 1268 851 1334 4444544444-
821 1268 915 1318 -550,
928 1267 973 1326 Qui
982 1267 1154 1318 4444444444-

172 1341 227 1391 554.
240 1341 299 1400 44444
313 1339 676 1403 454444444444444444444444444
689 1353 730 1404 per
741 1339 995 1404 prescriptionem?
966 1339 1064 1389 -.554
1077 1337 1154 1396 444444
1149 1337 1153 1346 ’

171 1425 213 1476 pro
229 1418 293 1476 parte
306 1425 333 1462 44
347 1413 421 1475 gratie
434 1414 457 1462 et
472 1414 513 1475 pro
528 1409 904 1479 perteexjustitiaprocedett‘i-
918 1411 972 1460 553.
991 1408 1034 1470 Qut
1047 1410 1090 1460 sint
1106 1408 1154 1460 nodi

171 1481 288 1534 4444444444
300 1482 354 1532 4444
366 1481 556 1546 44444444444-
575 1481 630 1532 554.
653 1481 744 1544 Reputo
763 1473 937 1532 4544444444·
931 1495 956 1532 44
969 1479 1151 1532 5444445444.-

171 1553 227 1604 555.
248 1553 274 1604 444
296 1552 410 1613 familiari,
429 1555 452 1603 et
469 1552 640 1616 gentilitio.—
609 1552 712 1603 -555,
731 1553 787 1612 (444
805 1551 873 1603 sint
864 1565 917 1616 4444
940 1551 1096 1633 44444444-
1068 1551 1150 1600 -54

172 1623 244 1682 Quem
257 1621 338 1673 debeat
360 1621 566 1686 4444444444-
534 1623 637 1673 -558,
659 1621 768 1686 tugiunt
786 1626 910 1686 presentet
929 1622 967 1686 4444
987 1621 1151 1686 4444444444

172 1707 273 1758 possess!
267 1693 318 1744 ’4444
331 1693 534 1758 praesentandi-
505 1693 607 1744 -559,
616 1692 677 1752 44444
693 1691 861 1744 observandum
879 1693 898 1743 st
913 1693 991 1757 plures
1005 1693 1050 1768 4444
1062 1689 1151 1757 petrori?

171 1789 203 1802 -
222 1764 277 1816 5544.
299 1764 357 1824 Qut
376 1765 398 1814 44
415 1767 566 1829 presentatus
578 1764 760 1816 4444444444
774 1765 829 1814 554.
844 1763 900 1822 Quo
917 1764 963 1814 sint
976 1754 1048 1815 444444
1064 1757 1150 1829 pauent

173 1863 204 1872 -
218 1835 273 1887 554.
288 1835 349 1896 44444
361 1836 436 1889 uotis
446 1837 625 1916 444445444444
641 1835 853 1900 444444444444-
823 1836 929 1888 -55.3
952 1833 1049 1896 Quando
1068 1832 1150 1900 Paprir

172 1910 221 1959 4444
235 1905 257 1959 44
270 1905 427 1974 44444444-
397 1907 495 1958 -.554
510 1905 625 1965 Quando
619 1905 738 1972 reputet

177 2071 240 2128 544.
257 2064 389 2125 Ecclesia
402 2065 439 2126 de
456 2064 645 2140 templorum,
661 2064 808 2136 altarium,
823 2071 853 2125 et
875 2065 1088 2126 beneficiorum
1106 2065 1148 2123 444

106 2189 109 2198 ,
141 2153 294 2214 datoribus
315 2153 513 2227 benemereti,
529 2153 570 2213 uti
595 2153 733 2229 decebat,
757 2170 877 2230 semper
900 2153 1067 2228 consuevit,
1090 2167 1146 2228 quos

141 2243 271 2320 primurn
282 2243 312 2302 in
328 2243 420 2302 sacris
434 2242 563 2320 dypticis
578 2243 746 2318 descriptos
762 2242 864 2314 voluit,
880 2243 1008 2303 444444·
998 2261 1064 2319 4444
1077 2244 1103 2302 44
1115 2242 1147 2298 54

144 2331 258 2394 4444444444
271 2332 447 2408 designandi
460 2332 653 2408 presbyteros
668 2331 799 2404 donavit,
821 2349 857 2391 ee
872 2333 1003 2406 tandem,
1021 2332 1102 2391 novis
1111 2327 1146 2387 ad·

139 2421 251 2498 junctis
268 2421 396 2498 juribus,
412 2421 587 2481 eorumdem
600 2426 745 2496 patronos
761 2421 923 2494 constituit,
943 2420 1008 2480 sire
1019 2423 1146 2498 juspatro·

141 2516 230 2570 natus
244 2511 402 2572 concessit.
425 2515 652 2586 Juspetronetus
678 2509 795 2570 definiri
817 2516 924 2586 potest,
949 2511 1106 2586 4544444444
1107 2522 1145 2566 re·

141 2600 280 2659 4444444444
301 2599 441 2659 clericum
461 2599 600 2658 idoneum
621 2599 660 2658 ed
683 2598 854 2674 5444444444
875 2599 1097 2659 ecclesiasticum
1109 2611 1144 2655 44·

143 2705 213 2747 cans
228 2705 296 2748 cem
310 2687 507 2764 etiisjuribus
522 2695 549 2748 et
564 2687 700 2746 oneribus
715 2687 880 2763 conjuncto.
908 2687 983 2748 Dicit
971 2695 1020 2748 tur
1041 2685 1143 2764 scenitas

141 2776 350 2850 praesentandi,
367 2792 427 2834 non
442 2793 498 2835 con
500 2776 625 2848 ferendi,
651 2775 721 2852 quia
743 2775 920 2852 Episcopus
941 2795 1001 2836 non
1025 2785 1142 2853 patronus

142 2863 320 2924 beneficium
334 2865 472 2922 confert:
490 2862 560 2924 binc
573 2865 764 2966 preesentatio
780 2881 850 2925 vere
866 2883 925 2924 non
941 2852 1044 2926 tribuit
1032 2869 1103 2941 tjus
1116 2857 1141 2918 ad

142 2949 330 3021 beneficium,
346 2951 400 3008 sed
414 2951 473 3009 ed
466 2953 691 3026 rnstitutionem‚
707 2953 875 3012 4444444444
895 2962 1131 3028 praesentatuso
1096 2949 1141 3009 ido·

143 3055 218 3097 neus
239 3047 447 3113 cognoscetur.
476 3039 587 3101 Dicitur
605 3043 644 3100 44
666 3041 837 3116 beneficium
851 3059 980 3116 uacans3
1001 3060 1068 3102 nem
1086 3053 1139 3116 pr=ae

142 3127 269 3187 ecntetio
284 3127 321 3186 ed
339 3127 516 3188 beneficium
531 3131 653 3205 plenum
666 3138 711 3190 est
727 3131 816 3204 nulia,
834 3149 900 3207 quae
916 3131 994 3190 vires
1012 3149 1069 3190 non
1081 3140 1139 3187 asse·

144 3215 254 3292 quitur,
270 3217 339 3276 licet
353 3217 461 3301 deinde
474 3219 653 3278 beneficium
667 3227 769 3280 vacet:
786 3221 866 3280 unde
881 3222 939 3279 hoc
954 3237 1026 3280 casu
1039 3230 1137 3296 preses·

145 3311 256 3364 tentem
271 3305 509 3383 presentationis
523 3307 608 3366 44444
628 3313 728 3383 potest
749 3307 905 3382 poenitere,
919 3309 1003 3368 vel
981 3327 1006 3368 sr
1020 3310 1048 3368 in
1063 3305 1137 3366 444444

144 3393 462 3469 44444444444444444444,
475 3394 597 3467 iterum,
610 3397 824 3457 fectovacente
837 3399 997 3498 beneflcio
1010 3397 1135 3494 4444444444

144 3485 212 3552 reti
219 3487 240 3552 )
256 3482 365 3543 Dicitur
380 3481 510 3558 denique
525 3501 594 3544 cum
607 3485 816 3561 attestentur,
828 3493 899 3562 444,
915 3486 984 3564 quie
1002 3481 1135 3566 praetch'us
