2410 4068
479 163 639 222 —219-

58 299 113 346 nem
135 291 199 344 sunt
211 284 441 361 incompatibilia
459 285 507 345 illa
521 283 676 358 beneficia,
697 301 827 360 quorum
841 299 934 345 unum
957 285 1064 346 suiflcit

58 375 239 434 odhonestam
252 373 354 434 clerici
367 374 613 434 sustentationem
631 393 638 434 ε
656 374 796 450 equidem
813 390 873 434 non
890 374 999 433 dantur
1011 374 1065 433 bc-

58 463 143 524 ncficia
155 465 190 524 ad
203 464 362 524 levandam
379 463 581 536 ambitionem,
597 463 660 524 sive
674 462 838 536 avaritiam,
854 463 908 524 sed
921 462 960 522 ad
973 462 1065 524 vitam

58 552 106 612 nuc
121 552 322 628 temporalium
348 569 421 630 cura
438 553 655 612 traducendam
673 557 723 626 (5).
748 552 823 614 llinc
836 553 957 629 quando
969 569 1064 612 unum

59 643 87 700 ad
97 642 174 701 utam
188 657 248 700 non
267 641 377 700 suflicit
391 647 491 716 potest
508 641 683 717 Episcopus,
706 641 872 700 secundmu
891 641 987 702 eidem
1003 640 1063 700 cle-

58 730 106 790 n'co
118 731 258 802 conferre3
274 731 329 790 scd
344 729 463 790 tertium
477 745 651 806 numquam,
671 729 785 789 etiamsi
798 729 858 790 duo
874 729 937 806 jam
956 729 1063 790 collata

59 819 200 879 necessarie
213 835 271 894 pro
293 819 419 878 honesta
441 819 656 880 sustentatione
674 835 736 878 non
749 819 923 894 praebeant:
939 834 1009 878 nam
1022 819 1064 878 si-

58 907 118 966 milis
128 907 239 967 dolatio
257 907 400 968 unionem
414 908 453 966 ad
468 906 559 968 vitam
573 908 717 980 continet,
742 925 819 983 qnae,
834 913 868 966 ut
881 923 972 982 supra
984 903 1063 965 dixi-

58 996 266 1072 uus,episccpo
278 996 478 1069 interdicitur3
502 1003 532 1056 et
546 997 666 1058 aliunde
680 996 818 1072 specialis
836 1001 970 1072 potestas
993 993 1061 1070 Epi·

57 1101 129 1160 scopo
151 1103 167 1144 a
188 1084 359 1146 Tridentino
373 1101 518 1146 concessa
533 1085 614 1148 ultra
627 1085 794 1146 secundum
806 1082 987 1144 beneficium
999 1097 1061 1142 nou

56 1173 225 1248 extenditur(
246 1180 268 1248 ).
549 1170 552 1176 ’

76 1340 104 1404 (l)
116 1339 182 1390 Hinc
189 1353 245 1392 non
259 1349 323 1390 sunt
333 1339 546 1404 incompatibilia
556 1353 589 1392 ax
601 1339 654 1391 boc
667 1339 757 1405 capite
771 1337 824 1390 duo
838 1337 980 1398 beneficia,
990 1347 1061 1403 quo-

54 1422 99 1460 runa
109 1425 187 1462 uuum
201 1411 284 1462 habat
299 1410 482 1469 residentiam,
493 1424 548 1476 qua
560 1412 680 1466 altarum
692 1413 773 1461 caret
797 1408 907 1472 Riganti
917 1407 953 1480 ad
968 1421 1023 1472 req.
1034 1407 1058 1470 l,

53 1479 88 1542 lt,
99 1495 122 1532 n,
135 1483 156 1532 9.
173 1509 201 1520 -
214 1483 246 1545 (it
264 1481 338 1532 Trid.
354 1481 426 1532 sess.
441 1481 480 1544 il,
491 1496 514 1532 c.
533 1481 569 1540 l'l,
580 1482 614 1534 de
624 1481 674 1532 rel.
686 1507 718 1518 -
731 1481 766 1546 (3)
778 1481 855 1532 Ratio
871 1483 921 1538 ost,
932 1479 996 1544 quia
1008 1479 1060 1530 Ec·

53 1549 119 1602 claein
130 1553 251 1618 privatur
265 1565 346 1616 opera
359 1553 441 1602 unius
455 1552 582 1615 ministri,
593 1559 619 1603 et
631 1553 696 1618 quio
707 1551 899 1604 beneficiorum
916 1549 1059 1614 pluralitas

53 1621 165 1674 incedam
175 1623 298 1675 Ecclesia
311 1621 440 1673 invidiam
455 1627 568 1687 generat
582 1624 652 1674 inter
664 1624 763 1675 tratres
775 1650 806 1660 -
819 1621 856 1686 (t)
872 1620 1057 1678 Reiffenstuel‚

52 1692 156 1758 leprab.
170 1709 198 1746 n.
211 1695 267 1746 2³5.
279 1694 463 1745 Nihilominus
471 1694 532 1744 duae
545 1693 700 1760 hujusmodi
714 1694 872 1759 capellaniae
881 1692 997 1743 obtineri
1007 1705 1056 1743 ne-

54 1771 137 1828 queunt
156 1765 216 1818 sine
243 1766 372 1830 Episcopi
401 1765 621 1830 dispensatione,
640 1765 705 1830 quia
731 1767 909 1828 incongruum
931 1762 1057 1824 videtur,

52 1839 186 1904 qnempiam
203 1837 310 1888 duobus
336 1838 390 1888 frui
413 1835 553 1890 beneficiis
575 1838 603 1888 in
621 1837 716 1888 cadem
730 1835 859 1887 Ecclesia.
884 1835 949 1884 llaec
967 1839 1058 1884 eutem

50 1907 157 1974 Episcopi
178 1909 346 1974 dispensatio
368 1908 448 1959 debet
462 1921 522 1958 esse
543 1921 682 1972 expressa,
697 1921 761 1957 nam
775 1907 856 1956 tacita
870 1918 925 1954 non
943 1903 1057 1964 sufficit;

50 1977 115 2030 debet
127 1978 235 2031 concedi
250 1993 283 2030 cx
305 1979 379 2044 justa
401 1993 483 2030 causa
503 1979 684 2040 necessitatis,
698 1978 742 2030 rel
765 1977 898 2029 evidentis
921 1974 1056 2036 utilitatis,

49 2049 81 2098 vel
91 2051 398 2116 maximaeprercgativae
411 2050 589 2110 meritonam
608 2049 691 2101 debet
712 2050 824 2113 insuper
839 2047 956 2112 primum
973 2044 1055 2096 bene·

49 2118 119 2172 laium
133 2137 194 2174 csse
207 2121 373 2172 insufficiens
386 2120 421 2172 ad
431 2121 572 2175 honestam
584 2121 677 2172 dorici
695 2119 936 2174 sustentationem.-
953 2129 1017 2168 nam
1032 2115 1056 2168 si

49 2193 247 2244 assetsufficians
261 2206 316 2244 uon
334 2197 425 2258 posset
445 2191 563 2256 amplius
581 2191 697 2243 conferri
716 2189 865 2242 secundum
885 2188 1054 2240 beneficium.

49 2261 145 2327 liganti,
160 2263 211 2316 loc.
228 2263 274 2314 cit.
288 2278 314 2314 11.
336 2265 385 2314 106.
401 2289 432 2299 —
446 2263 481 2326 (5)
495 2263 554 2312 Non
568 2263 652 2314 estin
665 2264 728 2327 jure
742 2260 938 2312 determinatus
952 2259 1055 2310 reditus

49 2333 74 2382 ad
85 2333 218 2387 honestam
245 2333 335 2385 clerici
353 2333 575 2384 sustentationem
597 2333 780 2392 necessarins3
799 2331 913 2394 ideoque
930 2328 1056 2380 determi-

48 2405 134 2457 nandus
143 2411 185 2459 ast
200 2407 235 2457 ab
252 2419 340 2470 aequo,
354 2407 381 2455 et
391 2403 518 2468 prudenti
532 2403 659 2470 Episcopi
676 2402 789 2454 arbitrio
803 2403 883 2466 juxta
895 2413 998 2450 morem
1011 2411 1055 2449 re·

48 2475 125 2538 gioria,
139 2477 298 2542 qualitatem
309 2476 439 2536 locorum,
460 2479 488 2524 et
499 2479 659 2540 temporum,
673 2487 704 2524 ac
726 2472 907 2524 conditionem
926 2480 1056 2533 persona-

48 2558 101 2598 rum.
115 2549 190 2600 'laxa
208 2562 225 2598 a
242 2547 352 2612 synodo,
366 2547 410 2598 vel
426 2545 649 2598 aconsuetudine
661 2557 709 2609 pro
719 2541 881 2608 patrimonio
895 2539 1055 2590 clericorum

50 2622 175 2672 constituta
192 2619 220 2670 in
232 2619 283 2670 bac
298 2631 395 2668 renen
413 2615 529 2667 habetur
542 2629 591 2680 pro
603 2615 704 2680 regula.
723 2614 790 2666 Cum
808 2617 899 2662 tamen
912 2609 1054 2674 quaeritur,

47 2701 72 2738 tn
89 2691 246 2743 beneficium
264 2687 487 2742 sustentationem
500 2685 641 2736 honestam
660 2685 770 2742 tribnat,
792 2682 826 2733 ab
841 2695 872 2732 eo
896 2677 1055 2730 deducenda

47 2765 95 2810 aunt
107 2775 189 2814 onera
201 2761 357 2818 missarum,
369 2757 581 2810 manutentionis
594 2756 699 2818 altaris,
714 2751 920 2820 procurationis,
930 2755 1000 2800 taxae
1010 2762 1053 2802 se·

47 2829 144 2896 uinarii,
161 2832 320 2898 synodatici,
334 2834 360 2881 et
373 2827 427 2880 alia
440 2827 605 2893 hujusmodi,
618 2841 669 2878 nec
684 2839 718 2878 ax
732 2825 831 2877 veriori
847 2823 982 2876 sententia
994 2833 1056 2886 pos-

47 2904 126 2954 suntin
136 2901 271 2955 calculum
283 2901 382 2953 adduci
396 2900 498 2952 reditus
512 2898 716 2966 patrimoniales
733 2895 893 2948 beneficiati.
909 2893 948 2944 Id.
972 2893 1010 2946 ib.
1025 2907 1052 2944 n.

46 2967 73 3021 9¹.
84 3001 112 3010 -
125 2975 159 3040 (6)
171 2973 247 3025 Trid.
261 2987 329 3024 sess.
344 2973 385 3030 tt,
396 2985 419 3022 c.
436 2971 474 3034 ll,
491 2969 525 3021 de
539 2969 587 3020 rel.
606 2967 715 3034 ltiganti
729 2969 767 3018 lb.
786 2969 798 3030 fl
815 2967 839 3031 8,
852 2981 879 3018 n.
891 2966 922 3018 69
936 2970 964 3017 et
977 2977 1053 3029 seqq.

45 3039 90 3094 Non
105 3046 203 3096 dosunt
217 3050 307 3094 tamen
319 3042 366 3108 qui
376 3044 526 3103 autumant,
541 3052 621 3106 posse
635 3039 796 3102 Episcopum
810 3039 838 3089 iu
852 3037 903 3090 hcc
915 3051 980 3088 casu
999 3042 1053 3086 tor·

45 3112 105 3179 lium,
119 3121 146 3166 et
159 3118 287 3182 quartum
302 3115 350 3166 uni
364 3112 526 3164 beneficium
542 3111 674 3174 conterre,
689 3111 753 3175 quia
766 3110 813 3174 qui
829 3112 914 3162 servit
928 3105 1054 3160 alturido

45 3183 214 3238 tlttreriverc
230 3186 319 3236 dehet.
331 3184 384 3236 Sed
396 3183 492 3233 horum
513 3182 648 3234 sententia
661 3186 703 3232 est
716 3181 870 3246 rejicienda,
885 3181 950 3245 quia
963 3178 1053 3230 obstat

45 3253 168 3320 dispositio
181 3255 340 3320 GregoriiX
350 3256 377 3304 in
392 3267 449 3316 cap.
460 3253 486 3316 3,
501 3253 571 3317 etin.
582 3253 616 3304 de
628 3251 695 3304 offic.
710 3253 739 3302 iu
755 3251 813 3302 ord.
826 3253 854 3302 in
864 3253 888 3315 6,
899 3256 926 3303 et
939 3248 1052 3300 Triden-

45 3325 82 3376 tini
92 3331 140 3380 loc.
157 3329 203 3380 cit.
219 3339 281 3393 quaa
293 3323 743 3378 confirmanturadecisionibuss.
759 3319 979 3388 congregationis
987 3318 1054 3368 Gon·

46 3395 87 3446 citii
95 3399 256 3462 tridentini,
269 3397 310 3448 uti
319 3397 497 3447 communiter
503 3397 633 3448 Doctores
644 3395 764 3446 tradunt.
779 3395 858 3446 Solus
869 3391 967 3442 idcirco
977 3387 1053 3450 Papa

47 3476 113 3533 uper
128 3471 182 3521 bac
194 3467 446 3534 incompatibilltata
460 3467 553 3529 trium,
563 3475 610 3516 aut
623 3467 743 3530 plurium
757 3463 948 3516 beneficiorum
965 3460 1053 3522 potest

46 3533 187 3605 &pensare
199 3541 229 3592 in
243 3551 326 3594 sensu
344 3553 406 3606 cap.
421 3539 459 3601 lt,
477 3551 500 3592 c.
516 3540 539 3602 t,
553 3551 580 3604 q.
595 3537 619 3588 l.
634 3536 744 3603 Riganti
754 3536 805 3588 loc.
815 3535 860 3587 cit.
875 3546 902 3584 n.
918 3531 949 3582 tt
961 3533 990 3582 et
1002 3529 1050 3593 to,
