2560 4080
565 213 601 248 ·-,
618 186 668 244 tlt
690 213 723 225 -

119 303 363 366 inhibiturialibns
385 305 560 380 commissa3
585 305 762 368 sententiam
781 321 854 366 vero
878 306 1080 368 definitionem
1096 323 1146 368 re·

118 397 246 454 tractare
258 409 421 470 numquam
434 400 532 471 potest
546 398 585 466 (i)

150 539 184 606 (l)
198 539 267 592 Aliae
279 541 426 594 divisiones
444 543 545 606 passim
557 555 573 593 e
585 543 748 594 Ductoribus
762 543 892 595 citantur:
907 543 947 595 uti
961 545 1001 596 est
1013 543 1146 595 sententie

18 633 20 638 ·
119 611 216 674 mictu,
233 625 293 678 quae
305 612 410 664 scilicet
424 614 571 679 participet
580 613 613 665 de
626 615 771 678 definitive,
784 619 810 665 et
820 613 1039 677 interlocutoria3
1051 617 1091 666 uti
1104 617 1146 666 est

119 685 254 736 sententie
272 684 541 750 praeciosarumque
557 688 685 750 praesenti
708 686 862 738 necessitati
877 687 1040 747 consulitur,
1056 690 1082 738 et
1105 687 1146 737 uti

121 758 161 806 cst
177 757 309 806 sententia
324 755 515 815 declamatoria,
531 770 591 822 quea
616 757 737 808 decernit
751 758 868 822 aliquem
890 758 918 808 in
931 771 1069 824 poenema
1086 759 1147 828 jure

69 840 73 858 ·
120 829 250 878 statutam
264 827 401 878 incidisse.
417 827 546 891 Exempla
559 828 650 878 mixtae
665 828 804 879 sententiae
819 828 990 892 haberemus,
1002 829 1026 880 si
1041 831 1147 880 senten-

122 897 161 948 tia
174 898 328 950 absolveret
337 907 429 966 parles
443 899 477 949 ab
492 899 680 950 observatione
690 898 796 962 judicii,
806 899 849 950 vel
859 900 881 951 si
897 897 1005 950 efferret
1017 899 1146 950 damnum

122 969 150 1018 in
164 968 303 1019 definitiva
318 969 505 1034 irreparabile.
519 969 650 1034 Exempla
661 969 849 1035 provisionelis
861 970 958 1030 forent,
973 971 996 1020 sl
1007 969 1093 1036 judex
1102 972 1147 1036 ju·

118 1039 196 1090 beret
210 1039 320 1104 aliquod
334 1039 464 1092 custodiri
478 1041 697 1105 instrumentum,
712 1041 755 1093 vel
770 1041 899 1093 beneficii
911 1041 1022 1106 litigiosi
1042 1041 1146 1094 fructus

118 1123 201 1174 penes
218 1111 337 1176 aliquem
351 1111 457 1178 deponi.
479 1111 641 1177 Exemplum
663 1111 780 1178 denique
799 1113 941 1164 sententiae
960 1112 1146 1164 declarator-isc

118 1181 227 1233 exhibet
241 1183 388 1248 publicatio
414 1196 620 1234 censuraruma
638 1183 731 1248 J'udice
754 1186 848 1235 contre
870 1183 1044 1236 criminosum
1065 1183 1144 1235 iacta.

119 1251 179 1312 Sed,
194 1253 265 1304 sicut
284 1253 432 1305 attendenti
442 1255 528 1320 patet,
544 1253 587 1304 hae
601 1253 748 1306 divisiones
758 1255 792 1307 ad
807 1268 891 1319 supra
901 1255 1009 1306 citatem
1023 1254 1145 1319 proxime

118 1325 209 1376 reterri
224 1328 348 1391 possunt.
363 1353 394 1363 -
407 1325 442 1390 (2)
457 1325 521 1390 Cap.
538 1325 579 1388 60,
594 1325 627 1377 dc
642 1327 733 1391 appel.
748 1333 775 1378 et
787 1340 845 1391 cap.
862 1325 901 1386 10,
912 1325 971 1378 eod.
983 1326 1011 1376 in
1026 1325 1048 1376 6.
1067 1325 1143 1377 Prae·

117 1395 239 1446 terihenc
262 1396 430 1462 praecipuam
452 1395 630 1448 differentiam
645 1397 707 1448 eliae
726 1400 789 1449 sunt
809 1397 897 1449 adhuc
920 1397 1065 1448 notendae:
1082 1411 1146 1448 nam

118 1466 278 1532 regulariter
292 1481 308 1520 a
322 1467 459 1520 definitive
473 1467 553 1522 detur
565 1468 720 1533 appellatio,
732 1483 793 1535 quaa
808 1469 948 1522 sententiae
960 1470 1145 1521 executionem

119 1538 268 1604 suspendit,
283 1538 348 1590 dum
362 1539 397 1590 ab
411 1538 614 1590 interlocutoria
628 1539 745 1605 simplici
760 1541 906 1608 appellatio
921 1554 974 1592 non
994 1540 1089 1602 datum
1101 1540 1144 1591 in-

119 1622 200 1674 super
212 1609 354 1662 definitiva
368 1609 530 1677 proferende
543 1611 592 1669 est,
608 1615 686 1675 parte
699 1612 776 1676 prius
790 1612 880 1676 citata,
891 1611 955 1664 dum
969 1612 1144 1663 interlocuto·

118 1679 159 1731 ria
168 1681 273 1748 absque
290 1681 415 1734 citatione
429 1681 626 1747 prolatevalet.
644 1681 816 1750 Pellcgrlnus
828 1685 897 1748 part.
914 1683 938 1742 2,
954 1685 1019 1736 sect.
1038 1683 1062 1744 3,
1079 1683 1145 1736 sub·

119 1755 188 1805 sect.
199 1756 221 1813 1,
234 1766 261 1804 n.
280 1753 316 1804 15.

151 1943 213 2000 850.
234 1944 267 2000 ln
280 1939 338 2000 hac
350 1939 496 1999 sententia
509 1939 622 2016 duplex
637 1939 825 2000 observanda
839 1945 886 2026 est
899 1941 1005 2015 forma,
1025 1941 1145 2001 interna

118 2028 257 2090 nimirum
283 2035 458 2090 eteatcrne.
474 2033 593 2089 interne
611 2029 642 2088 in
664 2047 701 2090 eo
715 2029 860 2112 consistit,
882 2030 964 2106 quod
984 2035 1030 2090 est
1044 2030 1144 2106 profe·

116 2117 209 2178 rende
233 2117 400 2179 secundum
419 2119 511 2194 leges,
527 2124 557 2178 et
571 2119 737 2178 secundum
752 2124 819 2178 acta
833 2123 863 2178 et
876 2117 1010 2194 proheta.
1032 2123 1144 2178 Secun-

117 2204 187 2266 dum
200 2207 284 2282 leges
298 2206 477 2284 proferenda
499 2213 555 2282 est,
570 2214 601 2267 et
614 2223 764 2268 centonum
790 2206 1048 2283 legitimarumque
1071 2224 1145 2267 con-

63 2363 65 2366 ·
117 2297 309 2358 suetudinum
323 2302 431 2358 statuta
447 2316 454 2356 :
472 2314 542 2356 nam
555 2303 707 2372 nequeunt
718 2297 836 2374 judicas
849 2296 996 2371 arbitrari,
1014 2303 1065 2356 aut
1078 2297 1145 2372 phi-

116 2384 288 2463 losopham
305 2385 359 2446 sed
378 2385 488 2446 debent
502 2386 539 2445 ad
552 2385 696 2446 amussim
709 2388 791 2462 leges
805 2389 924 2462 exequi,
940 2393 970 2446 et
982 2386 1142 2448 custodire.

117 2473 191 2534 ilinc
205 2475 268 2534 duo
281 2481 404 2534 manant
418 2475 623 2535 consectaria:
640 2481 679 2534 lm
695 2473 841 2534 sententia
855 2481 961 2534 contra
975 2476 1057 2550 leges
1072 2492 1145 2551 pro-

116 2563 176 2623 lata
189 2564 232 2624 ita
246 2569 291 2624 est
305 2581 345 2624 ex
356 2565 423 2640 jure
436 2563 573 2637 invalide,
590 2570 624 2623 ut
636 2564 675 2623 ed
685 2565 749 2638 eius
769 2562 991 2638 impediendum
1004 2564 1144 2624 effectum

117 2654 198 2714 nulla
205 2652 337 2729 indigeat
347 2653 563 2730 appellatione(
583 2658 608 2726 );
625 2657 664 2710 tm
675 2653 779 2730 judex,
795 2651 846 2728 qui
865 2659 969 2712 contra
982 2655 1063 2729 leges
1075 2668 1144 2713 sen-

117 2741 241 2802 tentiam
255 2741 384 2802 scienter
398 2740 513 2814 emittit,
523 2740 605 2801 litem
614 2741 684 2802 lecit
693 2747 829 2814 suam,ut
838 2740 968 2816 loquitur
981 2741 1144 2818 imperator

117 2831 306 2905 lastinianus,
322 2831 361 2891 ad
375 2830 475 2890 damni
489 2830 711 2907 reparationem
725 2836 852 2906 tenetur,
868 2837 899 2890 et
916 2830 953 2890 ab
969 2830 1058 2892 offleii
1071 2848 1143 2892 exe

118 2920 238 2981 cutione
252 2919 443 2997 suspenditur
457 2925 468 2994 (
488 2924 509 2994 l.
724 2928 728 2935 '

148 3059 184 3126 (l)
199 3059 263 3124 Cep.
279 3059 301 3122 l,
312 3058 345 3111 de
361 3061 429 3110 sent.
444 3063 471 3110 et
484 3073 513 3110 re
523 3058 608 3125 judic.
624 3087 655 3098 -
667 3059 702 3124 (2)
716 3059 806 3112 Princ.
827 3057 916 3112 Instit.
934 3059 968 3114 de
981 3059 1062 3126 oblig.
1080 3072 1142 3126 quae

118 3142 152 3181 ex
161 3130 240 3197 quasi
255 3128 345 3182 delict.
362 3135 389 3182 et
403 3144 462 3195 cap.
476 3129 498 3190 l,
513 3129 547 3180 de
559 3132 627 3182 sent.
642 3130 670 3181 in
684 3131 709 3182 6.

154 3311 218 3366 851.
236 3306 337 3378 'Quaeri
349 3307 406 3366 hac
421 3305 579 3366 occasione
598 3310 707 3381 potest,
722 3322 760 3365 an
774 3311 911 3366 teneatur
921 3308 1015 3384 judex
1039 3307 1069 3366 in
1089 3322 1143 3366 sue

122 3395 270 3455 sententie
283 3394 431 3471 legitimas
445 3393 601 3454 decidendi
616 3393 746 3454 rationes
758 3393 865 3455 edere?
880 3395 1045 3456 canonista
1060 3412 1142 3456 oom-

120 3482 302 3556 muniterin
327 3501 394 3544 eam
421 3483 588 3544 concedunt
612 3481 798 3557 sententiam,
822 3491 857 3543 ut
880 3483 1056 3560 regulariter
1081 3501 1142 3546 non

121 3569 179 3631 sint
190 3571 347 3642 decidendi
358 3572 470 3636 motiva
482 3571 672 3650 exponenda,
688 3589 727 3634 ne
740 3573 948 3634 condemnetis
961 3574 1001 3634 cb
1014 3573 1143 3636 motivo·
