2432 4078
580 185 739 242 ..322-

151 309 330 362 mutnatarius
343 311 385 363 ast
397 321 511 376 pauper,
521 322 553 362 ae
566 309 657 363 dubie
671 307 746 373 tidei,
759 312 786 361 et
799 321 853 362 non
869 307 937 368 vult,
954 312 1001 362 aut
1016 319 1066 360 non
1076 310 1150 374 potest

149 380 179 434 in
188 381 273 433 mutui
284 382 454 434 securitatem
464 382 586 448 pignora,
593 381 835 446 auttidejussorem
843 381 909 434 dare
916 400 923 441 ;
931 380 1052 440 seeundo,
1060 379 1151 446 mando

150 456 287 504 mutuatur
300 453 414 520 suscipit
427 453 455 506 in
472 467 502 506 se
513 453 663 518 perieulum
676 453 766 516 sortis,
786 458 816 505 ut
829 453 853 505 si
868 453 928 520 quis
942 452 1075 515 mercatori
1088 455 1152 502 treus

150 535 225 575 mare
238 524 313 576 eunti
326 531 434 576 eentum
453 528 590 576 mutuetur
602 539 634 576 aa
651 525 719 590 lege,
730 529 760 576 ut
774 526 798 576 si
811 526 903 576 salvus
915 525 1033 584 redierit,
1045 523 1151 575 restituat

150 597 258 645 eentum
269 596 296 646 at
311 593 415 662 viginti,
435 595 458 647 si
475 609 538 648 vero
556 597 633 648 navis
647 595 766 662 perierit,
778 595 844 646 nihii
864 595 977 648 reddere
993 597 1119 652 tenestem
1129 594 1151 642 iu

151 677 205 731 qua
219 667 336 732 speeiem
349 666 480 718 babemus
498 667 599 718 nautici
618 669 739 730 toenoris,
756 668 830 719 vetut
848 669 879 717 ut
893 666 940 717 atii
960 664 1050 716 dieunt
1062 678 1151 716 assecu-

152 737 263 788 rationis
281 738 432 799 maritima,
448 751 509 804 ques
522 752 571 804 pro
585 745 658 790 carto
671 739 757 805 pretio
772 739 886 803 periculi
899 738 1064 789 aversionem
1082 734 1153 786 eonti-

154 813 208 860 net.
221 808 357 874 Zaitinger
368 809 401 860 ad
412 810 452 860 tit.
464 810 497 861 de
505 824 579 862 usur.
591 809 668 876 (119.
678 837 710 846 -
718 810 755 876 (t)
765 810 857 862 Theoi.
869 809 964 860 moral.
976 808 994 859 1.
1007 809 1031 869 3,
1040 821 1066 858 u.
1075 807 1121 858 765.
1131 831 1155 842 -

154 879 190 944 (t)
200 879 266 931 Haec
279 893 363 932 usura
377 894 393 932 a
407 881 567 932 Ductoribus
580 882 733 947 appellatur
745 880 895 948 punitorio,
907 880 963 931 sive
977 877 1123 932 moratoria.
1132 903 1155 913 -

154 949 190 1016 (6)
203 949 262 1002 Hoc
276 956 318 1002 est
332 951 419 1018 cuipae
434 953 646 1018 proportionata,
662 957 689 1004 et
705 957 734 1003 ut
746 951 846 1004 habeat
860 951 1017 1002 ditationem
1030 949 1156 1000 notabiion

155 1036 210 1088 qua
228 1023 409 1074 mutuatarius
429 1029 510 1089 queat
530 1023 643 1083 solvere,
660 1037 777 1075 necnon
791 1023 960 1078 durationem
974 1022 1156 1074 convenientem

155 1093 184 1146 in
197 1097 345 1158 contractu,
359 1107 394 1146 ne
407 1094 458 1164 boc
473 1096 525 1148 sub
539 1094 673 1146 velamina
686 1101 810 1147 mutuum
827 1094 967 1159 palliatum
987 1095 1072 1145 lateat.
1087 1119 1113 1129 -
1128 1091 1156 1156 (i)

155 1164 196 1216 De
206 1163 306 1229 Synod.
319 1165 337 1216 1.
351 1165 576 1230 10,e.t.uney01.
593 1163 641 1220 Vir
654 1165 826 1230 peremta-
839 1165 873 1230 (8)
888 1165 938 1214 Hae
952 1164 1133 1216 declarationes
1146 1175 1159 1212 a

155 1234 352 1286 recentioribus
368 1236 545 1300 scriptoribus
560 1237 723 1301 referuntur,
740 1239 768 1286 ut
777 1236 811 1287 ab
826 1235 918 1286 Andre
929 1236 957 1285 in
971 1249 1043 1286 eurs.
1051 1237 1099 1300 jur.
1110 1245 1158 1283 ean.

155 1306 238 1358 verbo
248 1319 336 1358 roure.
353 1306 385 1357 lu
398 1307 441 1358 his
457 1307 566 1373 quidem
581 1307 609 1357 S.
624 1306 706 1358 Sedes
717 1307 871 1371 respondit:
882 1307 915 1356 '1⁰
928 1319 984 1356 uon
998 1319 1057 1357 esse
1070 1303 1159 1370 iuquie-

156 1377 253 1428 teudos
263 1377 456 1438 Coufesserios,
469 1379 516 1443 qui
529 1378 632 1444 absque
649 1378 828 1430 restitutionis
842 1390 923 1429 onere
937 1376 1079 1428 absolvunt
1090 1374 1160 1441 porei·

157 1447 263 1515 pientes
276 1461 383 1512 usuras,
401 1450 428 1500 et
444 1449 615 1514 paenitentes,
631 1449 677 1516 qui
689 1461 736 1500 aas
753 1449 887 1514 recipiunt
901 1463 935 1500 ex
948 1450 1008 1500 soto
1024 1447 1096 1500 titulo
1107 1445 1161 1508 legis
1211 1487 1212 1512 ,

159 1519 256 1578 civilis,
271 1519 350 1571 modo
363 1521 451 1585 parati
470 1522 525 1572 sint
537 1521 667 1572 decisioni
681 1521 786 1572 Sauetae
804 1519 881 1572 Sedis
895 1533 924 1572 se
938 1521 1101 1572 submittere.
1111 1517 1162 1568 Pius
1211 1533 1212 1540 ι

158 1589 226 1642 vlit
241 1590 269 1640 in
282 1589 365 1655 Cong.
380 1591 399 1640 S
419 1590 505 1643 Officii
517 1592 545 1644 16
554 1593 624 1656 Aug.
640 1591 707 1643 1830.
723 1591 789 1643 Ead.
806 1591 933 1658 donee.
944 1592 1023 1644 offic.
1038 1591 1065 1642 17
1072 1593 1160 1656 januar.
1211 1633 1212 1662 ,

159 1661 219 1712 1838
229 1662 255 1711 et
264 1661 291 1711 8.
301 1661 507 1714 Paenitentiaria
520 1662 548 1714 ta
559 1662 634 1728 Sept.
648 1662 707 1715 1830
718 1667 744 1714 et
756 1664 781 1713 11
794 1663 860 1714 Νοι.
875 1663 947 1715 1831ι
958 1664 1071 1731 i⁰posse
1080 1659 1162 1712 beneti-
1211 1681 1212 1691 ι

155 1729 455 1793 datos,monasteriaet
467 1734 595 1786 eeclesias
605 1737 725 1785 mutuam
740 1734 805 1786 dara
819 1747 913 1784 eorum
923 1735 1074 1798 paeoniam,
1086 1741 1164 1795 exque
1211 1724 1212 1734 ¹

157 1801 279 1854 redditus
296 1803 349 1854 sibi
366 1806 534 1858 necessarios
553 1805 689 1870 hauriant,
704 1807 786 1870 atque
804 1818 838 1856 ex
851 1806 908 1856 solo
923 1805 993 1870 legis
1006 1805 1090 1856 eivitia
1100 1800 1164 1852 titulo
1211 1831 1212 1871 ;

157 1873 277 1939 quinque
291 1887 340 1941 pro
350 1880 457 1926 eentum
471 1875 585 1940 singolis
594 1877 672 1928 annis
682 1876 830 1941 percipere,
842 1876 921 1926 modo
931 1889 1025 1926 omnes
1039 1875 1076 1926 sie
1085 1883 1165 1925 usurus
1211 1923 1212 1926 ,

158 1945 339 2012 percipientes
354 1947 441 2012 parati
456 1948 512 1999 sint
528 1952 600 2000 stare
614 1948 748 1999 mandatis
762 1948 867 1998 Sanctae
885 1946 972 1998 Sedis.
988 1945 1130 2012 Responsio
1144 1943 1165 1993 S.
1211 1941 1212 1958 *

159 2015 236 2069 Offic.
247 2017 272 2068 31
287 2017 350 2068 Maii
364 2017 420 2070 1831
432 2019 580 2086 approbata
588 2034 603 2070 a
611 2020 739 2084 Gregorio
748 2017 814 2070 XVI
822 2019 865 2069 die
873 2017 886 2068 't
895 2018 968 2082 Sept.
979 2019 1097 2082 eiusdem
1106 2013 1164 2066 anui.

159 2085 229 2140 Hine
240 2088 372 2154 sequitur,
387 2089 415 2140 8.
425 2089 522 2142 Sedam
536 2091 712 2156 questionem
728 2088 897 2154 aThaotogis
912 2090 1043 2154 agitatam
1055 2089 1087 2140 de
1100 2085 1164 2138 titulo

157 2159 263 2224 exlege
277 2155 412 2226 Principis
423 2161 566 2228 desumpto
579 2161 699 2213 notuisse
708 2161 820 2213 definire
829 2177 839 2221 ς·
847 2161 895 2212 sed
909 2161 997 2212 sotum
1008 2173 1123 2212 normam
1131 2169 1165 2208 ro·
1211 2189 1212 2228 3

158 2229 241 2282 inisse
258 2244 419 2299 proponere,
435 2245 516 2298 quam
528 2232 688 2284 confessarii
701 2235 759 2283 tuto
773 2237 953 2298 sequerentur
966 2246 1033 2298 erga
1054 2229 1165 2297 poeniten·
1211 2281 1212 2304 ¹

157 2303 210 2365 tes,
219 2302 266 2367 qui
276 2303 443 2354 moderatum
454 2304 559 2356 lucrum
570 2305 630 2370 lege
640 2303 773 2369 Principis
783 2306 912 2354 statutum
927 2304 1090 2370 acciperent,
1099 2300 1168 2353 donec
1211 2309 1212 2316 ¹

157 2371 217 2436 ipsa
231 2375 258 2424 8.
274 2371 357 2426 Sedes
371 2375 535 2427 dettnitivam
554 2376 716 2427 sententiam
738 2375 867 2440 emiserit,
888 2381 919 2426 ut
939 2371 1169 2428 §.poenitentiario
1211 2379 1212 2406 ³

158 2441 262 2497 imart.
280 2444 338 2500 1835
357 2446 483 2512 episeopo
497 2445 650 2499 bivariensi
667 2447 816 2514 rospondit.
1211 2441 1212 2466 ³

195 2643 258 2702 cie.
282 2645 356 2702 sunt
382 2639 511 2718 denique
533 2639 653 2718 quidam
678 2639 755 2701 tituli
780 2641 883 2718 spurii,
905 2641 1015 2720 quiex
1037 2635 1170 2702 communi
1211 2638 1212 2674 ³

160 2733 323 2791 Doctorum
342 2731 489 2791 sententia
508 2747 629 2790 usuram
646 2728 757 2790 licitam
770 2733 852 2791 unito
869 2731 960 2792 modo
975 2732 1102 2792 reddere
1114 2745 1169 2804 pos·
1211 2739 1212 2752 ¹

161 2826 239 2894 sunt,
257 2821 423 2897 eujusmodi
435 2826 672 2897 suntseqocutes
686 2821 905 2896 :protitudiuia
920 2829 975 2881 out
988 2817 1170 2881 benevolentia

161 2907 299 2981 debitum
314 2910 394 2984 quod
405 2909 615 2986 obligationem
624 2910 788 2984 perfectam
800 2927 859 2968 uon
871 2916 970 2986 potest
979 2908 1118 2969 iuducere
1127 2908 1170 2976 (t),

163 2997 295 3057 certatio
307 2999 445 3074 pecuniae,
455 3014 521 3076 quae
536 3015 606 3060 eum
619 2999 657 3059 eit
670 3005 774 3060 mutuo
787 2998 959 3073 intrinseca,
972 3004 1007 3058 ut
1021 3015 1059 3058 ex
1072 3001 1170 3062 mutuo,
1211 3053 1212 3074 ἶ

162 3083 203 3144 ita
217 3101 256 3146 ex
271 3087 403 3148 carentia
414 3087 548 3163 pecuniae
564 3090 681 3150 lucrum
696 3087 762 3165 cepi
777 3087 879 3165 nequit
899 3090 940 3158 (t)
955 3105 962 3160 ;
978 3085 1111 3164 obtipetio
1124 3097 1173 3143 act
1211 3111 1212 3116 ¹

162 3176 309 3251 repetendi
318 3184 427 3236 sortem
440 3177 523 3236 intro
540 3186 653 3239 certum
677 3186 801 3254 tempus,
819 3175 925 3252 quaein
940 3175 1131 3235 omnimutuo
1142 3169 1172 3229 ad
1211 3184 1212 3214 1

163 3263 273 3339 aliquid
291 3275 407 3340 tempus
424 3281 543 3343 semper
556 3267 632 3326 inest
644 3272 684 3340 (a)
698 3291 706 3340 ,
722 3273 752 3327 et
765 3266 950 3337 cousuetudo,
966 3282 1036 3342 quae
1050 3265 1126 3324 uuita
1138 3264 1174 3320 est
1211 3275 1212 3336 j

164 3355 329 3500 {obtusius
351 3355 495 3430 naturale,
522 3362 552 3416 et
574 3356 717 3432 divinum,
739 3373 757 3416 a
779 3373 839 3434 quo
859 3355 1081 3418 immutabiliter
1097 3365 1172 3413 usura
1209 3347 1212 3424 ¹}

189 3448 334 3502 amnatur.

196 3575 207 3629 t
210 3578 232 3640 1)
245 3577 390 3643 Propterea
403 3579 575 3634 Innocentius
582 3582 622 3632 XI
632 3581 702 3636 haue
711 3583 849 3636 damnavit
859 3566 1071 3649 propositionem
1082 3600 1088 3632 :
1102 3576 1174 3632 tisuro
