2426 4070
473 153 578 224 -rtr
601 193 633 208 -

70 302 135 362 rona,
148 291 179 348 ut
198 287 293 366 Regis,
308 293 358 349 aut
376 287 528 364 Principis.
553 291 581 348 6·
596 286 785 349 conservatio
800 285 917 347 familia
934 285 1056 352 illustris

66 383 86 434 et
99 376 200 436 nobilia.
215 383 241 436 l·
256 377 436 439 Excellentia
455 376 628 438 meritorum
650 375 680 436 in
703 375 875 449 Ecclesiam,
890 381 923 436 ut
945 374 971 436 si
989 376 1057 453 quis

64 465 195 526 icamiam
221 473 340 526 strenue
367 466 541 527 defenderit.
564 471 592 526 8·
611 465 733 526 Infamia
752 465 884 526 mulieris
903 481 943 526 ex
964 465 1057 526 nimia

64 569 114 612 enm
125 571 226 630 sponso
237 554 338 615 habita
351 553 545 616 familiaritate
567 561 642 626 orta,
658 571 725 631 quoe
738 554 846 631 patrati
867 553 990 614 sceleris
1003 569 1056 613 su·

65 641 196 717 spicionem
219 643 290 703 licet
314 645 418 704 falsam
445 643 475 704 in
497 643 610 720 populo
635 643 801 719 ingesserit.
826 647 854 704 9·
872 645 974 706 Proles
993 643 1058 717 jam'

66 738 183 808 suscepta,
193 738 223 792 et
231 732 322 793 etiam
333 734 440 808 copula
448 732 558 806 habita,
569 738 602 792 ut
610 749 665 810 per
678 731 898 792 matrimonium
912 732 1055 794 damnum

65 817 196 879 etinfamia
208 828 376 896 reparetur,
391 821 481 880 modo
495 821 595 880 scelus
606 819 797 882 commissum
811 836 872 880 non
886 820 923 880 sit
937 820 994 879 sub
1003 835 1058 895 spe

63 905 150 967 facilius
163 909 216 968 hac
239 909 279 970 de
296 926 388 969 causa
402 909 572 969 obtinendae
596 909 835 985 dispensationis,
859 926 919 985 quo
934 925 1008 970 casu
1027 908 1058 966 in

64 997 212 1056 euidentia
226 1003 389 1073 peccantes
405 996 626 1074 dispensatione
648 1002 761 1071 carent,
775 997 832 1058 nisi
852 997 917 1056 haec
931 997 1060 1055 circum·

63 1083 147 1144 stantia
165 1085 253 1146 fuerit
276 1087 309 1146 in
332 1086 432 1146 libello
451 1085 675 1162 supplicationis
696 1102 850 1162 expressa,
870 1091 899 1144 et
925 1083 1060 1146 Pontifex

63 1172 131 1231 etiam
143 1190 229 1250 super
252 1193 290 1236 ea
308 1173 524 1250 dispensaverit
536 1178 586 1248 (9).
603 1179 648 1248 td·
669 1173 793 1236 fluitatio
814 1173 939 1248 alicuius
961 1172 1060 1248 grauis

62 1259 149 1334 damni,
169 1270 218 1323 ant
240 1263 387 1336 scandali,
401 1269 435 1322 ut
456 1264 481 1322 si
502 1265 599 1336 locus,
612 1266 643 1322 in
663 1281 722 1339 quo
744 1262 826 1338 degit
845 1263 954 1338 puella,
970 1260 1007 1319 sit
1022 1260 1061 1320 ad

62 1347 228 1426 littusmaris,
244 1357 276 1412 et
290 1351 455 1428 piratarum
468 1352 702 1413 acatholicorum
714 1351 933 1412 incursionibus
947 1347 1062 1425 exposi-

63 1442 107 1510 tus,
119 1439 235 1500 sividua
249 1441 328 1502 filios
343 1458 382 1500 ex
401 1439 460 1501 alio
473 1441 661 1502 matrimonio
679 1449 835 1516 susceptos
856 1439 912 1500 rite
935 1444 1063 1514 nequeat

62 1525 177 1600 educam,
191 1529 216 1588 si
229 1531 332 1604 puella
345 1529 383 1589 sit
396 1535 524 1606 utroque
544 1530 648 1590 orbata
672 1536 807 1605 parente,
821 1529 869 1588 vel
892 1529 996 1590 saltem
1009 1543 1062 1602 pu·

63 1619 105 1682 tre,
117 1623 143 1674 et
155 1617 179 1676 si
191 1619 272 1678 adsit
285 1619 453 1694 periculum
466 1618 666 1694 perversioris
680 1618 710 1676 in
723 1619 792 1678 fide.
809 1616 940 1691 Denique
954 1621 1063 1677 Docto·

62 1719 99 1762 res
110 1711 137 1764 ni
158 1723 282 1766 causam
297 1707 389 1768 citant
402 1708 634 1783 eleemosynam,
654 1706 715 1766 sive
733 1713 835 1766 raxam
849 1703 1063 1781 pecuniariam,

63 1807 113 1864 quae
124 1793 300 1869 dispensatis
315 1793 428 1871 imponi
450 1796 535 1868 solet,
552 1801 584 1868 ut
606 1793 637 1853 iu
654 1795 721 1871 pios
740 1810 823 1868 usus,
843 1794 888 1876 ad,
905 1805 1064 1854 commuue

63 1880 177 1942 leelesiae
190 1883 308 1943 bonum
321 1883 508 1960 impendatur
522 1891 532 1956 (
552 1886 573 1954 i.

88 1973 141 2028 lion
152 1977 251 2031 mmen
267 1987 307 2030 ex
318 1971 453 2044 unica,et
463 1972 593 2047 qualibet
603 1971 708 2030 harum
720 1987 877 2049 causarum
888 1985 979 2046 super
990 1984 1066 2045 quo·

62 2053 118 2115 libet
127 2057 349 2134 impedimento,
365 2066 477 2120 etcum
491 2059 621 2136 qualibet
638 2075 766 2136 persona
784 2077 917 2120 summus
931 2057 1066 2120 Pontifex

63 2143 207 2221 dispensat,
233 2149 289 2208 sed
310 2165 389 2228 saepe
407 2147 497 2208 unica
515 2166 607 2209 causa
622 2166 681 2207 non
696 2149 813 2222 sufficit,
829 2167 896 2226 quae
914 2148 999 2210 alteri
1012 2147 1064 2206 ad·

62 2232 144 2306 juncta
164 2238 290 2312 prodest
310 2239 350 2312 ob
373 2239 507 2313 regulam
524 2237 615 2318 juris,
628 2237 757 2314 singulo.
772 2255 835 2316 quaa
856 2255 918 2298 aaa
928 2242 1064 2314 praeeat,

64 2320 137 2382 simol
149 2327 269 2387 calmeta
277 2327 388 2402 juvant
405 2329 456 2398 (t).
473 2326 610 2398 Quamvis
623 2333 783 2402 propterea
796 2327 861 2386 sola
879 2333 950 2386 aetas
964 2323 1066 2401 viginti

66 2419 173 2482 mutuor
194 2431 345 2474 annorum
368 2415 399 2474 in
418 2415 541 2474 foemina
555 2415 593 2474 ad
607 2415 798 2474 obtinendam
816 2415 1068 2490 dispensationem

64 2495 219 2584 insecundo
231 2503 361 2578 simplici
374 2502 637 2580 consanguinitatis
649 2503 744 2578 gradu
757 2521 818 2563 non
838 2503 977 2574 sufficiat,
984 2503 1068 2578 juvat

67 2591 144 2648 umen
157 2591 243 2652 alteri
257 2592 409 2668 adjuncta,
420 2598 451 2651 et
463 2592 572 2652 sufficit
585 2593 648 2652 sola
661 2592 700 2651 ad
713 2592 965 2668 dispensationem
977 2591 1008 2650 in
1022 2607 1068 2650 se-

67 2677 146 2738 rundo
159 2687 189 2740 et
204 2681 293 2740 tertio
306 2680 411 2752 mixto,
435 2685 465 2739 et
481 2697 499 2739 a
517 2679 632 2740 fortiori
646 2679 676 2738 in
692 2681 780 2740 tertio
794 2680 918 2756 simplici
933 2679 1069 2740 obtinen-

67 2761 129 2824 dam.
138 2771 220 2848 Unde
235 2787 296 2845 quo
307 2771 404 2846 majus
410 2775 456 2828 est
468 2769 722 2845 impedimentum,
738 2787 774 2829 eo
783 2769 901 2846 gravior
909 2769 1068 2848 requiritur

8 2849 9 2852 '
67 2869 150 2931 musa,
165 2866 195 2920 et
208 2860 330 2936 gravior
347 2877 438 2919 eausa
451 2858 612 2934 requiritur
625 2875 681 2933 pro
697 2860 963 2936 consanguinitate,
979 2878 1070 2938 quam

68 2956 110 3013 pro
133 2949 284 3022 affinitate,
308 2941 428 3024 gravior
454 2964 509 3023 pro
527 2947 670 3019 secundo,
685 2965 775 3024 quam
789 2967 843 3024 pro
857 2951 944 3010 tertio
964 2950 1069 3026 gratim

68 3031 127 3093 adeo
139 3042 171 3097 ut
187 3037 213 3096 si
234 3037 480 3112 impedimentum
496 3036 534 3096 sit
548 3053 586 3096 ex
606 3035 781 3112 minoribus,
799 3045 833 3098 ut
846 3040 1005 3114 affinitatis,
1019 3047 1070 3100 aut

69 3123 315 3202 mnsanguinitatis
328 3126 358 3186 in
369 3132 474 3201 quarto
487 3117 582 3200 gradu
592 3124 718 3201 simplici
727 3127 812 3188 lineae
824 3134 1007 3204 transversae,
1021 3131 1070 3188 vel

69 3209 176 3280 publica
190 3213 354 3274 honestatis
368 3230 406 3272 ex
419 3213 503 3287 puris
523 3213 719 3288 sponsalibus,
745 3217 792 3276 vel
809 3217 994 3293 cognationis
1009 3216 1069 3293 spi·

70 3293 214 3360 ritualisex
236 3302 302 3362 sola
316 3301 569 3376 compaternitate,
589 3303 638 3361 vel
658 3304 842 3380 cognationis
860 3307 972 3384 legalis,
985 3323 1068 3382 quae-
1087 3300 1088 3304 ’

72 3397 184 3463 tumque
193 3388 376 3450 rationabilis
389 3406 480 3450 causa
494 3389 643 3463 sufficiat(
664 3395 685 3462 ).

96 3539 127 3606 (l)
141 3541 213 3607 Quod
227 3545 342 3600 dicimus
357 3545 391 3600 de
405 3545 530 3612 augustia
545 3546 596 3601 loci
610 3547 770 3615 intelligitur
787 3548 820 3604 de
835 3547 893 3608 loco
906 3548 1026 3622 originis,
1042 3551 1071 3608 et
