2432 4078
463 181 499 196 --
516 155 568 210 atr
587 183 622 194 --
679 193 681 200 ·

47 265 126 328 liius
131 267 344 346 elegerit3item
357 271 461 349 uqais
468 274 602 336 instituat
610 274 728 337 annuas
735 274 907 352 Purgmorii,
918 279 969 336 aut
978 273 1045 334 sni-

46 353 212 432 mansuem,
224 366 253 420 ct
265 376 399 435 suorum,
415 363 494 422 valet
508 369 721 425 testamentum
733 365 825 441 pium,
840 369 872 424 et
888 363 1045 424 hoersditaa

46 440 70 502 in
81 459 178 506 causas
189 447 264 524 pias,
277 455 329 510 aut
343 449 372 508 in
386 449 540 512 llissarum
553 451 697 514 sacrificia
710 453 766 514 erit
779 451 956 530 applicanda
970 469 977 512 :
989 450 1044 512 im-

46 545 85 590 no
96 549 131 592 ex
144 537 291 598 communi
304 543 467 601 Doctorum
480 539 627 602 sententia
636 542 717 602 valet
730 547 939 602 testamentum
952 539 1045 617 pium,

46 618 187 686 sitestator
201 625 297 687 dicat:
313 628 420 690 Omnia
434 629 589 690 toramen
602 629 784 706 dispositioni
797 628 1045 690 Titticcrnmr'tto:

44 724 102 770 nam
123 717 330 778 testamcutum
351 717 392 778 ita
413 717 513 794 potius
533 718 790 796 interpretandum
810 725 866 793 est,
880 725 914 778 ut
936 719 1044 791 valeat,

44 813 118 872 quum
137 807 169 862 ut
188 812 292 880 pereat
312 808 364 878 (l).
381 811 454 867 cum
472 811 571 868 autem
584 813 707 884 propter
727 807 946 868 solemnitatum
963 805 1046 867 dele-

44 891 218 955 ctumvalere
231 900 361 970 nequeat
373 895 413 958 ad
433 913 539 956 causas
562 897 711 974 profanas,
733 896 773 956 ita
790 895 1047 973 interpretandum

43 982 86 1052 est,
98 985 129 1040 ut
140 997 225 1045 mens
237 983 326 1046 fuerit
339 984 489 1046 testatoris
503 985 542 1046 ad
554 984 634 1061 piam
646 1000 768 1046 causam
780 984 908 1046 testandi
921 988 974 1058 (t).

66 1133 165 1202 tllhrg.
181 1153 241 1205 cap.
256 1139 297 1204 25,
319 1140 354 1194 de
371 1141 446 1196 verb.
469 1139 559 1208 signif.
572 1167 604 1180 -
615 1140 651 1208 (i)
672 1139 758 1194 liubr.
777 1139 805 1194 in
821 1150 879 1208 cap.
897 1139 934 1194 ld.
955 1139 989 1194 de
1002 1141 1043 1194 ta·

40 1203 103 1256 siam.
117 1211 143 1260 et
155 1209 331 1265 Reiffenstual
344 1212 378 1265 da
392 1215 497 1266 testam.
513 1225 540 1264 n.
558 1211 609 1264 151.

67 1417 121 1478 tlh.
140 1425 202 1484 lioc
214 1429 315 1488 tamen
328 1423 367 1500 pii
382 1423 549 1486 testamenti
568 1423 756 1500 privilegium
767 1441 829 1485 non
844 1429 890 1486 est
902 1424 978 1485 adeo
990 1439 1044 1485 ex·

37 1505 216 1588 tendendum,
230 1519 263 1572 ut
276 1513 450 1590 praejudicet
463 1513 600 1590 legitimae
613 1513 743 1590 portioni
756 1513 925 1575 haeredibus
940 1511 1047 1575 neces-

36 1593 182 1673 fluu'isjure
202 1607 319 1662 naturae
340 1602 465 1676 dehitae3
482 1619 549 1678 quae
559 1604 641 1664 salva
654 1619 774 1678 semper
787 1602 844 1663 illis
857 1619 923 1662 esse
936 1600 1047 1664 debent

36 1679 107 1744 titulo
117 1685 322 1764 iustitutionis,
335 1692 384 1750 vel
396 1692 500 1751 saltem
514 1689 613 1766 legati,
630 1697 681 1751 aut
691 1689 859 1752 donationis
868 1706 959 1750 causa
970 1706 1047 1750 mor·

37 1768 125 1845 lirul.
143 1782 208 1839 lioc
229 1785 276 1839 est
296 1779 376 1840 enim
394 1778 527 1840 debitum
546 1797 607 1839 non
622 1780 699 1857 juris
714 1786 831 1840 tantum
844 1779 977 1864 humaui,
992 1775 1048 1840 se'd

35 1861 136 1936 tljnris
149 1874 277 1943 uaturae,
292 1869 374 1944 quod
388 1867 593 1928 hereditatem
606 1868 723 1943 minuit,
736 1885 803 1944 quae
824 1867 980 1944 reliquitur
992 1885 1045 1928 ex·

35 1951 136 2030 traneo,
150 1963 182 2018 et
195 1957 286 2020 etiam
299 1958 450 2033 Ecclesiae,
469 1957 538 2019 licet
550 1965 581 2018 et
594 1958 658 2034 ipsa
670 1959 738 2018 loco
752 1957 804 2018 filii
825 1975 862 2018 aa
873 1956 976 2020 matris
989 1956 1045 2016 ha·

35 2034 135 2102 beatur.
149 2049 179 2105 S.
194 2046 378 2122 Augustinus
389 2047 469 2108 enim
483 2047 631 2126 quosdam
646 2047 798 2122 redarguit
812 2047 937 2107 clericos
951 2045 1047 2106 haere-

34 2125 127 2192 ditatos
148 2135 334 2213 accipientes
347 2137 386 2196 ab
399 2135 466 2212 illis,
486 2137 538 2214 qui
554 2135 631 2197 filios
648 2135 889 2210 exhaeredabant,
901 2137 1047 2197 utEccle·

34 2213 96 2278 ham
116 2221 271 2286 haeredem
292 2225 469 2300 scriberent,
491 2230 522 2285 et
546 2226 658 2285 factum
681 2223 873 2284 commendat
894 2227 921 2284 S.
938 2223 1047 2284 Aurelii

33 2307 261 2388 Carthaginensis'
276 2313 419 2392 episcopi,
435 2314 485 2391 qni
498 2312 702 2373 haereditatem
721 2311 849 2372 reddidit
863 2312 930 2372 filiis
943 2318 1048 2389 postea

33 2397 98 2456 natis
110 2400 148 2461 ab
161 2403 225 2478 illo,
240 2402 291 2480 qui
306 2403 378 2464 dum
388 2403 502 2464 viveret
515 2403 628 2480 ahsque
641 2401 709 2461 filiis
722 2401 884 2462 Ecclesiam
897 2401 1048 2462 haeredem

32 2497 105 2549 suam
117 2490 300 2553 instituerat.
320 2491 403 2552 Unde
420 2491 462 2552 ita
475 2489 657 2568 proclamat:
675 2489 855 2566 Quicunnquc
868 2489 942 2559 vult,
953 2491 1048 2550 cahe-
1065 2557 1070 2566 ,

31 2575 119 2637 reduto
141 2581 220 2656 sitio,
238 2580 382 2642 heredem
403 2581 499 2656 succro
521 2579 690 2653 Ecclesium,
710 2584 822 2655 querat
841 2577 981 2649 altercnn,
997 2578 1049 2655 qni

29 2667 168 2744 autumn,
183 2685 248 2732 non
262 2669 464 2748 Aepustinurn
475 2686 483 2744 3
495 2669 598 2741 immo,
614 2669 671 2730 Deo
678 2667 816 2745 propitio,
831 2666 981 2728 nominant
998 2667 1046 2728 in·

29 2755 111 2815 annin
122 2759 176 2832 (ᾖ).

52 2901 84 2966 (l)
94 2903 232 2959 Haeredes
243 2905 391 2959 necessarii
411 2909 475 2958 sunt
497 2905 554 2968 lilii,
579 2905 667 2971 iisque
681 2904 804 2968 mortuis,
826 2917 920 2956 eorum
936 2903 1047 2957 descen·

28 2967 122 3036 dantes,
136 2979 185 3044 qui
201 2978 236 3030 ad
250 2991 343 3030 eorum
362 2981 489 3044 parantes
503 2975 735 3043 repraesentandos
762 2979 919 3042 assurgunt.
934 2976 964 3028 Si
976 2975 1047 3028 nulli

25 3041 73 3096 sint
85 3047 142 3108 lilii,
156 3064 191 3102 sc
205 3048 408 3110 descendentes,
419 3047 567 3102 necessarii
581 3047 704 3099 heredes
715 3052 778 3100 snut
791 3048 978 3100 ascendeutes.
991 3048 1048 3100 Cae·

25 3115 69 3166 tari
81 3118 553 3186 haeredesappellenturvoluntarii.
568 3117 709 3182 Quantitas
721 3119 820 3171 deinde
834 3119 967 3184 portionis
981 3118 1046 3184 legi-

26 3183 90 3239 time
101 3204 157 3242 non
173 3191 311 3243 invenitur
328 3193 443 3244 asacris
457 3189 606 3243 canonibus
620 3189 817 3250 determinala3
832 3204 915 3256 quara
929 3189 1047 3256 petenda

25 3263 60 3308 est
71 3273 87 3310 a
97 3260 210 3328 legibus
225 3262 359 3324 civilibus,
371 3277 432 3330 quae
446 3263 480 3314 ob
494 3262 632 3332 variarum
643 3262 784 3313 nahonum
799 3275 898 3320 mores,
913 3267 941 3312 et
950 3272 1045 3312 neces·

23 3327 110 3384 sitates
129 3333 160 3384 in
175 3348 208 3386 ea
224 3333 378 3386 delinienda
394 3335 516 3400 apprime
533 3346 589 3385 non
611 3333 782 3385 conveniunt.
796 3361 827 3370 -
841 3333 875 3398 (2)
889 3332 953 3383 Gen.
967 3329 1007 3392 us,
1021 3343 1043 3380 c.

22 3396 59 3464 Π,
73 3415 98 3468 q.
112 3403 137 3465 t,
152 3409 183 3457 et
195 3417 254 3458 cau.
270 3407 294 3465 8,
308 3419 331 3458 a.
350 3406 387 3466 13,
401 3419 428 3472 q.
442 3407 467 3470 2,
481 3406 529 3456 uhi
543 3418 593 3471 pro
610 3419 706 3456 norrun
720 3404 836 3456 dicitur:
848 3399 934 3456 [snum
955 3400 1042 3466 fitium

25 3466 104 3549 hahet,
129 3479 210 3542 putet
232 3475 371 3531 dhrtstam
396 3477 531 3546 attentata
551 3476 618 3528 duos
630 3473 719 3535 nahah
735 3478 811 3540 pant
835 3473 977 3528 comtum
989 3474 1043 3525 tcr·

27 3543 107 3600 trama
121 3547 216 3604 deccat
229 3547 318 3614 hahet,
333 3546 471 3604 onustam
482 3546 655 3602 ramaslaun
666 3545 764 3614 facim
861 3575 864 3583 ·
