2410 4068
573 143 730 202 „235-

145 268 327 338 domefacta,
342 272 514 342 nonpotest
531 267 647 326 variare
663 285 670 324 :
685 263 803 326 undosi
818 267 1015 340 praesentatus
1037 261 1154 336 idoneus
1189 263 1190 320 J

140 357 302 433 reperitur,
314 354 363 414 hic
376 355 406 414 in
419 353 565 416 beneflcio
580 353 779 414 instituendus
794 359 838 413 est
851 368 859 426 3
876 351 962 411 aliter
976 349 1001 410 si
1015 349 1152 426 indignos,
1189 367 1190 372 ¹

145 453 196 504 out
215 442 352 503 inhabilis
376 443 505 504 scienter
525 443 564 502 sit
581 449 786 519 presentatus,
805 447 949 517 patronus
967 457 1022 515 pro
1042 455 1075 498 eu
1096 437 1154 497 rice
1189 429 1190 450 ¹

141 535 209 609 jure
220 533 419 609 praesentandi
439 532 581 608 privator,
597 540 627 592 et
640 533 678 591 ab
694 531 839 608 Episcopo
852 529 944 606 libere
965 529 998 586 flt
1011 525 1151 604 provisio:
1189 527 1190 598 ξ

144 627 323 682 Eoonverso
337 628 481 698 petronus
495 621 588 682 laicus
601 627 698 696 potest
710 621 837 693 variare,
852 619 914 678 sive
929 619 1090 691 cumulare,
1104 617 1152 675 hoc

134 716 200 784 est,
213 710 313 784 alium,
328 711 391 770 sive
403 710 478 770 elios
492 727 531 770 ex
544 711 756 770 nonnullorum
767 707 912 768 sententia
936 707 1015 766 intra
1033 705 1152 766 debitunt

143 805 262 876 tempos
272 805 474 874 praesenture3
488 815 549 876 quo
564 817 637 858 casu
655 799 778 874 primus,
793 799 839 857 rel
859 796 976 872 priores
990 812 1050 854 nou
1067 811 1150 854 rema·
1189 813 1190 840 ³

143 887 216 939 nent
227 879 344 938 exclusi
357 896 365 951 ς
382 879 435 939 sed
449 896 488 938 ex
502 879 641 938 omnibus
655 877 832 938 cumulative
848 876 1034 952 praesentatis
1048 874 1151 950 dignio-
1189 895 1190 898 ¹

141 983 208 1027 rem
222 967 252 1026 in
264 967 411 1026 beneflcio
423 967 587 1043 Episcopus
601 967 753 1026 instituere
768 966 856 1026 debet
866 968 918 1034 (3).
934 969 961 1023 3·
971 963 1152 1038 Benefioisju-

142 1055 831 1132 rispstronatusecclesiasticireservationibus‚
844 1051 1152 1113 etsffectionibussunt

141 1145 292 1221 subjecta3
308 1161 368 1204 non
383 1144 454 1204 item
468 1143 610 1204 beneficia
623 1144 874 1219 Jurispatronatus
897 1141 1062 1202 laiculis-ex
1077 1138 1151 1216 justi·
1189 1139 1190 1188 i

142 1233 184 1294 tia
196 1233 342 1310 acquisiti,
359 1233 408 1294 cui
422 1249 483 1293 non
498 1234 574 1294 solet
588 1231 734 1308 derogari.
843 1266 849 1276 ·
1189 1199 1190 1260 ¹

1189 1331 1190 1354 i

172 1381 209 1446 (t)
224 1381 288 1448 Cap.
303 1381 375 1433 unic.
390 1379 425 1433 de
435 1383 526 1448 jurep.
540 1381 568 1430 in
581 1379 606 1430 6.
619 1408 646 1417 -
662 1380 696 1444 (i)
710 1379 860 1444 Episcopus
874 1378 993 1445 quidem,
1003 1381 1034 1430 ut
1046 1377 1152 1429 sentiunt
1189 1357 1190 1450 i

141 1454 321 1505 communiter
336 1453 471 1514 Doctores,
487 1451 522 1502 od
542 1451 610 1502 otios
635 1463 683 1502 sex
701 1464 817 1514 menses.
833 1464 886 1502 non
903 1451 985 1510 ultra,
1005 1455 1105 1514 tempus
1123 1446 1151 1497 ed
1189 1466 1190 1510 t

139 1523 359 1590 presentandum
373 1527 461 1587 potest
473 1521 581 1588 utrique
596 1527 707 1588 patrono
727 1535 879 1586 prorogare.
889 1521 942 1572 Sed
958 1521 1025 1572 iliud
1041 1518 1149 1571 uuimad·
1189 1517 1190 1584 t

140 1593 297 1646 vertendum
313 1599 363 1652 est,
372 1593 444 1658 quod
455 1594 483 1644 in
499 1595 562 1660 jure
575 1597 718 1660 patronatu
730 1593 803 1657 regio
817 1593 922 1644 nullum
933 1596 974 1643 est
983 1596 1084 1658 tempus
1093 1601 1150 1654 pre-
1189 1589 1190 1640 t

140 1663 224 1714 lixum
238 1663 271 1714 ad
288 1665 507 1728 presentandum
522 1685 528 1714 ι
545 1663 680 1715 habentur
693 1663 764 1714 enim
779 1664 866 1729 Reges
877 1677 984 1728 semper
994 1665 1064 1728 juste
1078 1661 1150 1725 impe·
1189 1641 1190 1730 i

140 1734 198 1786 diti.
211 1761 238 1772 -
255 1733 288 1798 (3)
305 1735 368 1801 Cep.
381 1735 422 1794 ii,
437 1735 471 1786 de
482 1737 574 1800 jurep.
595 1735 674 1786 Ratio
684 1737 774 1786 autern
789 1735 950 1786 discriminis
968 1741 1019 1798 est,
1034 1734 1092 1798 quia
1109 1743 1150 1794 pa·
1189 1733 1190 1805 i

140 1807 236 1858 tronus
251 1806 451 1858 ecclesiasticus
465 1810 572 1858 tenetur
585 1821 705 1868 noscere,
725 1811 751 1857 et
769 1806 884 1870 seligere
903 1805 1023 1869 dignum,
1038 1803 1103 1870 quod
1113 1802 1149 1850 in·
1189 1809 1190 1872 t

141 1877 247 1927 terdum
260 1877 370 1943 impune
383 1877 549 1941 ignoraturs
561 1877 638 1936 laico,
650 1882 676 1929 ct
685 1876 750 1942 quia
759 1877 807 1928 ubi
819 1877 881 1942 quis
892 1877 1054 1941 opprimitur
1062 1875 1087 1924 iu
1096 1885 1149 1928 uuo,
1189 1877 1190 1918 t

140 1947 222 1998 debet
235 1949 262 1998 iu
277 1947 330 1998 atio
343 1945 456 1998 relevari
468 1968 474 1997 :
486 1961 519 1999 uo
531 1948 644 2012 proinde
658 1947 752 2013 luteus,
764 1948 810 2013 qui
821 1952 949 2014 gravetur
964 1943 1149 2012 ternporedum
1189 1919 1190 1990 i

139 2021 256 2082 quatuor
267 2021 371 2068 tuntum
381 2031 488 2068 meuses
501 2018 584 2070 habet
597 2018 631 2068 ad
646 2019 873 2084 praesentandum,
888 2019 1023 2070 relevatur
1045 2017 1070 2067 in
1089 2018 1150 2081 pote·
1189 1991 1190 2074 i

141 2089 211 2139 state
225 2087 391 2149 cumulandi,
406 2089 463 2140 sive
472 2088 565 2152 plures
582 2088 777 2154 praessntandi.

1189 2083 1190 2116 i

1189 2159 1190 2240 i

176 2293 239 2349 547.
256 2291 290 2349 in
306 2289 534 2367 jurepatronatu
547 2289 652 2363 mixto,
666 2291 736 2350 licet
763 2289 883 2367 quidam
901 2289 1009 2365 adsint,
1025 2289 1073 2366 qui
1086 2287 1150 2347 mir·

139 2383 215 2438 turae
228 2377 376 2439 rationem
389 2379 556 2439 habendam
569 2397 635 2440 esse
649 2381 819 2456 opinantur,
832 2379 873 2440 ita
885 2385 917 2440 ut
928 2380 965 2440 sit
974 2377 1150 2456 judicandum
1189 2386 1190 2462 t

139 2466 386 2542 ecclesiasticum,
398 2467 423 2527 si
438 2467 595 2546 qualitates
605 2469 868 2546 jurispatronatus,
883 2467 1075 2529 ecclesiastici
1087 2481 1150 2542 pre·
1189 2467 1190 2524 t

139 2559 268 2630 valeant,
279 2563 330 2617 aut
341 2558 488 2630 vicissim3
504 2559 605 2618 tamen
625 2564 671 2618 est
680 2558 963 2634 iurisconsultorum
977 2559 1078 2634 regula
1088 2570 1150 2615 eoru-

139 2647 248 2720 munis,
263 2661 330 2723 quae
344 2645 479 2720 traditur,
496 2645 526 2705 in
542 2647 771 2723 jurepatronatu
784 2647 878 2708 mixto
902 2647 974 2707 itton
988 2663 1055 2706 esse
1072 2640 1149 2704 conti-

138 2753 200 2820 rtuo
213 2735 445 2808 observandum,
465 2734 546 2811 quod
560 2741 687 2811 patrono
701 2737 798 2812 magis
812 2743 859 2796 est
870 2735 1032 2796 favorabile
1046 2753 1053 2793 :
1071 2730 1149 2806 magis

140 2828 240 2881 autern
253 2822 416 2883 favorabile
429 2829 486 2896 est,
501 2829 534 2882 ut
552 2829 697 2899 patronus
713 2825 819 2884 haheat
834 2841 889 2884 sex
906 2840 1024 2883 menses
1038 2823 1074 2883 ad
1087 2835 1149 2896 pre·

139 2911 328 2984 sentandum,
343 2917 377 2970 ut
390 2909 486 2988 possit
500 2911 627 2986 variare,
647 2919 681 2972 ut
694 2913 872 2974 beneficium
893 2917 1013 2974 maneat
1030 2929 1049 2970 s
1068 2923 1147 2968 reser-

141 2996 269 3071 vatione,
285 2997 348 3062 sive
361 2997 518 3059 affectione
531 3000 659 3063 liberum
674 3018 681 3060 ι
697 3001 763 3065 haec
780 3000 892 3062 idcirco
918 2999 1018 3061 omnia
1036 2997 1146 3076 iurispe-

139 3089 259 3146 tronstu
272 3086 367 3146 mixto
383 3087 565 3150 conveniunt
580 3091 632 3162 (t).
764 3089 765 3095 ’

169 3243 206 3308 (tt
221 3243 260 3296 De
274 3243 348 3296 Luca
358 3228 489 3309 dejurep.
505 3245 534 3296 in
548 3244 624 3298 Sum.
634 3259 662 3298 n.
676 3245 715 3298 47.

177 3425 241 3482 548.
257 3420 326 3480 Aiiae
339 3426 484 3496 praeterea
497 3427 567 3480 sunt
577 3421 828 3498 jurispatronatus
843 3421 1012 3483 divisiones.
1023 3415 1144 3481 uiridior
1189 3475 1190 3498 χ

144 3524 216 3571 sane
227 3508 257 3568 in
270 3509 411 3585 activam,
421 3509 501 3586 quod
511 3509 599 3570 alicui
607 3509 726 3587 datius,
737 3517 771 3573 ut
779 3517 953 3590 praesentet,
962 3505 1142 3588 otpertum.
