2524 4080
585 217 746 278 ..366-

148 349 205 406 est.
220 341 344 417 Quando
363 347 462 403 166166
482 340 592 402 elerico
607 345 796 416 testamento,
820 341 869 403 vel
884 340 1047 402 donatione
1058 341 1167 420 aliquid
1254 385 1255 420 ,

147 431 332 510 relinquitur,
356 429 518 492 videndum
539 435 595 504 est,
614 447 652 489 an
667 430 695 490 ci
708 430 846 490 relictum
867 429 905 490 sit
921 431 1168 507 contemplatione

148 538 211 582 suae
233 536 380 598 persone,
401 521 450 580 uel
466 518 716 595 contemplatione
738 535 801 578 suae
821 517 1170 580 6661661681661666-

148 625 215 672 rum
232 609 271 670 sit
291 608 433 686 primum,
454 607 622 682 haereditas,
643 608 785 684 legatum,
799 607 848 668 661
860 605 982 666 donatio
1001 606 1081 668 inter
1094 608 1171 669 bona
1254 597 1255 606 ’

147 697 364 776 patrimonialia
377 696 477 758 clerici
490 703 711 776 computantur,
731 696 773 756 ita
787 701 822 756 ut
845 695 883 756 de
898 696 945 755 his
968 695 1065 756 libere
1079 697 1172 774 possit

147 787 320 872 disponere,
335 785 422 847 etsie
440 801 569 846 neeesse
584 783 784 862 praesumitur,
798 800 868 844 enm
881 783 997 860 largitio
1009 802 1028 844 a
1043 802 1170 845 consan-

147 875 267 954 guineo,
288 876 337 937 vel
358 873 535 951 propinquo,
559 875 605 935 vel
627 874 724 934 amico
739 873 887 949 provenit,
914 872 983 950 quia
998 890 1040 932 ex
1066 875 1170 950 66611-

147 965 276 1027 16611666
288 980 425 1042 personae
436 962 467 1023 id
477 962 636 1040 condp‘sae
649 961 837 1039 supponitur.
847 961 877 1022 si
888 968 989 1023 autem
1003 964 1170 1024 secundum

145 1054 184 1116 sit
200 1071 315 1129 vorum,
329 1053 409 1114 bona
422 1052 525 1112 relicta
535 1051 566 1111 in
581 1052 720 1113 Eccleeiae
729 1050 895 1111 dominium
908 1057 1133 1126 pertranseunt,
1144 1059 1171 1112 61

144 1141 222 1204 inter
235 1143 315 1204 bona
331 1140 534 1204 ecclesiastica
556 1147 777 1218 computantur,
793 1139 831 1200 dc
846 1140 953 1216 quibus
967 1139 1102 1201 clericus
1116 1141 1172 1202 dis·

143 1247 257 1310 666666
269 1229 384 1307 666616
400 1236 430 1290 61
443 1229 484 1290 116
498 1247 547 1290 res
561 1245 628 1290 esse
641 1227 838 1306 presumitur,
856 1244 925 1288 cum
938 1227 1058 1304 largitio
1074 1247 1174 1306 proce

144 1319 187 1382 dit
209 1321 248 1382 ab
275 1327 430 1395 extraneo,
451 1317 521 1398 6616
545 1335 585 1380 ax
600 1316 822 1395 praedilectione
844 1315 984 1381 Ecclesiae
1008 1320 1172 1393 provenire

144 1413 349 1485 66666166).

175 1561 211 1627 (1)
224 1561 288 1628 Cup.
303 1561 327 1620 9,
342 1559 371 1612 lt
384 1562 411 1612 et
427 1558 464 1624 15,
478 1557 512 1612 da
525 1560 630 1611 testam
642 1557 715 1610 lllud
726 1558 772 1612 hic
785 1561 1089 1626 protereanotonnum.
1102 1561 1171 1628 quod

144 1632 260 1686 clericus
273 1631 307 1684 de
320 1632 400 1683 honis
417 1631 558 1696 6666161116
572 1643 605 1682 ox
628 1629 724 1682 illicita
747 1631 926 1696 negotiatione
943 1646 997 1684 non
1012 1636 1106 1698 potest
1127 1647 1172 1700 por

145 1706 344 1764 testamentum,
358 1701 401 1753 val
416 1701 586 1753 donationem
598 1713 681 1752 causa
694 1702 789 1752 mortis
800 1701 951 1767 disponere,
967 1703 1033 1756 11661
1054 1704 1117 1757 hmo
1131 1719 1170 1756 ra-

144 1773 266 1826 16666166
278 1773 314 1824 ad
327 1773 475 1838 temporale
486 1774 545 1838 ojus
560 1772 752 1839 patrimonium
763 1789 769 1823 ε
779 1773 843 1840 quia
854 1773 891 1824 ita
904 1775 1082 1826 constitutum
1097 1781 1138 1828 est
1146 1777 1172 1827 in

143 1857 251 1912 poenam
266 1845 379 1910 peccati,
393 1847 420 1896 et
432 1844 502 1909 quod
517 1844 557 1896 sic
569 1843 731 1910 acqinsitum
745 1847 786 1896 est
798 1843 863 1896 olim
876 1845 905 1895 in
918 1849 1004 1898 morte
1018 1847 1170 1913 adjicieba-

141 1919 189 1967 tur
211 1914 297 1981 spolio
312 1916 431 1970 Camere
441 1915 604 1980 apostolice
621 1932 627 1966 ι
650 1915 765 1968 dicimus
782 1917 814 1968 16
827 1921 921 1981 morto,
939 1931 1004 1968 uam
1018 1923 1173 1972 contractus

143 1985 177 2038 da
188 1987 290 2039 eisdem
300 1988 382 2038 robus
396 1987 466 2038 inter
480 1988 555 2038 vivos
571 1986 623 2037 acti
635 1985 662 2037 in
678 1987 736 2038 loro
751 1989 862 2039 externo
881 1986 964 2039 validi
987 1988 1170 2042 habebantur.

143 2055 234 2124 Soglin
251 2058 317 2110 lust.
331 2059 387 2124 jur.
402 2055 559 2123 61161119,
572 2056 620 2108 ubi
636 2057 753 2110 citantur
763 2059 1006 2126 correspondentes
1014 2059 1102 2113 nullae
1119 2061 1168 2114 Be·

142 2129 243 2182 nedicti
256 2128 331 2192 XIV,
344 2128 489 2182 Clementis
504 2127 572 2180 XlII
586 2133 614 2180 61
623 2128 666 2179 Ρ11
681 2129 727 2182 IV.

177 2313 385 2376 1191361616
403 2313 547 2375 divisione
566 2313 716 2374 bonorum
733 2313 764 2374 in
776 2313 996 2393 patrimonialia
1018 2321 1050 2376 et
1073 2317 1168 2378 eccle·

141 2403 261 2464 61661166
288 2403 432 2480 sequitur,
460 2401 586 2464 clericos
603 2403 664 2462 duo
684 2420 774 2480 posse
793 2405 904 2464 habere
922 2403 1057 2480 peculia,
1076 2421 1169 2468 unum

140 2493 281 2554 nimirum
299 2491 519 2568 patrimoniolo,
534 2497 564 2552 61
578 2491 658 2552 aliud
672 2491 906 2552 ecclesiasticam.
922 2497 963 2552 De
978 2493 1098 2568 peculio
1115 2511 1167 2570 pa·

141 2580 300 2644 trimoniali
311 2588 446 2641 nostrum
459 2596 521 2641 666
535 2585 581 2640 661
594 2597 699 2656 agere:
714 2588 777 2641 tum
791 2582 861 2658 quia
875 2581 913 2642 de
929 2598 966 2642 66
981 2599 1043 2641 666
1058 2582 1118 2660 agit
1130 2583 1165 2642 ti-

141 2672 221 2732 tulus
234 2668 441 2745 decretalium,
455 2669 488 2729 de
508 2669 620 2745 peculio
642 2669 834 2743 clericorum
861 2676 923 2730 tum
945 2671 1015 2747 quia
1033 2677 1165 2733 remanet

142 2759 198 2820 suh
211 2758 403 2835 dispositione
412 2758 488 2834 J'uris
501 2757 604 2832 civilis,
617 2757 706 2818 salvis
721 2759 948 2834 exceptionibus
962 2761 1059 2836 aiore
1074 2778 1164 2821 cano·

140 2847 209 2908 nico
223 2847 351 2907 inductis
365 2853 416 2921 (l).
432 2847 581 2908 Peculium
596 2863 701 2908 verum
714 2847 752 2908 ad
766 2854 898 2909 mentem
909 2865 1068 2910 66666661
1081 2867 1165 2910 cano-
1252 2921 1253 2925 Ἰ

139 2953 212 2998 num
225 2942 383 3012 acceptum
397 2937 508 2997 nedum
519 2936 629 2996 indicat
642 2935 723 2996 illam
736 2937 904 3012 pecuniam,
917 2953 1009 3013 qnam
1023 2955 1117 3014 penes
1131 2956 1162 3000 se

139 3025 230 3087 habet
247 3024 474 3100 lilius-familias,
489 3031 522 3085 ut
533 3027 591 3089 fert
604 3025 726 3101 propria
743 3026 883 3086 vocabuli
903 3025 1092 3102 significatio,
1113 3027 1162 3088 sed

140 3131 262 3175 omnem
275 3113 501 3191 comprehendit
514 3113 682 3190 pecuniam,
697 3120 726 3174 61
739 3113 838 3174 omnia
849 3114 938 3189 hona,
955 3109 1023 3192 quae
1038 3115 1161 3178 clericus

139 3203 228 3264 habet
244 3204 281 3263 ab
303 3202 444 3277 Ecclesia,
460 3202 499 3262 ad
522 3205 607 3278 ouJus
629 3208 801 3278 respectum
823 3220 942 3280 semper
957 3204 1160 3266 consideratur

140 3300 172 3354 ut
182 3293 410 3364 filius-familias,
423 3290 492 3366 quia
505 3292 655 3352 bonorum
667 3290 723 3350 sibi
736 3292 774 3351 ab
785 3309 821 3352 66
833 3293 1073 3368 provenientium
1081 3295 1159 3354 abso
1251 3326 1254 3335 ·

138 3383 219 3532 hgssls
239 3381 377 3443 dominus
399 3395 562 3456 numquam
574 3381 618 3456 fit,
632 3386 665 3441 61
685 3397 724 3440 ex
747 3379 880 3442 dicendis
896 3382 1052 3444 manifeste
1072 3399 1158 3461 appa-

138 3488 154 3532 r
193 3472 225 3532 it.

167 3610 204 3674 (t)
222 3611 304 3664 Juxta
324 3611 398 3676 16666
422 3609 605 3664 Romanorum
632 3611 770 3678 peculium
783 3615 825 3668 661
846 3615 1026 3683 quadruplex,
1047 3601 1155 3680 nempe*
1251 3626 1256 3671 :
