2426 4070
489 164 647 220 -llt-

68 282 167 355 urent,
180 283 358 344 servandum
373 287 420 344 est
431 284 481 360 jus
497 285 662 361 antiquum,
674 285 760 360 juxta
777 282 857 360 quod
874 281 1063 344 matrimonia

68 371 222 432 claudestina
234 380 304 432 sunt
316 373 429 447 illicita,
445 374 499 433 sed
514 374 622 446 valida,
637 380 670 432 ut
684 389 774 448 supra
788 371 990 448 probavimus.
1004 377 1062 431 Pu-

64 461 180 520 blicatum
193 468 293 521 autern
304 463 360 522 fuit
374 463 404 522 in
418 463 510 535 ltalia,
530 462 678 538 Hispania,
703 461 802 534 Gallia,
827 460 905 520 etin
926 460 1062 536 pluribus

64 547 113 606 aliis
129 549 310 625 regionibus,
335 568 397 610 non
419 551 603 627 publicatum
625 550 654 608 in
676 549 789 626 Anglia,
812 548 920 622 scotia,
942 553 1058 625 Succia,

65 636 176 712 saxonia,
191 645 249 698 etc.
271 645 307 698 nt
325 656 394 698 cum
409 639 568 715 publicatio
582 656 632 699 res
645 639 683 698 sit
698 638 778 709 iacti,
794 638 823 697 in
838 655 909 698 casu
924 639 1059 714 practico

67 727 256 800 estprobanda.
273 732 318 786 Ex
333 729 391 787 hoc
404 737 504 788 autem
518 728 665 804 principio
679 743 747 787 cnm
761 727 923 802 praemissis
936 743 1058 802 compa·

65 815 179 874 ratobaec
198 817 390 876 deducuntur
411 818 577 877 corollaria.
593 824 624 875 l⁰
643 818 723 876 Valet
738 814 961 876 matrimonium
975 817 1058 875 clan-

62 901 182 962 destinum
195 921 312 977 eorum,
336 907 385 980 qui
407 905 589 966 domicilium
608 904 719 964 habent
741 905 771 963 iu
786 899 940 979 parochia,
955 903 985 962 in
999 921 1058 979 qna

60 989 150 1050 dictum
163 993 317 1052 decretum
332 1009 393 1052 non
413 993 469 1053 luit
491 993 687 1068 publicatum3
707 992 789 1068 quod
809 991 897 1052 ctiam
911 992 1056 1067 procedit,

57 1079 78 1136 si
88 1097 151 1140 unus
163 1087 278 1140 tantum
292 1099 331 1141 cx
344 1082 462 1158 sponsis
486 1081 526 1140 ibi
544 1080 725 1141 domicilium
738 1081 855 1152 habeat,
869 1079 969 1155 ibique
983 1097 1057 1139 con-

57 1169 134 1228 trabat
145 1170 375 1244 matrimonium,
394 1173 480 1246 cujus
500 1187 591 1230 causa
610 1169 762 1230 individua
776 1176 831 1228 cst.
846 1175 878 1228 tr
891 1170 971 1228 Valet
992 1185 1056 1228 ma-

55 1256 203 1318 uimonium
224 1275 340 1332 eorum,
355 1259 406 1334 qui
418 1258 594 1318 recedentes
606 1276 624 1317 a
635 1257 777 1333 parochia
791 1257 931 1333 publicati
943 1257 1056 1318 decreti

53 1361 81 1404 se
92 1347 237 1406 conterunt
247 1347 285 1406 ad
299 1348 410 1415 locum,
426 1347 455 1406 in
468 1364 529 1422 quo
548 1363 609 1405 non
630 1347 684 1406 fuit
697 1346 891 1421 publicatum,
906 1345 946 1404 ibi
960 1345 1056 1406 domi·

54 1433 194 1509 cilium,vel
204 1435 479 1511 quasidomicilium
488 1442 698 1511 assequuntur,
709 1441 739 1496 et
749 1434 971 1495 matrimonium
982 1451 1055 1494 con-

54 1523 153 1584 trahunt
165 1529 225 1597 (l),
241 1525 294 1584 sed
309 1541 348 1585 ex
361 1525 489 1584 adverso
504 1541 564 1584 non
577 1524 656 1584 valet
670 1523 898 1596 clandestinum,
914 1522 939 1582 si
952 1524 1056 1598 sponsi

52 1613 172 1672 recedant
185 1631 203 1672 a
216 1614 284 1674 loco
302 1629 363 1672 non
380 1613 518 1688 publicati
532 1612 655 1685 decreti,
671 1619 701 1672 et
722 1629 755 1672 se
777 1613 931 1673 conferant
949 1612 987 1672 ad
1000 1630 1054 1688 pa·

50 1702 173 1774 rochiam,
189 1701 219 1760 in
239 1718 298 1777 qua
316 1703 370 1762 luit
384 1702 578 1777 publicatum,
593 1701 692 1776 ibique
704 1701 927 1761 matrimonium
940 1701 1053 1775 ineant,

51 1791 112 1864 quia,
126 1798 157 1850 ut
173 1790 277 1850 dicunt
291 1790 508 1863 iurisconsulti,
523 1791 609 1849 locus
626 1789 703 1864 regit
724 1795 835 1863 actum,
850 1787 912 1849 sive
925 1795 1010 1849 actus
1023 1796 1054 1850 et

50 1884 202 1938 contractus
222 1879 309 1954 juxte
332 1879 424 1954 leges,
451 1885 481 1938 et
500 1878 734 1938 consuetudines
753 1876 812 1938 loci
830 1884 900 1937 sunt
919 1877 1050 1938 ineundi.

50 1968 134 2026 bllon
148 1967 226 2027 valet
241 1967 458 2026 clandestinum
471 1983 586 2038 eornm,
599 1966 649 2042 qui
663 1985 681 2026 a
694 1983 748 2025 sua
759 1965 901 2041 parochia
911 1965 1052 2042 publicati

49 2052 139 2116 decreti
152 2055 306 2129 recedunt,
318 2063 348 2115 ct
360 2055 431 2114 dum
445 2055 475 2113 ln
488 2057 556 2115 loco
572 2072 631 2114 non
642 2055 785 2131 publicati
794 2053 905 2114 decreti
918 2053 1052 2131 peregri-

7 2171 10 2180 ·
50 2153 144 2218 rantur,
153 2145 373 2206 matrimonium
383 2145 572 2217 contrahunt,
581 2143 651 2220 quin
661 2143 690 2204 in
700 2143 759 2202 hoc
767 2143 832 2203 loco
844 2143 948 2204 saltem
957 2143 1051 2220 quasi·

49 2231 209 2294 domicilium
223 2233 282 2293 sint
294 2232 458 2308 assequuti3
471 2233 550 2292 idem
561 2250 579 2291 a
592 2231 707 2292 fortiori
720 2231 888 2305 dicendum,
900 2232 925 2290 si
939 2249 957 2291 a
969 2230 1050 2292 dicta

49 2325 166 2392 parocbia
179 2321 371 2394 recesserint,
386 2321 476 2397 inque
497 2321 623 2380 similem
642 2323 742 2381 locum
764 2336 797 2379 se
817 2318 996 2380 contulerint
1009 2319 1049 2380 ad

51 2411 201 2471 condliares
222 2409 404 2469 matrimonii
425 2409 628 2469 solemnitates
648 2409 794 2480 vitandas,
820 2408 889 2483 quia
907 2408 998 2479 fraus,
1019 2414 1050 2468 et

50 2495 113 2558 dolus
124 2499 236 2560 nemini
248 2498 430 2574 patrocinari
444 2499 543 2571 debet,
556 2505 586 2558 et
600 2497 669 2574 quia
679 2514 746 2574 qnae
757 2498 835 2557 lacta
848 2503 918 2556 sunt
930 2496 1048 2556 infrau-

50 2584 99 2646 den
108 2589 179 2666 legis
197 2589 265 2666 ipso'
276 2590 345 2666 jure
357 2588 566 2649 rescinduntur
581 2592 632 2660 (2).

70 2741 96 2805 (l)
105 2743 158 2796 Bri.
174 2743 285 2811 deponi
300 2744 376 2797 nobis
389 2745 495 2798 Urbani
508 2743 584 2797 llllI.
596 2770 628 2780 -
640 2743 677 2810 (t)
691 2743 741 2796 Cit.
755 2740 814 2795 bul.
826 2744 854 2795 ct
869 2741 998 2794 Doctores
1011 2740 1047 2795 ad

50 2810 78 2862 tit
88 2815 115 2867 dc
127 2817 221 2869 Claud.
234 2817 363 2881 despons.

72 3003 122 3060 lll.
139 3003 194 3064 sed
209 3001 281 3078 quid
295 2999 456 3061 dicendum
469 2999 507 3061 de
520 2998 726 3072 matrimoniis,
743 3016 809 3076 quae
829 2997 860 3058 in
880 2996 969 3059 terris
982 2997 1044 3060 hae-

48 3086 180 3152 retioomm
194 3091 433 3152 contrahuntur?
448 3089 528 3150 Licet
545 3089 678 3149 baeretici
699 3089 815 3165 legibus
837 3088 1045 3150 ecclesiasticis
1079 3103 1082 3109 ’

48 3172 133 3250 ubique
150 3187 296 3241 terrarum
317 3178 448 3239 devincti
471 3179 538 3252 sint,
560 3185 594 3238 ut
603 3179 668 3253 J'am
681 3178 915 3253 observavimus,
930 3195 987 3255 pro
1000 3195 1045 3240 re·

48 3261 165 3328 minione
179 3275 279 3330 tamen
293 3266 501 3344 distinguimus
515 3267 591 3329 inter
606 3266 822 3328 clandestinum
837 3267 868 3327 in
881 3267 968 3327 terris
981 3266 1042 3326 hae·

48 3350 180 3417 reticorum
192 3377 210 3418 a
224 3356 389 3431 catholicis,
406 3363 436 3418 et
448 3357 479 3417 in
492 3357 597 3417 iisdem
609 3357 698 3416 terris
711 3357 749 3416 ab
763 3356 909 3418 haereticis
922 3361 1042 3415 contra-

49 3443 118 3500 tum.
132 3448 160 3502 ln
172 3448 269 3522 primo
284 3463 357 3508 casu
380 3454 426 3507 est
447 3448 571 3520 nullum,
596 3444 622 3506 si
644 3445 684 3506 ibi
705 3444 865 3507 Tridentini
887 3443 1041 3504 decretum

49 3522 87 3586 tuit
102 3533 284 3605 publicatum.
304 3542 339 3598 at
359 3536 554 3612 excipiendus
576 3541 622 3596 est
645 3551 734 3596 casus
755 3531 949 3606 necessitatis,
968 3529 1041 3589 utsi
